3225 4700
472 342 871 413 ITINERARIUM.
1212 350 1272 415 167

67 492 158 555 Hinc
169 492 324 576 Princeps
333 494 458 576 protulit
470 496 583 559 litteras
597 496 810 579 Imperatoriae
822 499 862 562 ad
875 518 960 561 suam
975 498 1170 563 Sanctitatem
1184 509 1273 563 testes

66 590 221 672 legitimae
239 590 444 674 ablegationis,
463 613 539 674 quas
555 595 768 656 venerabuudo
785 603 872 677 gestu
890 595 974 657 brevi
994 597 1047 658 sed
1065 596 1191 660 nervosi
1208 618 1273 659 ora-

66 686 151 747 tione
173 685 297 763 obtulit,
318 688 481 769 explicavit
502 688 573 750 dein
597 687 769 769 Imperialis
791 690 963 773 Majestatis
983 692 1108 755 filialem
1132 692 1272 755 affectum

70 802 145 866 erga
156 803 314 845 summam
326 785 440 863 sedem,
453 805 510 868 pro
522 804 582 866 qua
594 785 707 847 tuenda
720 796 751 849 et
763 788 968 853 conservanda
984 800 1088 871 parata
1101 790 1140 853 sit
1152 792 1231 851 bona
1245 798 1276 852 et

71 880 167 941 sitam
181 880 357 963 prodigere.

112 978 198 1039 Cum
219 977 368 1059 Princeps
386 998 448 1039 uua
467 1000 548 1048 cumi
559 980 648 1040 Duce
669 980 707 1041 de
728 978 860 1041 Pozzolo
878 990 909 1043 et
930 981 1129 1047 cardinalitio
1148 990 1294 1073 collegio·

71 1074 270 1149 consedisset,
286 1072 395 1134 littera
409 1072 428 1132 d
444 1071 611 1133 Secretario
627 1071 759 1133 Domino
773 1072 960 1155 Dospigliosi
975 1075 1061 1137 lectae
1074 1087 1153 1153 suut,
1167 1084 1274 1143 oratio-

71 1190 131 1251 que
144 1169 317 1232 cultissima
325 1168 364 1230 ab
373 1168 526 1250 Episcopo
536 1169 575 1231 de
584 1168 707 1231 Pedinc
719 1168 759 1228 ad
771 1168 906 1230 omnium
919 1171 1148 1236 admirationem
1158 1176 1273 1241 habita:

71 1268 121 1330 cui
133 1267 273 1329 breviter
282 1266 382 1327 dictus
396 1264 580 1327 Secretarius
593 1264 758 1346 respondit,
772 1272 911 1347 totusque
922 1278 1007 1331 actus
1019 1269 1069 1332 hic
1081 1271 1100 1331 b
1111 1271 1275 1337 Pontificio

73 1363 186 1425 Fiscali
211 1364 247 1423 iu
271 1362 431 1445 prasentia
454 1371 522 1424 octo
544 1361 755 1425 Cardiualium
781 1362 979 1427 solennizatus
1002 1374 1056 1427 est.
1108 1368 1183 1431 Post
1206 1391 1274 1451 quae

73 1462 229 1542 Princeps
240 1460 341 1522 denuo
350 1460 382 1520 in
392 1479 492 1542 genua
503 1459 634 1542 procidit
645 1458 814 1519 humillime
827 1459 1011 1525 obsecrando
1020 1471 1117 1527 utana
1126 1464 1276 1529 Sanctitas

75 1560 265 1620 Germanum
287 1556 474 1618 nobilitatem
493 1556 669 1639 dignaretur
686 1554 844 1617 admittere
863 1557 904 1618 ad
924 1559 1060 1620 osculnm
1078 1561 1174 1640 pedis,
1192 1564 1275 1643 quod

74 1654 291 1738 gratiosissime
304 1652 413 1715 anuuit
429 1652 573 1714 Pontifex
585 1653 626 1713 ad
639 1652 786 1714 stantibus
803 1652 924 1714 interim
941 1656 981 1715 ad
998 1656 1152 1719 dexteram
1166 1658 1275 1721 Ponti·

75 1752 142 1813 ficis
162 1750 313 1832 Principe
325 1751 364 1812 de
384 1749 568 1832 Eggenberg
586 1758 617 1810 et
636 1748 725 1810 Duce
745 1748 784 1810 de
801 1748 942 1824 Pozzolo,
962 1749 1015 1831 qui
1034 1763 1155 1830 peracto
1173 1758 1276 1819 osculo

75 1868 164 1909 suam
178 1848 377 1910 Sanctitatem
390 1846 429 1908 de
443 1844 563 1906 'l'hrouo
576 1844 741 1918 elevarunt,
759 1852 790 1906 et
807 1844 942 1905 comitati
961 1855 1031 1907 sunt
1048 1847 1186 1912 exhibitis
1203 1872 1275 1913 con·

77 1945 172 2006 suetis
190 1944 297 2005 officiis
315 1961 409 2022 usque
429 1942 469 2002 ad
488 1940 632 2002 conclave
653 1938 862 2013 Pontificium,
881 1940 933 2002 ubi
952 1941 1087 2022 deposito
1109 1946 1276 2026 pontificali

76 2042 187 2103 habitu
207 2039 367 2121 Principes
387 2058 458 2101 cum
477 2037 561 2098 omui
578 2036 723 2100 comitatu
741 2036 830 2118 cpulo
850 2038 978 2119 excepit.
1021 2038 1093 2102 Tres
1113 2062 1223 2106 mensae
1243 2046 1274 2106 in

78 2136 240 2219 pontificia
250 2136 317 2197 aula
330 2144 429 2197 stratae
442 2144 538 2206 eraut,
550 2154 612 2195 una
624 2154 677 2216 pro
692 2133 853 2195 Germanis
868 2134 1020 2212 Praelatis,
1035 2136 1129 2200 altera
1141 2160 1197 2220 pro
1212 2140 1275 2204 No-

78 2235 191 2297 bilibus
204 2233 347 2315 Ephebis,
362 2232 450 2294 tertia
462 2251 518 2313 pro
529 2230 675 2291 ministris
687 2249 810 2291 meuse.

117 2332 201 2394 Alie
213 2330 337 2411 iusuper
349 2348 461 2391 mense
474 2328 604 2410 gemine
617 2327 769 2389 adornata
782 2334 878 2402 crant,
892 2328 932 2388 ad
946 2347 1073 2408 quarum
1087 2330 1210 2395 alteram
1223 2355 1276 2397 sua

80 2431 231 2492 Sanctitas
249 2427 314 2489 sola
332 2427 537 2501 accumbebat,
556 2434 586 2487 et
601 2423 691 2505 paulo
703 2424 828 2486 inferius
842 2424 873 2483 in
892 2423 985 2486 altera
999 2426 1147 2509 Princeps
1159 2429 1276 2514 legatus

80 2547 147 2588 cum
161 2525 256 2586 Duce
269 2524 308 2585 de
322 2522 461 2586 Pomolo.
503 2523 691 2584 Durautibus
710 2521 807 2603 apulis
826 2521 1001 2583 saurbsima
1017 2524 1194 2586 audiebatur
1210 2548 1276 2590 mu-

80 2625 149 2695 sica,
163 2641 281 2702 suaque
296 2620 447 2683 Sanctitas
459 2618 566 2680 festivo
577 2619 769 2700 humanoque
786 2618 874 2680 vultu
891 2619 1037 2682 tractabat
1054 2620 1187 2704 legatum
1207 2626 1276 2686 sub-

81 2721 231 2782 mittendo
244 2719 283 2780 de
295 2737 399 2778 mensa
411 2736 466 2777 sua
478 2715 628 2796 quidquid
641 2715 836 2778 artificiosum
851 2724 880 2777 ct
894 2715 1084 2797 splendidum
1094 2728 1167 2780 crat.
1199 2720 1277 2783 Sub-

80 2819 145 2879 latis
160 2816 278 2878 mensis
295 2814 407 2876 accivit
424 2833 478 2875 sua
496 2811 647 2874 Sanctitas
665 2813 841 2896 Principem
859 2815 899 2875 ad
920 2813 1104 2894 colloquium
1120 2813 1276 2890 familiare,

82 2935 137 2995 quo
149 2920 274 2996 peracto
287 2931 318 2972 se
331 2931 363 2972 se
376 2909 480 2972 retulit
491 2909 524 2970 in
538 2909 680 2971 conclave
695 2930 783 2971 suum
799 2910 952 2972 secretius.
995 2909 1101 2991 Legati
1116 2930 1187 2972 vero
1205 2931 1276 2972 cum

82 3009 256 3070 omnimoda
268 3006 467 3070 saussactione
480 3006 604 3068 domum
618 3006 744 3068 rediere.
776 3005 984 3088 Princepsque
997 3013 1070 3068 bruc
1084 3005 1164 3088 oepit
1176 3008 1277 3088 paula-

83 3108 135 3167 tim
148 3105 293 3168 ordinare
310 3101 497 3185 negotiorum
514 3101 746 3183 expeditionem,
760 3121 796 3163 ac
811 3101 932 3164 visitare
945 3101 1122 3166 Gardiuales
1135 3103 1277 3185 obsequia

83 3204 150 3285 ipsis
162 3223 222 3266 sua
233 3198 446 3264 officiosissima
458 3197 627 3261 deferendo.
