<?xml version="1.0" encoding="UTF-8"?>
<!DOCTYPE html PUBLIC "-//W3C//DTD XHTML 1.0 Transitional//EN"
    "http://www.w3.org/TR/xhtml1/DTD/xhtml1-transitional.dtd">
<html xmlns="http://www.w3.org/1999/xhtml" xml:lang="en" lang="en">
 <head>
  <title>
</title>
<meta http-equiv="Content-Type" content="text/html;charset=utf-8" />
  <meta name='ocr-system' content='tesseract 3.04.00' />
  <meta name='ocr-capabilities' content='ocr_page ocr_carea ocr_par ocr_line ocrx_word'/>
</head>
<body>
  <div class='ocr_page' id='page_1' title='image "./itinerariumthom00kerngoog_0727.png"; bbox 0 0 3225 4700; ppageno 0'>
   <div class='ocr_carea' id='block_1_1' title="bbox 509 321 1303 390">
    <p class='ocr_par' dir='ltr' id='par_1_1' title="bbox 509 321 1303 390">
     <span class='ocr_line' id='line_1_1' title="bbox 509 321 1303 390; baseline -0.004 -1"><span class='ocrx_word' id='word_1_1' title='bbox 509 321 914 390; x_wconf 80' lang='lat' dir='ltr'><strong><em>ITINERARIUM.</em></strong></span> <span class='ocrx_word' id='word_1_2' title='bbox 1240 321 1303 386; x_wconf 85' lang='grc'><strong>413</strong></span> 
     </span>
    </p>
   </div>
   <div class='ocr_carea' id='block_1_2' title="bbox 23 470 1305 3735">
    <p class='ocr_par' dir='ltr' id='par_1_2' title="bbox 105 470 1305 1718">
     <span class='ocr_line' id='line_1_2' title="bbox 107 470 1305 552; baseline 0.001 -20"><span class='ocrx_word' id='word_1_3' title='bbox 107 471 211 543; x_wconf 83' lang='lat' dir='ltr'>Quem</span> <span class='ocrx_word' id='word_1_4' title='bbox 232 472 264 532; x_wconf 92' lang='lat' dir='ltr'><strong>iu</strong></span> <span class='ocrx_word' id='word_1_5' title='bbox 287 472 381 532; x_wconf 87' lang='lat' dir='ltr'><strong>finem</strong></span> <span class='ocrx_word' id='word_1_6' title='bbox 400 482 503 533; x_wconf 86' lang='lat' dir='ltr'><strong>secuta</strong></span> <span class='ocrx_word' id='word_1_7' title='bbox 522 472 665 533; x_wconf 91' lang='lat' dir='ltr'><strong>conclusa</strong></span> <span class='ocrx_word' id='word_1_8' title='bbox 685 492 765 533; x_wconf 90' lang='lat' dir='ltr'><strong>auno</strong></span> <span class='ocrx_word' id='word_1_9' title='bbox 787 470 949 532; x_wconf 87' lang='lat' dir='ltr'><strong>millesimo</strong></span> <span class='ocrx_word' id='word_1_10' title='bbox 970 471 1185 532; x_wconf 85' lang='lat' dir='ltr'><strong>sexcentesimo</strong></span> <span class='ocrx_word' id='word_1_11' title='bbox 1208 473 1305 552; x_wconf 87' lang='lat' dir='ltr'><strong>quad·</strong></span> 
     </span>
     <span class='ocr_line' id='line_1_3' title="bbox 106 567 1303 651; baseline 0.003 -23"><span class='ocrx_word' id='word_1_12' title='bbox 106 567 261 651; x_wconf 81' lang='lat' dir='ltr'><strong>ragesimo</strong></span> <span class='ocrx_word' id='word_1_13' title='bbox 286 569 385 649; x_wconf 91' lang='lat' dir='ltr'><strong>primo</strong></span> <span class='ocrx_word' id='word_1_14' title='bbox 411 571 450 628; x_wconf 77' lang='lat'><strong>25</strong></span> <span class='ocrx_word' id='word_1_15' title='bbox 482 568 660 630; x_wconf 81' lang='lat' dir='ltr'><strong>Decembris</strong></span> <span class='ocrx_word' id='word_1_16' title='bbox 690 569 769 629; x_wconf 88' lang='lat' dir='ltr'><strong>inter</strong></span> <span class='ocrx_word' id='word_1_17' title='bbox 794 567 971 630; x_wconf 85' lang='lat' dir='ltr'><strong>Conradum</strong></span> <span class='ocrx_word' id='word_1_18' title='bbox 998 568 1036 629; x_wconf 91' lang='lat' dir='ltr'><strong>de</strong></span> <span class='ocrx_word' id='word_1_19' title='bbox 1064 567 1185 630; x_wconf 84' lang='lat' dir='ltr'><strong>Lutzaw</strong></span> <span class='ocrx_word' id='word_1_20' title='bbox 1210 590 1303 632; x_wconf 82' lang='lat' dir='ltr'><strong>sacrae</strong></span> 
     </span>
     <span class='ocr_line' id='line_1_4' title="bbox 106 663 1303 748; baseline 0.002 -23"><span class='ocrx_word' id='word_1_21' title='bbox 106 664 258 726; x_wconf 78' lang='lat' dir='ltr'><strong>Caesareae</strong></span> <span class='ocrx_word' id='word_1_22' title='bbox 273 665 442 748; x_wconf 81' lang='lat' dir='ltr'><strong>Majestatis</strong></span> <span class='ocrx_word' id='word_1_23' title='bbox 449 675 480 726; x_wconf 91' lang='lat' dir='ltr'><strong>et</strong></span> <span class='ocrx_word' id='word_1_24' title='bbox 491 663 660 726; x_wconf 84' lang='lat' dir='ltr'><strong>Galliarum</strong></span> <span class='ocrx_word' id='word_1_25' title='bbox 671 665 895 745; x_wconf 88' lang='lat' dir='ltr'><strong>Suecorumque</strong></span> <span class='ocrx_word' id='word_1_26' title='bbox 905 665 1073 747; x_wconf 88' lang='lat' dir='ltr'><strong>deputatos,</strong></span> <span class='ocrx_word' id='word_1_27' title='bbox 1084 669 1123 724; x_wconf 77' lang='lat'><strong>22</strong></span> <span class='ocrx_word' id='word_1_28' title='bbox 1131 664 1154 726; x_wconf 88' lang='lat' dir='ltr'><strong>J</strong></span> <span class='ocrx_word' id='word_1_29' title='bbox 1157 665 1210 727; x_wconf 88' lang='lat' dir='ltr'><strong>ulii</strong></span> <span class='ocrx_word' id='word_1_30' title='bbox 1223 686 1303 728; x_wconf 89' lang='lat' dir='ltr'><strong>anno</strong></span> 
     </span>
     <span class='ocr_line' id='line_1_5' title="bbox 108 759 1303 844; baseline 0.001 -23"><span class='ocrx_word' id='word_1_31' title='bbox 108 761 348 824; x_wconf 71' lang='lat' dir='ltr'><strong>mmcxan.</strong></span> <span class='ocrx_word' id='word_1_32' title='bbox 363 783 401 824; x_wconf 85' lang='lat' dir='ltr'><strong>ex</strong></span> <span class='ocrx_word' id='word_1_33' title='bbox 414 783 470 824; x_wconf 88' lang='lat' dir='ltr'><strong>sua</strong></span> <span class='ocrx_word' id='word_1_34' title='bbox 488 771 570 843; x_wconf 85' lang='lat' dir='ltr'><strong>parte</strong></span> <span class='ocrx_word' id='word_1_35' title='bbox 583 761 794 822; x_wconf 85' lang='lat' dir='ltr'><strong>confirmavit:</strong></span> <span class='ocrx_word' id='word_1_36' title='bbox 817 759 859 822; x_wconf 86' lang='lat' dir='ltr'><strong>ita</strong></span> <span class='ocrx_word' id='word_1_37' title='bbox 871 761 960 822; x_wconf 86' lang='lat' dir='ltr'><strong>etiarn</strong></span> <span class='ocrx_word' id='word_1_38' title='bbox 976 763 1130 824; x_wconf 75' lang='lat' dir='ltr'><strong>accuravit</strong></span> <span class='ocrx_word' id='word_1_39' title='bbox 1142 773 1177 823; x_wconf 91' lang='lat' dir='ltr'><strong>ut</strong></span> <span class='ocrx_word' id='word_1_40' title='bbox 1191 762 1303 844; x_wconf 89' lang='lat' dir='ltr'><strong>Hispa·</strong></span> 
     </span>
     <span class='ocr_line' id='line_1_6' title="bbox 105 857 1304 943; baseline 0.003 -24"><span class='ocrx_word' id='word_1_41' title='bbox 105 858 230 920; x_wconf 88' lang='lat' dir='ltr'><strong>uiarum</strong></span> <span class='ocrx_word' id='word_1_42' title='bbox 245 859 340 942; x_wconf 77' lang='lat' dir='ltr'><strong>Regis</strong></span> <span class='ocrx_word' id='word_1_43' title='bbox 354 859 511 932; x_wconf 79' lang='lat' dir='ltr'><strong>retificem,</strong></span> <span class='ocrx_word' id='word_1_44' title='bbox 531 858 753 939; x_wconf 71' lang='lat' dir='ltr'>quamprimum</span> <span class='ocrx_word' id='word_1_45' title='bbox 767 857 834 918; x_wconf 84' lang='lat' dir='ltr'><strong>fieri</strong></span> <span class='ocrx_word' id='word_1_46' title='bbox 847 867 945 939; x_wconf 89' lang='lat' dir='ltr'><strong>posset</strong></span> <span class='ocrx_word' id='word_1_47' title='bbox 962 860 1145 921; x_wconf 81' lang='lat' dir='ltr'><strong>obtineretur</strong></span> <span class='ocrx_word' id='word_1_48' title='bbox 1158 881 1225 942; x_wconf 74' lang='lat' dir='ltr'><strong>quae</strong></span> <span class='ocrx_word' id='word_1_49' title='bbox 1239 860 1304 943; x_wconf 87' lang='lat' dir='ltr'><strong>ipsa</strong></span> 
     </span>
     <span class='ocr_line' id='line_1_7' title="bbox 106 954 1305 1040; baseline 0 -22"><span class='ocrx_word' id='word_1_50' title='bbox 106 979 171 1019; x_wconf 90' lang='lat' dir='ltr'><strong>non</strong></span> <span class='ocrx_word' id='word_1_51' title='bbox 185 967 300 1020; x_wconf 89' lang='lat' dir='ltr'><strong>tantum</strong></span> <span class='ocrx_word' id='word_1_52' title='bbox 315 958 347 1019; x_wconf 92' lang='lat' dir='ltr'><strong>in</strong></span> <span class='ocrx_word' id='word_1_53' title='bbox 360 958 459 1040; x_wconf 90' lang='lat' dir='ltr'><strong>specie</strong></span> <span class='ocrx_word' id='word_1_54' title='bbox 472 957 564 1018; x_wconf 86' lang='lat' dir='ltr'><strong>allata</strong></span> <span class='ocrx_word' id='word_1_55' title='bbox 576 966 622 1017; x_wconf 89' lang='lat' dir='ltr'><strong>est</strong></span> <span class='ocrx_word' id='word_1_56' title='bbox 638 956 691 1017; x_wconf 88' lang='lat' dir='ltr'><strong>sed</strong></span> <span class='ocrx_word' id='word_1_57' title='bbox 708 955 768 1016; x_wconf 89' lang='lat' dir='ltr'><strong>alia</strong></span> <span class='ocrx_word' id='word_1_58' title='bbox 783 954 904 1038; x_wconf 79' lang='lat' dir='ltr'><strong>insuper</strong></span> <span class='ocrx_word' id='word_1_59' title='bbox 914 955 1129 1037; x_wconf 80' lang='lat' dir='ltr'><strong>plenipotentia</strong></span> <span class='ocrx_word' id='word_1_60' title='bbox 1146 958 1231 1038; x_wconf 89' lang='lat' dir='ltr'><strong>cujus</strong></span> <span class='ocrx_word' id='word_1_61' title='bbox 1244 959 1305 1020; x_wconf 85' lang='lat' dir='ltr'><strong>vir·</strong></span> 
     </span>
     <span class='ocr_line' id='line_1_8' title="bbox 106 1052 1303 1136; baseline -0.001 -20"><span class='ocrx_word' id='word_1_62' title='bbox 106 1065 175 1117; x_wconf 88' lang='lat' dir='ltr'><strong>tnta</strong></span> <span class='ocrx_word' id='word_1_63' title='bbox 186 1055 211 1115; x_wconf 87' lang='lat' dir='ltr'><strong>si</strong></span> <span class='ocrx_word' id='word_1_64' title='bbox 225 1075 293 1136; x_wconf 83' lang='lat' dir='ltr'><strong>quae</strong></span> <span class='ocrx_word' id='word_1_65' title='bbox 307 1055 501 1136; x_wconf 77' lang='lat' dir='ltr'><strong>imposterum</strong></span> <span class='ocrx_word' id='word_1_66' title='bbox 514 1053 705 1115; x_wconf 87' lang='lat' dir='ltr'><strong>difficultates</strong></span> <span class='ocrx_word' id='word_1_67' title='bbox 721 1053 752 1112; x_wconf 91' lang='lat' dir='ltr'><strong>in</strong></span> <span class='ocrx_word' id='word_1_68' title='bbox 772 1063 887 1134; x_wconf 90' lang='lat' dir='ltr'><strong>puncto</strong></span> <span class='ocrx_word' id='word_1_69' title='bbox 905 1052 1151 1134; x_wconf 71' lang='lat' dir='ltr'><strong>praeliminarinm</strong></span> <span class='ocrx_word' id='word_1_70' title='bbox 1166 1073 1303 1115; x_wconf 92' lang='lat' dir='ltr'><strong>occurre-</strong></span> 
     </span>
     <span class='ocr_line' id='line_1_9' title="bbox 107 1148 1303 1233; baseline -0.001 -21"><span class='ocrx_word' id='word_1_71' title='bbox 107 1160 178 1212; x_wconf 87' lang='lat' dir='ltr'><strong>rent</strong></span> <span class='ocrx_word' id='word_1_72' title='bbox 186 1151 250 1213; x_wconf 86' lang='lat' dir='ltr'><strong>sine</strong></span> <span class='ocrx_word' id='word_1_73' title='bbox 259 1173 381 1213; x_wconf 91' lang='lat' dir='ltr'><strong>recursu</strong></span> <span class='ocrx_word' id='word_1_74' title='bbox 392 1151 432 1212; x_wconf 89' lang='lat' dir='ltr'><strong>ad</strong></span> <span class='ocrx_word' id='word_1_75' title='bbox 444 1151 560 1233; x_wconf 81' lang='lat' dir='ltr'><strong>Regem</strong></span> <span class='ocrx_word' id='word_1_76' title='bbox 570 1148 762 1210; x_wconf 83' lang='lat' dir='ltr'><strong>Catholicum</strong></span> <span class='ocrx_word' id='word_1_77' title='bbox 772 1149 907 1210; x_wconf 76' lang='lat' dir='ltr'><strong>absolute</strong></span> <span class='ocrx_word' id='word_1_78' title='bbox 917 1150 1036 1211; x_wconf 87' lang='lat' dir='ltr'><strong>tractari</strong></span> <span class='ocrx_word' id='word_1_79' title='bbox 1046 1161 1153 1229; x_wconf 85' lang='lat' dir='ltr'><strong>posset,</strong></span> <span class='ocrx_word' id='word_1_80' title='bbox 1165 1151 1303 1212; x_wconf 76' lang='lat' dir='ltr'><strong>unacum</strong></span> 
     </span>
     <span class='ocr_line' id='line_1_10' title="bbox 107 1245 1304 1331; baseline -0.001 -22"><span class='ocrx_word' id='word_1_81' title='bbox 107 1248 201 1310; x_wconf 82' lang='lat' dir='ltr'><strong>salvis</strong></span> <span class='ocrx_word' id='word_1_82' title='bbox 213 1250 349 1329; x_wconf 87' lang='lat' dir='ltr'><strong>passibus</strong></span> <span class='ocrx_word' id='word_1_83' title='bbox 362 1269 415 1310; x_wconf 92' lang='lat' dir='ltr'><strong>seu</strong></span> <span class='ocrx_word' id='word_1_84' title='bbox 428 1246 608 1331; x_wconf 86' lang='lat' dir='ltr'><strong>passaportis</strong></span> <span class='ocrx_word' id='word_1_85' title='bbox 623 1247 664 1307; x_wconf 86' lang='lat' dir='ltr'><strong>sd</strong></span> <span class='ocrx_word' id='word_1_86' title='bbox 677 1245 832 1307; x_wconf 72' lang='lat' dir='ltr'><strong>Caesareos</strong></span> <span class='ocrx_word' id='word_1_87' title='bbox 848 1247 962 1328; x_wconf 84' lang='lat' dir='ltr'><strong>legatos</strong></span> <span class='ocrx_word' id='word_1_88' title='bbox 982 1245 1193 1329; x_wconf 85' lang='lat' dir='ltr'><strong>Hamburgum</strong></span> <span class='ocrx_word' id='word_1_89' title='bbox 1208 1257 1304 1308; x_wconf 87' lang='lat' dir='ltr'><strong>trans-</strong></span> 
     </span>
     <span class='ocr_line' id='line_1_11' title="bbox 108 1343 1303 1428; baseline 0.001 -23"><span class='ocrx_word' id='word_1_90' title='bbox 108 1345 201 1407; x_wconf 91' lang='lat' dir='ltr'><strong>missa</strong></span> <span class='ocrx_word' id='word_1_91' title='bbox 213 1355 267 1408; x_wconf 89' lang='lat' dir='ltr'><strong>est.</strong></span> <span class='ocrx_word' id='word_1_92' title='bbox 304 1346 350 1407; x_wconf 89' lang='lat' dir='ltr'><strong>Ea</strong></span> <span class='ocrx_word' id='word_1_93' title='bbox 360 1356 482 1428; x_wconf 91' lang='lat' dir='ltr'><strong>propter</strong></span> <span class='ocrx_word' id='word_1_94' title='bbox 493 1345 518 1406; x_wconf 88' lang='lat' dir='ltr'><strong>si</strong></span> <span class='ocrx_word' id='word_1_95' title='bbox 533 1345 691 1405; x_wconf 88' lang='lat' dir='ltr'><strong>doctorum</strong></span> <span class='ocrx_word' id='word_1_96' title='bbox 706 1357 907 1405; x_wconf 83' lang='lat' dir='ltr'><strong>conventuum</strong></span> <span class='ocrx_word' id='word_1_97' title='bbox 921 1343 1133 1406; x_wconf 87' lang='lat' dir='ltr'><strong>universalium</strong></span> <span class='ocrx_word' id='word_1_98' title='bbox 1150 1343 1303 1406; x_wconf 87' lang='lat' dir='ltr'><strong>Monaste-</strong></span> 
     </span>
     <span class='ocr_line' id='line_1_12' title="bbox 107 1439 1302 1523; baseline 0 -20"><span class='ocrx_word' id='word_1_99' title='bbox 107 1443 216 1504; x_wconf 89' lang='lat' dir='ltr'><strong>ricnsis</strong></span> <span class='ocrx_word' id='word_1_100' title='bbox 238 1443 381 1505; x_wconf 85' lang='lat' dir='ltr'><strong>videlicet</strong></span> <span class='ocrx_word' id='word_1_101' title='bbox 403 1453 434 1504; x_wconf 91' lang='lat' dir='ltr'><strong>et</strong></span> <span class='ocrx_word' id='word_1_102' title='bbox 457 1442 698 1523; x_wconf 85' lang='lat' dir='ltr'><strong>Osnabrugensis</strong></span> <span class='ocrx_word' id='word_1_103' title='bbox 719 1439 839 1502; x_wconf 91' lang='lat' dir='ltr'><strong>initium</strong></span> <span class='ocrx_word' id='word_1_104' title='bbox 863 1441 997 1502; x_wconf 90' lang='lat' dir='ltr'><strong>dandum</strong></span> <span class='ocrx_word' id='word_1_105' title='bbox 1018 1452 1105 1512; x_wconf 87' lang='lat' dir='ltr'><strong>esset,</strong></span> <span class='ocrx_word' id='word_1_106' title='bbox 1130 1441 1302 1504; x_wconf 68' lang='lat' dir='ltr'><strong>hauddubie</strong></span> 
     </span>
     <span class='ocr_line' id='line_1_13' title="bbox 107 1538 1302 1622; baseline 0.001 -23"><span class='ocrx_word' id='word_1_107' title='bbox 107 1540 199 1601; x_wconf 83' lang='lat' dir='ltr'><strong>valde</strong></span> <span class='ocrx_word' id='word_1_108' title='bbox 212 1540 351 1622; x_wconf 88' lang='lat' dir='ltr'><strong>expediet</strong></span> <span class='ocrx_word' id='word_1_109' title='bbox 363 1561 418 1622; x_wconf 90' lang='lat' dir='ltr'><strong>pro</strong></span> <span class='ocrx_word' id='word_1_110' title='bbox 430 1538 700 1601; x_wconf 82' lang='lat' dir='ltr'><strong>communicatione</strong></span> <span class='ocrx_word' id='word_1_111' title='bbox 713 1538 780 1599; x_wconf 87' lang='lat' dir='ltr'><strong>istic</strong></span> <span class='ocrx_word' id='word_1_112' title='bbox 793 1548 929 1599; x_wconf 88' lang='lat' dir='ltr'><strong>actorum</strong></span> <span class='ocrx_word' id='word_1_113' title='bbox 945 1557 1013 1600; x_wconf 88' lang='lat' dir='ltr'><strong>cnm</strong></span> <span class='ocrx_word' id='word_1_114' title='bbox 1030 1538 1128 1599; x_wconf 90' lang='lat' dir='ltr'><strong>Gallis</strong></span> <span class='ocrx_word' id='word_1_115' title='bbox 1144 1551 1175 1600; x_wconf 89' lang='lat' dir='ltr'><strong>et</strong></span> <span class='ocrx_word' id='word_1_116' title='bbox 1188 1539 1302 1613; x_wconf 82' lang='lat' dir='ltr'><strong>Succis,</strong></span> 
     </span>
     <span class='ocr_line' id='line_1_14' title="bbox 107 1633 1055 1718; baseline -0.002 -22"><span class='ocrx_word' id='word_1_117' title='bbox 107 1637 280 1718; x_wconf 88' lang='lat' dir='ltr'><strong>principum</strong></span> <span class='ocrx_word' id='word_1_118' title='bbox 295 1649 325 1698; x_wconf 89' lang='lat' dir='ltr'><strong>et</strong></span> <span class='ocrx_word' id='word_1_119' title='bbox 337 1646 467 1698; x_wconf 87' lang='lat' dir='ltr'><strong>statuum</strong></span> <span class='ocrx_word' id='word_1_120' title='bbox 481 1635 593 1718; x_wconf 85' lang='lat' dir='ltr'><strong>legatos</strong></span> <span class='ocrx_word' id='word_1_121' title='bbox 607 1635 697 1695; x_wconf 91' lang='lat' dir='ltr'><strong>simul</strong></span> <span class='ocrx_word' id='word_1_122' title='bbox 711 1633 760 1695; x_wconf 88' lang='lat' dir='ltr'><strong>hlc</strong></span> <span class='ocrx_word' id='word_1_123' title='bbox 772 1655 835 1695; x_wconf 90' lang='lat' dir='ltr'><strong>esse</strong></span> <span class='ocrx_word' id='word_1_124' title='bbox 849 1642 1055 1716; x_wconf 84' lang='lat' dir='ltr'><strong>congregatos.</strong></span> 
     </span>
    </p>

    <p class='ocr_par' dir='ltr' id='par_1_3' title="bbox 106 1731 1302 2181">
     <span class='ocr_line' id='line_1_15' title="bbox 152 1731 1302 1816; baseline 0 -21"><span class='ocrx_word' id='word_1_125' title='bbox 152 1733 230 1795; x_wconf 82' lang='lat' dir='ltr'><strong>Hoec</strong></span> <span class='ocrx_word' id='word_1_126' title='bbox 243 1734 344 1795; x_wconf 90' lang='lat' dir='ltr'><strong>omnia</strong></span> <span class='ocrx_word' id='word_1_127' title='bbox 362 1734 561 1816; x_wconf 89' lang='lat' dir='ltr'><strong>propositione</strong></span> <span class='ocrx_word' id='word_1_128' title='bbox 576 1731 670 1793; x_wconf 88' lang='lat' dir='ltr'><strong>isthac</strong></span> <span class='ocrx_word' id='word_1_129' title='bbox 689 1731 802 1806; x_wconf 75' lang='lat' dir='ltr'><strong>nostri,</strong></span> <span class='ocrx_word' id='word_1_130' title='bbox 822 1731 984 1792; x_wconf 88' lang='lat' dir='ltr'><strong>electorum</strong></span> <span class='ocrx_word' id='word_1_131' title='bbox 998 1731 1180 1815; x_wconf 87' lang='lat' dir='ltr'><strong>principum,</strong></span> <span class='ocrx_word' id='word_1_132' title='bbox 1194 1753 1229 1794; x_wconf 90' lang='lat' dir='ltr'><strong>ac</strong></span> <span class='ocrx_word' id='word_1_133' title='bbox 1243 1744 1302 1795; x_wconf 88' lang='lat' dir='ltr'><strong>sta-</strong></span> 
     </span>
     <span class='ocr_line' id='line_1_16' title="bbox 106 1827 1301 1912; baseline 0.001 -22"><span class='ocrx_word' id='word_1_134' title='bbox 106 1839 195 1891; x_wconf 88' lang='lat' dir='ltr'><strong>tuum</strong></span> <span class='ocrx_word' id='word_1_135' title='bbox 208 1829 314 1912; x_wconf 84' lang='lat' dir='ltr'><strong>legatis</strong></span> <span class='ocrx_word' id='word_1_136' title='bbox 325 1842 355 1892; x_wconf 89' lang='lat' dir='ltr'><strong>et</strong></span> <span class='ocrx_word' id='word_1_137' title='bbox 369 1830 554 1902; x_wconf 86' lang='lat' dir='ltr'><strong>consiliariis,</strong></span> <span class='ocrx_word' id='word_1_138' title='bbox 572 1829 615 1889; x_wconf 90' lang='lat' dir='ltr'><strong>uti</strong></span> <span class='ocrx_word' id='word_1_139' title='bbox 628 1828 835 1898; x_wconf 85' lang='lat' dir='ltr'><strong>conveniebat,</strong></span> <span class='ocrx_word' id='word_1_140' title='bbox 846 1827 1027 1909; x_wconf 84' lang='lat' dir='ltr'><strong>significare,</strong></span> <span class='ocrx_word' id='word_1_141' title='bbox 1039 1849 1152 1910; x_wconf 89' lang='lat' dir='ltr'><strong>nosque</strong></span> <span class='ocrx_word' id='word_1_142' title='bbox 1166 1830 1301 1891; x_wconf 90' lang='lat' dir='ltr'><strong>omnium</strong></span> 
     </span>
     <span class='ocr_line' id='line_1_17' title="bbox 106 1924 1301 2008; baseline 0.001 -21"><span class='ocrx_word' id='word_1_143' title='bbox 106 1927 186 1987; x_wconf 87' lang='lat' dir='ltr'><strong>sacri</strong></span> <span class='ocrx_word' id='word_1_144' title='bbox 207 1927 338 1988; x_wconf 88' lang='lat' dir='ltr'><strong>Romani</strong></span> <span class='ocrx_word' id='word_1_145' title='bbox 362 1927 487 2008; x_wconf 91' lang='lat' dir='ltr'><strong>Imperii</strong></span> <span class='ocrx_word' id='word_1_146' title='bbox 507 1926 679 2000; x_wconf 87' lang='lat' dir='ltr'><strong>electorum,</strong></span> <span class='ocrx_word' id='word_1_147' title='bbox 697 1924 869 2006; x_wconf 86' lang='lat' dir='ltr'><strong>principum</strong></span> <span class='ocrx_word' id='word_1_148' title='bbox 889 1924 994 2005; x_wconf 81' lang='lat' dir='ltr'><strong>gratiae</strong></span> <span class='ocrx_word' id='word_1_149' title='bbox 1014 1925 1234 2001; x_wconf 88' lang='lat' dir='ltr'><strong>commendare,</strong></span> <span class='ocrx_word' id='word_1_150' title='bbox 1251 1948 1301 1988; x_wconf 87' lang='lat' dir='ltr'><strong>eo·</strong></span> 
     </span>
     <span class='ocr_line' id='line_1_18' title="bbox 106 2021 1301 2104; baseline 0.001 -20"><span class='ocrx_word' id='word_1_151' title='bbox 106 2023 236 2084; x_wconf 88' lang='lat' dir='ltr'><strong>rundcm</strong></span> <span class='ocrx_word' id='word_1_152' title='bbox 251 2024 322 2084; x_wconf 78' lang='lat' dir='ltr'><strong>uero</strong></span> <span class='ocrx_word' id='word_1_153' title='bbox 335 2023 476 2099; x_wconf 90' lang='lat' dir='ltr'><strong>dominis,</strong></span> <span class='ocrx_word' id='word_1_154' title='bbox 490 2021 597 2104; x_wconf 87' lang='lat' dir='ltr'><strong>legatis</strong></span> <span class='ocrx_word' id='word_1_155' title='bbox 610 2021 742 2083; x_wconf 87' lang='lat' dir='ltr'><strong>officiosa</strong></span> <span class='ocrx_word' id='word_1_156' title='bbox 756 2032 859 2082; x_wconf 86' lang='lat' dir='ltr'><strong>nostra</strong></span> <span class='ocrx_word' id='word_1_157' title='bbox 871 2022 1014 2103; x_wconf 87' lang='lat' dir='ltr'><strong>obsequio</strong></span> <span class='ocrx_word' id='word_1_158' title='bbox 1026 2022 1058 2083; x_wconf 91' lang='lat' dir='ltr'><strong>iu</strong></span> <span class='ocrx_word' id='word_1_159' title='bbox 1077 2021 1191 2104; x_wconf 71' lang='lat' dir='ltr'><strong>optimi</strong></span> <span class='ocrx_word' id='word_1_160' title='bbox 1204 2023 1301 2086; x_wconf 76' lang='lat' dir='ltr'><strong>forma</strong></span> 
     </span>
     <span class='ocr_line' id='line_1_19' title="bbox 109 2119 397 2181; baseline 0 -1"><span class='ocrx_word' id='word_1_161' title='bbox 109 2119 224 2181; x_wconf 81' lang='lat' dir='ltr'><strong>deferre</strong></span> <span class='ocrx_word' id='word_1_162' title='bbox 239 2120 397 2181; x_wconf 89' lang='lat' dir='ltr'><strong>voluimus.</strong></span> 
     </span>
    </p>

    <p class='ocr_par' dir='ltr' id='par_1_4' title="bbox 107 2215 1300 2397">
     <span class='ocr_line' id='line_1_20' title="bbox 151 2215 1300 2298; baseline 0.003 -22"><span class='ocrx_word' id='word_1_163' title='bbox 151 2215 228 2278; x_wconf 78' lang='lat' dir='ltr'><strong>Hac</strong></span> <span class='ocrx_word' id='word_1_164' title='bbox 241 2217 303 2278; x_wconf 85' lang='lat' dir='ltr'><strong>fere</strong></span> <span class='ocrx_word' id='word_1_165' title='bbox 316 2215 438 2278; x_wconf 82' lang='lat' dir='ltr'><strong>fuerunt</strong></span> <span class='ocrx_word' id='word_1_166' title='bbox 451 2235 520 2296; x_wconf 81' lang='lat' dir='ltr'><strong>quoe</strong></span> <span class='ocrx_word' id='word_1_167' title='bbox 533 2216 572 2277; x_wconf 91' lang='lat' dir='ltr'><strong>sd</strong></span> <span class='ocrx_word' id='word_1_168' title='bbox 585 2216 752 2298; x_wconf 85' lang='lat' dir='ltr'><strong>ingressum</strong></span> <span class='ocrx_word' id='word_1_169' title='bbox 772 2215 862 2298; x_wconf 87' lang='lat' dir='ltr'><strong>hujus</strong></span> <span class='ocrx_word' id='word_1_170' title='bbox 882 2226 1047 2278; x_wconf 85' lang='lat' dir='ltr'><strong>conventus</strong></span> <span class='ocrx_word' id='word_1_171' title='bbox 1065 2217 1224 2298; x_wconf 73' lang='lat' dir='ltr'><strong>proposita</strong></span> <span class='ocrx_word' id='word_1_172' title='bbox 1237 2218 1300 2279; x_wconf 85' lang='lat' dir='ltr'><strong>sue-</strong></span> 
     </span>
     <span class='ocr_line' id='line_1_21' title="bbox 107 2311 1181 2397; baseline 0 -22"><span class='ocrx_word' id='word_1_173' title='bbox 107 2323 190 2385; x_wconf 90' lang='lat' dir='ltr'><strong>runt,</strong></span> <span class='ocrx_word' id='word_1_174' title='bbox 204 2323 235 2375; x_wconf 89' lang='lat' dir='ltr'><strong>et</strong></span> <span class='ocrx_word' id='word_1_175' title='bbox 247 2313 491 2397; x_wconf 87' lang='lat' dir='ltr'><strong>gravissimarum</strong></span> <span class='ocrx_word' id='word_1_176' title='bbox 504 2333 604 2375; x_wconf 88' lang='lat' dir='ltr'><strong>rernm</strong></span> <span class='ocrx_word' id='word_1_177' title='bbox 618 2311 850 2374; x_wconf 76' lang='lat' dir='ltr'><strong>consultationes</strong></span> <span class='ocrx_word' id='word_1_178' title='bbox 863 2312 977 2374; x_wconf 90' lang='lat' dir='ltr'><strong>aditum</strong></span> <span class='ocrx_word' id='word_1_179' title='bbox 991 2323 1181 2395; x_wconf 88' lang='lat' dir='ltr'><strong>aperuerunt.</strong></span> 
     </span>
    </p>

    <p class='ocr_par' dir='ltr' id='par_1_5' title="bbox 107 2409 1301 2589">
     <span class='ocr_line' id='line_1_22' title="bbox 150 2409 1301 2493; baseline 0.001 -20"><span class='ocrx_word' id='word_1_180' title='bbox 150 2410 212 2484; x_wconf 84' lang='lat' dir='ltr'><strong>Qui</strong></span> <span class='ocrx_word' id='word_1_181' title='bbox 230 2432 319 2493; x_wconf 90' lang='lat' dir='ltr'><strong>porro</strong></span> <span class='ocrx_word' id='word_1_182' title='bbox 336 2412 368 2472; x_wconf 89' lang='lat' dir='ltr'><strong>in</strong></span> <span class='ocrx_word' id='word_1_183' title='bbox 387 2422 537 2472; x_wconf 78' lang='lat' dir='ltr'><strong>consentu</strong></span> <span class='ocrx_word' id='word_1_184' title='bbox 558 2409 818 2471; x_wconf 81' lang='lat' dir='ltr'><strong>Francofordieusi</strong></span> <span class='ocrx_word' id='word_1_185' title='bbox 836 2409 927 2493; x_wconf 85' lang='lat' dir='ltr'><strong>legati</strong></span> <span class='ocrx_word' id='word_1_186' title='bbox 947 2411 1169 2493; x_wconf 84' lang='lat' dir='ltr'><strong>comparuerint</strong></span> <span class='ocrx_word' id='word_1_187' title='bbox 1182 2413 1241 2474; x_wconf 91' lang='lat' dir='ltr'><strong>hnc</strong></span> <span class='ocrx_word' id='word_1_188' title='bbox 1255 2433 1301 2474; x_wconf 87' lang='lat' dir='ltr'><strong>re-</strong></span> 
     </span>
     <span class='ocr_line' id='line_1_23' title="bbox 107 2508 585 2589; baseline -0.01 -18"><span class='ocrx_word' id='word_1_189' title='bbox 107 2510 185 2571; x_wconf 79' lang='lat' dir='ltr'><strong>l‘erre</strong></span> <span class='ocrx_word' id='word_1_190' title='bbox 198 2510 391 2570; x_wconf 83' lang='lat' dir='ltr'><strong>commodum</strong></span> <span class='ocrx_word' id='word_1_191' title='bbox 404 2508 585 2589; x_wconf 89' lang='lat' dir='ltr'><strong>putavimus.</strong></span> 
     </span>
    </p>

    <p class='ocr_par' dir='ltr' id='par_1_6' title="bbox 108 2602 1300 2978">
     <span class='ocr_line' id='line_1_24' title="bbox 150 2602 1300 2686; baseline -0.002 -18"><span class='ocrx_word' id='word_1_192' title='bbox 150 2607 250 2669; x_wconf 82' lang='lat' dir='ltr'><strong>Sacrae</strong></span> <span class='ocrx_word' id='word_1_193' title='bbox 264 2606 411 2668; x_wconf 72' lang='lat' dir='ltr'><strong>casarea</strong></span> <span class='ocrx_word' id='word_1_194' title='bbox 425 2604 594 2686; x_wconf 86' lang='lat' dir='ltr'><strong>Majestatis</strong></span> <span class='ocrx_word' id='word_1_195' title='bbox 607 2603 729 2664; x_wconf 89' lang='lat' dir='ltr'><strong>nomine</strong></span> <span class='ocrx_word' id='word_1_196' title='bbox 742 2602 915 2678; x_wconf 82' lang='lat' dir='ltr'><strong>adfuerunt,</strong></span> <span class='ocrx_word' id='word_1_197' title='bbox 929 2604 972 2664; x_wconf 90' lang='lat' dir='ltr'><strong>D.</strong></span> <span class='ocrx_word' id='word_1_198' title='bbox 986 2602 1129 2665; x_wconf 86' lang='lat' dir='ltr'><strong>Ernestus</strong></span> <span class='ocrx_word' id='word_1_199' title='bbox 1140 2604 1249 2666; x_wconf 87' lang='lat' dir='ltr'><strong>Comes</strong></span> <span class='ocrx_word' id='word_1_200' title='bbox 1262 2606 1300 2666; x_wconf 89' lang='lat' dir='ltr'><strong>de</strong></span> 
     </span>
     <span class='ocr_line' id='line_1_25' title="bbox 109 2699 1299 2785; baseline -0.002 -21"><span class='ocrx_word' id='word_1_201' title='bbox 109 2704 273 2785; x_wconf 87' lang='lat' dir='ltr'><strong>Oettingen</strong></span> <span class='ocrx_word' id='word_1_202' title='bbox 285 2702 416 2763; x_wconf 89' lang='lat' dir='ltr'><strong>Romani</strong></span> <span class='ocrx_word' id='word_1_203' title='bbox 429 2700 623 2782; x_wconf 88' lang='lat' dir='ltr'><strong>Imperatoris</strong></span> <span class='ocrx_word' id='word_1_204' title='bbox 633 2699 822 2762; x_wconf 87' lang='lat' dir='ltr'><strong>consiliarius</strong></span> <span class='ocrx_word' id='word_1_205' title='bbox 835 2699 950 2761; x_wconf 87' lang='lat' dir='ltr'><strong>aulicus</strong></span> <span class='ocrx_word' id='word_1_206' title='bbox 960 2710 991 2761; x_wconf 90' lang='lat' dir='ltr'><strong>et</strong></span> <span class='ocrx_word' id='word_1_207' title='bbox 1000 2700 1191 2762; x_wconf 87' lang='lat' dir='ltr'><strong>camerarius.</strong></span> <span class='ocrx_word' id='word_1_208' title='bbox 1221 2701 1299 2762; x_wconf 89' lang='lat' dir='ltr'><strong>Item</strong></span> 
     </span>
     <span class='ocr_line' id='line_1_26' title="bbox 109 2797 1299 2881; baseline -0.001 -20"><span class='ocrx_word' id='word_1_209' title='bbox 109 2800 261 2861; x_wconf 91' lang='lat' dir='ltr'><strong>Dominus</strong></span> <span class='ocrx_word' id='word_1_210' title='bbox 289 2799 312 2861; x_wconf 86' lang='lat' dir='ltr'><strong>J</strong></span> <span class='ocrx_word' id='word_1_211' title='bbox 314 2818 424 2862; x_wconf 87' lang='lat' dir='ltr'><strong>oannes</strong></span> <span class='ocrx_word' id='word_1_212' title='bbox 454 2798 688 2879; x_wconf 86' lang='lat' dir='ltr'><strong>Christoplrorus</strong></span> <span class='ocrx_word' id='word_1_213' title='bbox 715 2797 855 2881; x_wconf 83' lang='lat' dir='ltr'><strong>Metuger</strong></span> <span class='ocrx_word' id='word_1_214' title='bbox 876 2797 994 2880; x_wconf 84' lang='lat' dir='ltr'><strong>jurium</strong></span> <span class='ocrx_word' id='word_1_215' title='bbox 1021 2798 1136 2873; x_wconf 86' lang='lat' dir='ltr'><strong>doctor,</strong></span> <span class='ocrx_word' id='word_1_216' title='bbox 1164 2799 1299 2880; x_wconf 90' lang='lat' dir='ltr'><strong>ejusdem</strong></span> 
     </span>
     <span class='ocr_line' id='line_1_27' title="bbox 108 2894 776 2978; baseline -0.01 -17"><span class='ocrx_word' id='word_1_217' title='bbox 108 2898 254 2961; x_wconf 69' lang='lat' dir='ltr'><strong>Caesareae</strong></span> <span class='ocrx_word' id='word_1_218' title='bbox 269 2896 438 2978; x_wconf 87' lang='lat' dir='ltr'><strong>Majcstatis</strong></span> <span class='ocrx_word' id='word_1_219' title='bbox 451 2894 636 2956; x_wconf 83' lang='lat' dir='ltr'><strong>consiliarius</strong></span> <span class='ocrx_word' id='word_1_220' title='bbox 649 2894 776 2955; x_wconf 89' lang='lat' dir='ltr'><strong>aulicus.</strong></span> 
     </span>
    </p>

    <p class='ocr_par' dir='ltr' id='par_1_7' title="bbox 23 2990 1300 3735">
     <span class='ocr_line' id='line_1_28' title="bbox 149 2990 1298 3074; baseline -0.003 -19"><span class='ocrx_word' id='word_1_221' title='bbox 149 2993 297 3055; x_wconf 88' lang='lat' dir='ltr'><strong>Electoris</strong></span> <span class='ocrx_word' id='word_1_222' title='bbox 310 2992 487 3074; x_wconf 83' lang='lat' dir='ltr'><strong>Moguntini</strong></span> <span class='ocrx_word' id='word_1_223' title='bbox 501 2994 622 3053; x_wconf 92' lang='lat' dir='ltr'><strong>nomine</strong></span> <span class='ocrx_word' id='word_1_224' title='bbox 636 2992 678 3052; x_wconf 92' lang='lat' dir='ltr'><strong>D.</strong></span> <span class='ocrx_word' id='word_1_225' title='bbox 694 2992 870 3053; x_wconf 76' lang='lat' dir='ltr'><strong>Gemanlus</strong></span> <span class='ocrx_word' id='word_1_226' title='bbox 885 2990 1046 3073; x_wconf 89' lang='lat' dir='ltr'><strong>Philippus</strong></span> <span class='ocrx_word' id='word_1_227' title='bbox 1060 2991 1078 3052; x_wconf 78' lang='lat' dir='ltr'><strong>ia</strong></span> <span class='ocrx_word' id='word_1_228' title='bbox 1093 2991 1298 3067; x_wconf 83' lang='lat' dir='ltr'><strong>Schwalbaclr,</strong></span> 
     </span>
     <span class='ocr_line' id='line_1_29' title="bbox 107 3088 1300 3173; baseline 0 -20"><span class='ocrx_word' id='word_1_229' title='bbox 107 3090 343 3173; x_wconf 73' lang='lat' dir='ltr'><strong>metropolitanae</strong></span> <span class='ocrx_word' id='word_1_230' title='bbox 364 3088 499 3150; x_wconf 83' lang='lat' dir='ltr'><strong>ecclesioe</strong></span> <span class='ocrx_word' id='word_1_231' title='bbox 522 3088 712 3171; x_wconf 83' lang='lat' dir='ltr'><strong>Mogontinae</strong></span> <span class='ocrx_word' id='word_1_232' title='bbox 733 3101 842 3166; x_wconf 86' lang='lat' dir='ltr'><strong>custos,</strong></span> <span class='ocrx_word' id='word_1_233' title='bbox 866 3090 932 3166; x_wconf 72' lang='lat' dir='ltr'><strong>tun,</strong></span> <span class='ocrx_word' id='word_1_234' title='bbox 961 3089 1107 3152; x_wconf 77' lang='lat' dir='ltr'><strong>Caesarem</strong></span> <span class='ocrx_word' id='word_1_235' title='bbox 1131 3090 1300 3173; x_wconf 86' lang='lat' dir='ltr'><strong>Majcstatis</strong></span> 
     </span>
     <span class='ocr_line' id='line_1_30' title="bbox 108 3185 1299 3268; baseline -0.001 -18"><span class='ocrx_word' id='word_1_236' title='bbox 108 3188 294 3251; x_wconf 86' lang='lat' dir='ltr'><strong>consiliarius</strong></span> <span class='ocrx_word' id='word_1_237' title='bbox 310 3196 340 3247; x_wconf 89' lang='lat' dir='ltr'><strong>et</strong></span> <span class='ocrx_word' id='word_1_238' title='bbox 357 3186 503 3246; x_wconf 86' lang='lat' dir='ltr'><strong>Electoris</strong></span> <span class='ocrx_word' id='word_1_239' title='bbox 521 3185 699 3268; x_wconf 80' lang='lat' dir='ltr'><strong>Mogontini</strong></span> <span class='ocrx_word' id='word_1_240' title='bbox 717 3186 906 3249; x_wconf 89' lang='lat' dir='ltr'><strong>consiliarius</strong></span> <span class='ocrx_word' id='word_1_241' title='bbox 926 3188 1061 3263; x_wconf 88' lang='lat' dir='ltr'><strong>intimus,</strong></span> <span class='ocrx_word' id='word_1_242' title='bbox 1082 3188 1124 3248; x_wconf 93' lang='lat' dir='ltr'><strong>D.</strong></span> <span class='ocrx_word' id='word_1_243' title='bbox 1146 3188 1299 3251; x_wconf 90' lang='lat' dir='ltr'><strong>chricus</strong></span> 
     </span>
     <span class='ocr_line' id='line_1_31' title="bbox 108 3281 1299 3367; baseline 0.001 -20"><span class='ocrx_word' id='word_1_244' title='bbox 108 3283 497 3347; x_wconf 73' lang='lat' dir='ltr'><strong>Brombsertlsiedcsheim</strong></span> <span class='ocrx_word' id='word_1_245' title='bbox 505 3281 693 3343; x_wconf 85' lang='lat' dir='ltr'><strong>consiliarius</strong></span> <span class='ocrx_word' id='word_1_246' title='bbox 701 3293 731 3343; x_wconf 89' lang='lat' dir='ltr'><strong>et</strong></span> <span class='ocrx_word' id='word_1_247' title='bbox 740 3282 961 3345; x_wconf 81' lang='lat' dir='ltr'><strong>rice-dominus</strong></span> <span class='ocrx_word' id='word_1_248' title='bbox 971 3283 1181 3367; x_wconf 84' lang='lat' dir='ltr'><strong>Mognntinns,</strong></span> <span class='ocrx_word' id='word_1_249' title='bbox 1192 3286 1233 3347; x_wconf 91' lang='lat' dir='ltr'><strong>D.</strong></span> <span class='ocrx_word' id='word_1_250' title='bbox 1242 3287 1299 3348; x_wconf 90' lang='lat' dir='ltr'><strong>Ni·</strong></span> 
     </span>
     <span class='ocr_line' id='line_1_32' title="bbox 108 3378 1297 3463; baseline -0.001 -19"><span class='ocrx_word' id='word_1_251' title='bbox 108 3382 209 3444; x_wconf 90' lang='lat' dir='ltr'><strong>colaus</strong></span> <span class='ocrx_word' id='word_1_252' title='bbox 223 3381 375 3461; x_wconf 83' lang='lat' dir='ltr'><strong>Georgius</strong></span> <span class='ocrx_word' id='word_1_253' title='bbox 389 3378 624 3461; x_wconf 84' lang='lat' dir='ltr'><strong>Reigersperger</strong></span> <span class='ocrx_word' id='word_1_254' title='bbox 636 3400 738 3459; x_wconf 90' lang='lat' dir='ltr'><strong>eques,</strong></span> <span class='ocrx_word' id='word_1_255' title='bbox 754 3379 901 3442; x_wconf 76' lang='lat' dir='ltr'><strong>Caesarem</strong></span> <span class='ocrx_word' id='word_1_256' title='bbox 916 3380 1085 3463; x_wconf 89' lang='lat' dir='ltr'><strong>Majestatis</strong></span> <span class='ocrx_word' id='word_1_257' title='bbox 1099 3383 1297 3459; x_wconf 85' lang='lat' dir='ltr'><strong>consiliarius,</strong></span> 
     </span>
     <span class='ocr_line' id='line_1_33' title="bbox 23 3474 1297 3559; baseline 0.001 -20"><span class='ocrx_word' id='word_1_258' title='bbox 23 3499 24 3506; x_wconf 54' lang='lat'>¹</span> <span class='ocrx_word' id='word_1_259' title='bbox 109 3477 255 3539; x_wconf 87' lang='lat' dir='ltr'><strong>Electoris</strong></span> <span class='ocrx_word' id='word_1_260' title='bbox 275 3474 453 3559; x_wconf 75' lang='lat' dir='ltr'><strong>Mogentini</strong></span> <span class='ocrx_word' id='word_1_261' title='bbox 467 3474 655 3536; x_wconf 87' lang='lat' dir='ltr'><strong>consiliarius</strong></span> <span class='ocrx_word' id='word_1_262' title='bbox 673 3475 797 3536; x_wconf 89' lang='lat' dir='ltr'><strong>intimus</strong></span> <span class='ocrx_word' id='word_1_263' title='bbox 816 3487 846 3537; x_wconf 89' lang='lat' dir='ltr'><strong>et</strong></span> <span class='ocrx_word' id='word_1_264' title='bbox 862 3477 1146 3549; x_wconf 87' lang='lat' dir='ltr'><strong>viee-cancellarius,</strong></span> <span class='ocrx_word' id='word_1_265' title='bbox 1165 3479 1233 3552; x_wconf 70' lang='lat' dir='ltr'><strong>icc„</strong></span> <span class='ocrx_word' id='word_1_266' title='bbox 1256 3480 1297 3540; x_wconf 91' lang='lat' dir='ltr'><strong>D.</strong></span> 
     </span>
     <span class='ocr_line' id='line_1_34' title="bbox 108 3571 1298 3657; baseline 0.001 -19"><span class='ocrx_word' id='word_1_267' title='bbox 108 3576 237 3638; x_wconf 84' lang='lat' dir='ltr'><strong>Thomas</strong></span> <span class='ocrx_word' id='word_1_268' title='bbox 255 3573 366 3635; x_wconf 82' lang='lat' dir='ltr'><strong>Diissel</strong></span> <span class='ocrx_word' id='word_1_269' title='bbox 380 3572 498 3654; x_wconf 83' lang='lat' dir='ltr'><strong>jurium</strong></span> <span class='ocrx_word' id='word_1_270' title='bbox 514 3571 682 3633; x_wconf 88' lang='lat' dir='ltr'><strong>licentiatus</strong></span> <span class='ocrx_word' id='word_1_271' title='bbox 696 3571 843 3634; x_wconf 88' lang='lat' dir='ltr'><strong>Electoris</strong></span> <span class='ocrx_word' id='word_1_272' title='bbox 859 3573 1035 3657; x_wconf 84' lang='lat' dir='ltr'><strong>Mogontini</strong></span> <span class='ocrx_word' id='word_1_273' title='bbox 1049 3575 1234 3638; x_wconf 89' lang='lat' dir='ltr'><strong>consiliarius</strong></span> <span class='ocrx_word' id='word_1_274' title='bbox 1252 3578 1298 3639; x_wconf 92' lang='lat' dir='ltr'><strong>iu·</strong></span> 
     </span>
     <span class='ocr_line' id='line_1_35' title="bbox 106 3674 205 3735; baseline -0.04 0"><span class='ocrx_word' id='word_1_275' title='bbox 106 3674 205 3735; x_wconf 90' lang='lat' dir='ltr'><strong>timus.</strong></span> 
     </span>
    </p>
   </div>
   <div class='ocr_carea' id='block_1_3' title="bbox 0 0 1618 4700">
    <p class='ocr_par' dir='ltr' id='par_1_8' title="bbox 0 0 1618 4700">
     <span class='ocr_line' id='line_1_36' title="bbox 0 0 1618 4700; baseline 0 0"><span class='ocrx_word' id='word_1_276' title='bbox 0 0 1618 4700; x_wconf 95' lang='lat' dir='ltr'><strong> </strong></span> 
     </span>
    </p>
   </div>
  </div>
 </body>
</html>
