3225 4700
343 361 404 424 loa
734 349 1133 418 ITINERARIUM.

340 509 483 591 leequein
495 508 685 571 Austriacam
701 507 846 583 Domum,
854 506 1000 577 enervati,
1014 504 1110 575 fracti,
1125 501 1253 576 contusi,
1268 501 1377 582 vixque
1391 498 1538 581 spiritum

337 606 498 669 trahentes.
540 605 640 687 Supra
652 604 730 665 banc
742 603 891 684 picturam
905 602 1003 664 aureis
1015 599 1124 663 litteris
1137 600 1292 683 legebatur
1304 597 1361 659 hoc
1374 597 1507 659 lemma.

779 734 942 817 Nunquam
955 734 1095 812 digniori.

378 849 432 911 Ad
445 849 598 911 dexteram
612 845 702 908 dicta
718 845 844 927 picturae
860 864 935 925 puer
952 843 1051 904 nudus
1067 840 1297 923 representabat
1314 838 1481 910 fortunam,
1502 836 1541 895 ad

338 946 425 1029 cujus
437 954 529 1027 capnt
540 943 606 1005 baec
619 943 712 1005 verba
723 940 960 1023 explicabantur,

789 1054 857 1115 Sua
869 1056 964 1115 cirtae
978 1055 1077 1115 evexit.

377 1169 440 1233 Sub
453 1169 580 1253 pedibus
592 1188 664 1230 vero
676 1167 723 1228 ha
736 1184 825 1227 voces
838 1164 918 1225 banc
931 1164 1150 1247 componebant
1162 1161 1352 1225 sententiam.

771 1278 815 1339 Na·
826 1280 917 1339 adero
930 1279 1016 1340 nullas
1029 1279 1094 1339 erit.

374 1396 427 1457 Ad
446 1393 597 1456 sinistram
617 1390 734 1473 pictura
752 1396 901 1451 armatum
917 1388 1064 1450 referebat
1079 1388 1179 1450 virum
1192 1388 1307 1449 casside
1326 1395 1452 1463 tectum,
1472 1408 1537 1449 una

334 1511 426 1553 manu
438 1488 604 1571 speculum,
620 1486 714 1548 altera
727 1486 936 1567 praeferentem
949 1484 1125 1547 obvolutum
1139 1494 1274 1567 serpente
1283 1484 1437 1559 baculum,
1448 1495 1537 1546 nota·
1592 1508 1597 1519 ·

335 1588 444 1668 batque
457 1584 645 1668 sapientiam,
661 1604 729 1664 quae
743 1604 834 1665 snpra
846 1582 889 1645 ita
901 1604 939 1644 ex
951 1582 1062 1665 scripto
1075 1582 1261 1664 loquebatur.

734 1696 870 1758 AEtema
882 1708 925 1759 eet
933 1697 1128 1779 gloriosaeti.

375 1809 461 1872 Infra
472 1828 544 1871 vero
556 1808 623 1870 baec
636 1807 765 1872 dicebat.

787 1908 918 1987 Qaieqae
930 1907 1073 1987 neafata.

372 2018 480 2081 'l'otam
492 2016 570 2079 banc
583 2023 698 2099 partem
712 2014 839 2098 depictae
854 2017 962 2079 domne
975 2016 1133 2079 claudebat
1145 2015 1210 2079 baec
1223 2014 1388 2097 inscriptio.

649 2128 767 2190 Gereini
778 2149 943 2211 compressa
957 2130 1073 2191 ἰίσσηεία
1086 2132 1217 2192 masaa.

930 2239 1053 2303 Scilicet
1067 2241 1201 2304 Heresis
1214 2251 1245 2304 et
1256 2240 1403 2304 Rebellio.
1600 2320 1601 2325 ἵ

374 2337 476 2420 Atque
483 2336 547 2400 baec
558 2336 619 2400 lere
629 2336 662 2398 iu
673 2337 745 2400 tecti
758 2336 843 2420 apice
857 2358 913 2400 ceu
926 2338 1025 2421 prima
1034 2339 1258 2423 contignatione
1267 2363 1276 2401 ι
1297 2340 1433 2422 sequitur
1443 2361 1531 2402 nuuc

332 2433 435 2510 altera,
453 2454 523 2514 quas
539 2433 679 2496 adamus
692 2434 829 2496 fenestris
841 2435 1090 2497 continuabatur:
1113 2457 1204 2519 supra
1217 2456 1291 2517 quae
1304 2445 1460 2519 quaternae
1471 2437 1532 2498 im·

331 2532 436 2616 aginae
448 2529 613 2612 pectorales
624 2531 833 2612 exprimebant
843 2543 972 2613 quatuor
984 2533 1197 2614 imperatorum
1210 2533 1322 2610 vultus,
1334 2533 1456 2596 Alberti
1470 2534 1532 2596 sci·

331 2629 405 2691 licet
424 2626 472 2688 11.
492 2626 696 2689 Maximiliaui
715 2627 764 2688 II.
783 2627 886 2690 Caroli
904 2627 944 2690 V.
964 2637 995 2692 et
1012 2629 1163 2692 Matthia.
1204 2631 1258 2693 Ad
1275 2641 1404 2712 quatuor
1420 2650 1530 2692 aureas

332 2725 489 2788 columnas
507 2744 576 2806 qnae
596 2724 741 2786 fenestrae
758 2725 911 2805 utrimque
927 2726 1098 2788 ambiebant
1109 2726 1266 2809 imagines,
1278 2728 1409 2810 pietatis,
1424 2727 1529 2811 religi·

331 2822 408 2898 onie,
426 2820 564 2903 justitia,
579 2829 610 2885 et
622 2820 807 2884 fortitudinis
820 2819 1009 2899 ridebantur,
1025 2831 1060 2886 ut
1072 2843 1110 2884 ex
1127 2823 1295 2906 insignibus
1312 2843 1381 2907 quoe
1396 2825 1529 2907 singulae

331 2918 530 3002 preferebant
541 2916 683 3000 colligere
694 2928 769 2980 erat.
1600 2939 1601 3008 l

372 3016 531 3079 Postrema
547 3013 678 3094 denique
695 3013 787 3076 facies
803 3015 823 3077 a
840 3014 977 3078 fenestme
992 3015 1032 3076 ad
1049 3015 1158 3078 ostium
1174 3037 1268 3099 usque
1281 3019 1526 3098 protendebatur.
1600 3009 1601 3082 l

333 3111 414 3173 Haec
430 3130 499 3192 pare
513 3131 575 3172 uon
590 3111 691 3173 minue
707 3131 832 3194 operosa
848 3121 913 3174 erat
929 3133 1019 3194 quam
1036 3122 1219 3195 sumptuosa,
1230 3124 1430 3198 preterquam
1444 3119 1527 3199 qnod

330 3216 509 3289 spectatores
526 3207 616 3291 louge
634 3209 763 3289 amplius
781 3209 814 3270 in
833 3231 865 3272 ee
883 3219 1078 3273 converteret.
1126 3211 1225 3294 Supra
1235 3222 1353 3294 portam
1366 3214 1429 3275 duo
1442 3215 1527 3278 aurei
1600 3227 1601 3276 ζ

330 3303 442 3387 angeli,
462 3323 519 3366 ceu
538 3304 646 3367 domus
665 3306 747 3388 genii
767 3317 798 3368 et
813 3307 954 3369 tutelares
967 3307 1044 3370 mira
1057 3308 1204 3391 gravitate
1218 3309 1429 3386 comistebaut,
1444 3321 1526 3374 etue

329 3401 370 3462 ad
383 3398 538 3462 otiandum
550 3400 616 3461 eine
628 3402 750 3483 negotio
761 3403 838 3464 istuc
852 3403 1005 3465 constituti
1019 3404 1192 3466 viderentur
1204 3405 1337 3488 insignia
1352 3406 1526 3470 Illustrioei-

329 3497 373 3559 mi
385 3495 539 3578 Principis
548 3504 579 3558 et
588 3496 695 3580 Legati
704 3496 834 3561 Ooeearei
843 3501 1057 3578 sustentabant,
1068 3511 1153 3565 erant
1163 3501 1229 3564 baec
1238 3503 1369 3587 iusignia
1376 3513 1439 3567 tam
1451 3526 1525 3567 auro

329 3592 522 3678 prefulgida,
534 3612 627 3675 quam
638 3594 773 3656 colorum
785 3595 930 3658 varietate
943 3596 1188 3661 artificiosissime
1200 3599 1299 3662 illusa.
1339 3601 1388 3664 Ex
1397 3612 1524 3683 utroque

328 3700 422 3772 porta
437 3689 531 3754 latere
546 3690 617 3754 duaa
633 3690 758 3773 picturoe
771 3691 904 3758 ruenda
917 3694 1136 3778 magnitudinis
1149 3697 1319 3780 dependere
1330 3699 1524 3774 ridebantur,
