3225 4700
515 358 925 467 ITINERARIUM.
1238 362 1299 428 351

146 516 264 578 Eodem
279 536 371 598 prope
382 524 525 599 tempore,
537 517 708 579 itavolente
720 525 750 578 et
762 516 929 598 imperante
942 512 1110 577 Galliarum
1127 514 1212 597 Rege
1228 514 1302 575 Dux

103 613 280 675 Bullionius
294 613 507 675 Francicorum
517 635 668 676 armorum
681 634 735 695 per
748 613 871 674 Italiam
885 624 916 674 et
932 612 1166 674 Pedemoutium
1180 613 1303 674 Guber-

103 720 203 785 nator,
223 710 284 771 unb
301 731 370 771 cum
389 710 524 792 pluribus
542 732 661 794 maguae
682 709 847 772 nobilitatis
868 710 951 781 viris,
968 719 999 772 et
1018 710 1205 785 officialibus,
1228 710 1302 773 Cas·

101 806 176 867 salae
191 828 244 888 per
255 807 423 868 Dominum
438 808 480 869 du
492 808 607 870 Blessis
618 808 751 869 Braislin
763 817 868 889 captus
880 814 934 868 est.
978 806 1016 867 Ei
1027 827 1095 867 cum
1109 807 1301 869 Gubernator

101 902 291 965 Cassalensis
315 903 495 966 exhibuisset
510 905 642 987 Regium
660 905 803 975 edictum,
822 924 882 984 quo
902 899 1020 964 attineri
1034 903 1197 985 jubebatur
1217 904 1301 966 nullo

102 1000 229 1081 quidem
242 999 291 1061 vel
309 1002 398 1083 signo
410 1000 459 1062 rel
471 1002 563 1063 verbo
576 1010 621 1062 est
638 1000 814 1082 refragatus,
833 1000 887 1061 sed
902 1020 972 1061 cum
990 1000 1089 1061 dictus
1110 1000 1302 1063 Gubernator

103 1116 230 1158 manum
252 1096 363 1181 gladio,
386 1118 446 1178 quo
468 1099 542 1160 Dux
562 1098 784 1181 accingebatur,
805 1097 997 1173 admovisset,
1018 1107 1053 1157 ut
1072 1116 1154 1158 more
1174 1098 1300 1160 aliorum

102 1193 292 1273 captivorum
315 1192 393 1254 latus
414 1195 506 1255 armis
531 1194 667 1266 nudaret,
690 1214 751 1254 non
775 1192 845 1255 tulit
870 1192 1022 1276 injuriam,
1044 1193 1148 1273 iraque
1170 1196 1301 1274 percitus

99 1289 205 1350 valido
225 1288 288 1351 ictu
307 1290 339 1350 iu
360 1302 452 1371 caput
472 1290 690 1352 Gubernatoris
713 1291 756 1351 ita
775 1290 913 1371 impegit,
932 1298 966 1352 ut
990 1290 1123 1373 graviter
1146 1291 1298 1366 sauciarit,

103 1385 220 1459 diceus,
233 1386 326 1447 Disce
339 1396 392 1448 tuo
405 1389 496 1449 etiam
509 1388 629 1464 mnino,
641 1388 700 1449 mei
713 1388 872 1461 similibus,
884 1388 1076 1470 quantumvis
1089 1387 1225 1468 captivis,
1239 1408 1300 1449 non

102 1502 168 1543 esse
182 1482 370 1564 eripiendum
385 1485 519 1567 gladium
530 1508 539 1561 3
561 1505 623 1566 quo
636 1486 720 1546 dicto
732 1484 891 1546 confestim
904 1505 935 1545 se
948 1483 1097 1565 proripuit
1110 1484 1127 1545 ὲ
1140 1496 1301 1566 conspectu

102 1581 296 1661 praesentium
311 1581 342 1641 in
357 1582 476 1657 tutiora,
493 1592 526 1644 ut
539 1582 727 1657 credebatur,
741 1581 819 1655 loca,
828 1593 880 1643 aut
893 1581 925 1641 iu
939 1581 1067 1642 latebras
1080 1602 1233 1655 evasurus,
1248 1584 1300 1644 sed

104 1696 165 1734 non
186 1674 282 1736 multb
301 1688 368 1757 post
385 1679 575 1760 interceptus,
596 1689 676 1740 etex
696 1678 770 1761 fuga
787 1679 819 1738 in
837 1698 937 1739 arcem
956 1678 1096 1738 reductus
1114 1687 1165 1740 est.
1203 1679 1300 1761 Cujus

103 1772 173 1833 loco
187 1771 276 1833 militi
290 1773 416 1855 imperia
429 1776 574 1857 tantisper
588 1774 738 1837 distribuit
756 1774 897 1837 Marcbic
910 1773 948 1835 de
962 1773 1055 1848 Villa,
1068 1776 1167 1856 quoad
1181 1776 1247 1838 Rex
1262 1778 1301 1839 de

103 1869 165 1929 alio
179 1869 324 1931 Generali
336 1892 490 1933 armorum
504 1872 685 1954 provideret

145 1964 237 2027 Circa
250 1965 316 2027 brec
328 1967 433 2028 eadem
447 1976 590 2052 tempora,
607 1969 783 2052 gravissima
799 1968 980 2051 conspiratio
998 1977 1101 2030 contra
1116 1968 1300 2032 Lodovicum

105 2061 292 2123 Francorum
315 2063 443 2146 Regem,
463 2066 613 2147 quaejam
634 2066 749 2148 pridem
771 2066 895 2128 occultis
915 2065 1047 2127 consiliis
1069 2066 1246 2145 agitabatur,
1267 2067 1300 2127 iu

105 2171 243 2240 apertum
263 2160 371 2241 erupit,
394 2163 480 2244 cujus
505 2172 609 2224 auctor
628 2175 660 2225 et
676 2173 767 2244 caput
787 2163 950 2227 habebatur
972 2165 1045 2226 Dux
1064 2165 1301 2237 Aurelianensis,

107 2256 202 2339 Regis
224 2256 315 2318 frater
326 2279 336 2334 3
365 2259 419 2337 qui
439 2270 539 2321 tamen
561 2259 658 2340 ipsam
677 2260 727 2320 vel
746 2259 902 2321 atrocitate
922 2260 1042 2323 sceleris
1062 2262 1226 2344 perculsus,
1252 2262 1302 2324 rel

105 2355 211 2416 innato
230 2355 263 2415 in
282 2357 539 2439 consanguineum
559 2366 651 2439 caput
669 2378 770 2419 amore
787 2368 949 2438 permotus,
975 2360 1226 2441 conspirationem
1250 2362 1301 2423 de-

105 2453 190 2527 texit,
210 2461 240 2513 et
257 2452 296 2513 ad
318 2465 464 2515 trecentos
484 2455 639 2535 parricidii
663 2454 825 2536 complices
843 2457 970 2537 aperuit,
988 2477 1049 2537 quo
1069 2457 1191 2518 nomine
1210 2458 1301 2520 etiam

106 2548 327 2632 indulgentiam
347 2550 442 2633 Regis
465 2553 640 2633 promeruit,
658 2573 694 2613 ea
712 2562 811 2613 tamen
830 2553 1013 2628 conditione,
1036 2563 1069 2615 ut
1089 2553 1303 2636 aliquantisper

107 2645 211 2707 Gallia
224 2646 374 2708 exularet:
395 2650 477 2710 undo
491 2669 550 2709 non
565 2648 661 2710 multb
674 2659 741 2730 poet
754 2669 807 2729 per
823 2648 1032 2712 Marchiouem
1047 2651 1085 2710 de
1096 2649 1178 2712 Ville
1191 2651 1260 2731 Roy
1269 2651 1301 2712 in

107 2745 291 2808 Sabaudiam
307 2747 452 2810 deductus
469 2758 523 2810 cst.
561 2746 653 2820 Quod
669 2747 742 2807 dum
756 2745 802 2822 fit,
820 2747 881 2807 duo
898 2746 936 2807 de
951 2747 1100 2828 primariis
1117 2747 1201 2820 viris,
1223 2748 1301 2831 Regi

106 2841 256 2923 imprimis
274 2842 384 2918 charis,
405 2845 436 2904 iu
455 2844 621 2906 custodiam
641 2844 763 2913 dantur,
782 2843 868 2904 alteri
885 2842 992 2904 borum
1010 2844 1049 2905 de
1064 2843 1175 2906 Sancto
1194 2844 1302 2907 Marco

106 2948 171 3000 erat
183 2960 305 3014 nomeu,
319 2941 445 3002 alterum
460 2941 628 3002 Dominum
642 2940 681 3001 de
693 2940 794 3001 Thous
807 2940 1008 3022 appellabant.

149 3034 195 3095 Hi
209 3036 283 3096 dum
297 3037 442 3120 Lugduni
460 3038 635 3111 attinentur,
649 3037 732 3099 circa
746 3037 898 3099 decimum
918 3037 1102 3119 Septembris
1114 3038 1219 3100 eodem
1235 3039 1303 3102 mit·

107 3131 181 3192 titur
205 3132 332 3195 Parisiis
356 3132 563 3196 cancellarius
586 3135 713 3217 Regius,
737 3136 798 3194 und
822 3154 890 3196 cum
915 3136 1100 3196 senatoribus
1123 3144 1157 3197 ut
1182 3157 1302 3199 causam

107 3229 262 3309 utriusque
281 3230 380 3291 denub
399 3241 603 3314 cognosceret,
622 3251 657 3292 ac
675 3231 708 3292 in
726 3231 849 3314 negotio
867 3232 1094 3313 conspirationis
1112 3234 1234 3295 divisim
1252 3255 1304 3296 au·

107 3325 195 3401 diret,
209 3335 299 3408 atquc
312 3327 337 3388 si
350 3327 486 3389 criminis
503 3347 568 3388 reos
582 3326 842 3402 animadverteret,
861 3328 968 3410 capitis
985 3329 1165 3392 senteutiam
1185 3331 1217 3391 in
1235 3352 1304 3413 pro-

107 3423 218 3485 ditores
231 3424 453 3505 pronunciaret,
468 3445 529 3484 non
543 3423 648 3485 babuit
661 3422 833 3485 diffidentes
851 3445 927 3498 reos,
943 3425 1022 3487 unde
1036 3425 1094 3488 hoc
1115 3428 1187 3509 ipsis
1201 3430 1304 3491 decre-

108 3531 171 3582 tum
195 3521 294 3602 palam
318 3521 467 3604 praelegit,
487 3529 522 3582 ut
543 3519 640 3581 scelus
660 3520 767 3601 capitis
788 3520 986 3584 diminutione
1010 3521 1137 3596 luerent,
1158 3526 1305 3587 cadavera

107 3618 298 3699 postmodum
307 3620 339 3678 in
351 3618 503 3701 publicam
516 3616 648 3677 cloacam
664 3616 874 3698 abjicerentur.
911 3617 1011 3681 Causa
1024 3621 1128 3682 mortis
1138 3621 1203 3682 baec
1214 3621 1305 3684 fuisse

109 3714 268 3792 ferebatur,
292 3717 372 3796 quod
395 3737 465 3778 cum
486 3714 704 3796 Hispaniarum
729 3713 815 3796 Rege
835 3716 1063 3799 conspirassent,
1089 3739 1178 3800 quem
1199 3739 1305 3802 appro-
