3225 4700
491 323 514 390 I
521 320 811 392 TINERARI
821 321 907 388 ΗΜ.
1260 322 1325 389 407

120 479 225 541 biliter
237 477 403 560 praefuisse,
417 483 449 540 et
462 476 644 538 confidimus
657 494 720 535 nou
733 473 950 555 permissurum
965 482 999 537 ut
1011 472 1050 535 ud
1061 473 1211 556 ejusmodi
1222 475 1326 536 munia

119 577 245 659 indigui
265 577 510 658 promoveantur)
530 573 612 634 viros
633 573 739 634 doctos
758 571 879 633 virtutis
899 571 1058 644 studiosos,
1079 571 1228 653 imprimis
1252 573 1325 634 verb

123 673 229 735 Deum
243 673 383 734 timentes
396 672 522 754 deligat.

163 771 245 833 Gum
259 770 331 830 verb
344 769 435 831 etiam
449 788 486 829 ex
499 764 659 828 occasione
672 765 864 846 quorundam
878 781 1050 828 sermonum
1063 767 1176 827 temere
1190 765 1326 848 profuso·

120 887 192 930 rum
210 887 271 927 uon
286 867 328 927 ita
344 866 462 946 pridem
479 863 577 927 coacti
590 862 736 924 fuerimus
749 861 920 923 Dominum
933 863 971 924 de
985 861 1214 924 Chasteauneuf
1227 863 1326 924 officio

121 962 273 1046 sigilliferi
285 963 416 1044 privare,
433 982 564 1042 eumque
584 960 617 1020 in
637 968 769 1021 castrum
791 957 1021 1040 Engolismsnse
1042 959 1198 1042 ablegare:
1221 960 1326 1041 prasci·

120 1062 234 1144 pimus,
261 1070 296 1122 ut
323 1060 387 1142 ipse
414 1060 527 1121 ibidem
552 1066 698 1130 servetur,
726 1053 826 1137 quood
854 1075 913 1138 pax
941 1055 1090 1138 generalis
1116 1055 1324 1132 concludatur,

121 1159 248 1240 quaudo
257 1177 313 1239 pro
326 1157 515 1238 heneplacito
525 1155 654 1238 Regina
664 1164 695 1216 et
703 1154 943 1215 consiliariorum
955 1154 1102 1214 sententia
1112 1154 1136 1214 si
1148 1163 1228 1214 certa
1239 1155 1325 1216 sedes

120 1257 174 1318 vel
189 1257 220 1317 in
237 1256 285 1316 vel
304 1265 389 1316 extra
402 1273 528 1335 reguum
543 1252 697 1334 designari
714 1253 825 1333 poterit
840 1251 871 1311 ln
890 1269 950 1331 quo
963 1269 994 1310 se
1011 1248 1050 1309 ad
1065 1249 1131 1310 dies
1143 1249 1213 1310 vitae
1230 1251 1326 1311 conti·

120 1364 203 1415 neat.
246 1353 432 1414 Mandamns
441 1352 533 1413 etiam
547 1359 582 1411 ut
592 1349 725 1410 Ducissa
737 1350 776 1409 de
786 1347 958 1410 chevreuse
969 1347 1007 1406 ob
1015 1346 1196 1428 justissimas
1210 1367 1338 1418 causas„

120 1469 218 1532 regno
232 1449 354 1520 Galliae,
376 1467 470 1529 usque
489 1449 529 1509 ad
549 1446 697 1508 bellorum
717 1446 811 1507 finem
833 1444 944 1506 exulet.
986 1443 1135 1506 Volumus
1153 1465 1271 1526 qnoque
1292 1456 1326 1508 ut

119 1565 180 1607 nec
193 1567 267 1626 pace
280 1545 433 1619 conclusa,
448 1545 508 1606 uisi
521 1562 558 1606 ex
572 1543 669 1626 gratia
680 1543 810 1626 Reginae
825 1542 855 1603 in
868 1561 995 1624 regnum
1005 1542 1118 1617 redeat,
1131 1543 1178 1604 vel
1189 1544 1214 1604 si
1228 1544 1326 1605 redire

119 1643 343 1725 contingenda
363 1641 414 1702 vel
431 1661 523 1723 prope
541 1641 644 1702 aulam
662 1641 840 1721 hospitetur.
883 1640 967 1712 Quin
981 1661 1037 1702 uec
1050 1641 1117 1702 aliis
1131 1641 1241 1702 nostris
1253 1642 1325 1702 sub-

120 1740 207 1812 ditis,
221 1739 274 1820 qui
288 1738 368 1799 ultro
380 1759 412 1799 ee
428 1737 530 1799 Gallia
540 1737 589 1799 vel
603 1757 641 1798 ex
654 1737 745 1798 certis
759 1737 857 1798 causis
870 1738 1096 1811 submoverunt,
1108 1737 1324 1819 cujuscumque

122 1836 306 1898 conditionis
325 1835 371 1896 illi
391 1835 516 1906 luerint,
533 1835 649 1896 reditus
665 1836 698 1896 in
717 1855 847 1918 regnum
861 1835 923 1896 ullo
941 1835 1032 1896 modo
1051 1835 1251 1917 permittetur,
1265 1837 1324 1898 nisi

121 1953 193 1994 cum
209 1934 282 2013 ipsis
295 1931 433 1993 unanimi
444 1951 592 1993 consensu
605 1931 681 1993 dicti
695 1931 860 1992 consiliarii
873 1933 1079 1994 decernerent.

166 2029 310 2110 Denique
318 2030 463 2109 jubemus
475 2038 510 2090 ut
528 2029 560 2089 iu
579 2029 646 2090 haec
663 2029 766 2089 omnia
778 2038 891 2109 puncta
902 2038 1059 2109 postremae
1073 2029 1247 2101 voluntatis,
1261 2040 1324 2092 tam

121 2126 246 2208 Regina
263 2125 433 2208 gubernans
451 2127 564 2208 conjux
581 2135 693 2200 nostra,
713 2136 745 2187 et
761 2123 895 2186 filiorum
916 2137 1084 2187 nostrorum
1107 2138 1211 2201 meter,
1233 2148 1324 2208 qnam

120 2223 217 2286 frater
235 2233 336 2284 noster
354 2222 428 2283 Dux
448 2223 675 2285 Aurelianensis
693 2231 725 2283 et
744 2223 896 2304 principes
915 2222 1079 2304 sanguinis,
1091 2224 1204 2299 duces,
1226 2245 1323 2306 pares,

120 2319 311 2383 mareschalli
329 2329 361 2382 et
377 2320 519 2383 officiales
532 2319 620 2403 regni
633 2320 736 2381 sancte
743 2315 859 2402 jurent,
876 2321 958 2401 quod
975 2321 1076 2382 omnia
1093 2319 1158 2383 lraeo
1172 2321 1326 2385 decretah

121 2418 210 2479 uobis
218 2418 481 2501 integerrimafide
492 2416 705 2479 iuviolabiliter
714 2436 833 2478 servare
842 2428 872 2479 et
881 2418 1050 2480 executioni
1061 2418 1202 2481 mandare
1212 2420 1324 2481 velint:

121 2517 155 2577 in
174 2534 265 2597 quem
285 2513 377 2575 finem
398 2515 497 2597 primo
516 2533 635 2595 quoque
659 2524 791 2595 tempore
812 2534 866 2596 per
889 2515 976 2596 regui
998 2516 1169 2596 provincias
1191 2517 1325 2599 publiea·

122 2614 246 2673 buntur.
722 2608 741 2645 ’·

165 2710 246 2771 Haec
264 2709 367 2770 omnia
383 2730 476 2770 manu
493 2719 595 2771 nostra
610 2710 785 2793 scripsimus
802 2721 834 2772 et
848 2712 1063 2774 subscribenda
1080 2714 1146 2775 aliis
1160 2714 1326 2775 communi·

121 2806 260 2869 cavimus
273 2806 481 2887 subscribique
490 2808 636 2890 jussimus
646 2828 699 2889 per
710 2808 862 2892 Reginam
876 2810 1036 2891 conjugem
1050 2822 1193 2882 nostram,
1205 2811 1325 2872 Ducem

121 2903 385 2977 Aurelianensem,
400 2915 431 2963 et
446 2904 638 2966 secretarium
657 2914 762 2979 status,
776 2904 943 2988 sigillisque
961 2907 1144 2969 munivimus
1157 2917 1187 2969 et
1205 2909 1325 2970 robora-

121 3002 223 3063 vimus
234 3001 275 3062 ad
291 3000 438 3061 Sanctum
453 3001 653 3077 Germanum,
667 3022 769 3064 mense
783 3004 896 3085 Aprili,
910 3005 983 3065 anni
1005 3006 1092 3064 1643.
1131 3007 1224 3067 Anno
1238 3006 1325 3088 regni

121 3100 216 3160 nostri
230 3098 388 3179 trigesimo
401 3098 499 3159 tertio.

165 3196 226 3256 His
239 3196 417 3276 subscriptis
428 3204 457 3256 et
470 3216 524 3277 per
536 3196 730 3259 Parlamenta
739 3198 910 3280 publicatis,
927 3199 1073 3281 vigesimo
1087 3200 1186 3281 primo
1200 3202 1322 3263 tandem

122 3292 236 3353 mensis
253 3291 371 3372 Aprilis
390 3292 508 3374 Regius
527 3293 676 3375 Princeps
695 3294 922 3377 Primogenitus
943 3315 996 3356 seu
1010 3295 1181 3379 Delphinus
1195 3298 1324 3360 Parisiis

119 3387 270 3467 baptismo
291 3388 429 3450 minutus
449 3399 504 3451 est.
546 3390 646 3462 Quem
667 3391 735 3453 Rex
755 3406 841 3473 pater
862 3393 900 3454 de
919 3414 973 3455 suo
990 3395 1111 3455 nomine
1133 3395 1323 3457 Ludovicum

120 3484 267 3564 appellari
289 3484 396 3547 voluit.
441 3486 470 3546 E
490 3504 576 3549 suero
596 3488 718 3550 laracro
737 3508 806 3550 eum
828 3502 1022 3572 susceperunt
1043 3493 1165 3554 nomine
1191 3493 1323 3555 Romani

18 3665 21 3681 μ
121 3579 283 3642 Pontificis
296 3580 470 3644 cardinalis
484 3584 670 3662 Macerinus,
684 3606 721 3648 ac
739 3587 861 3649 nomine
882 3587 1101 3669 Hispaniarum
1120 3589 1215 3671 Regis
1233 3588 1323 3651 Prin·

119 3700 192 3761 ceps
205 3680 338 3754 faemina,
353 3682 480 3744 Coudsei
494 3688 614 3767 conjux.
