3225 4700
392 350 697 419 BENEVOLO
729 350 989 419 LECTORI.
1218 349 1279 415 ³01

85 499 166 560 dum
187 509 284 561 seotor
303 499 335 561 in
353 500 517 563 oelumnies
535 502 629 565 incidi
647 522 760 579 eorum,
779 502 890 584 quibus
906 502 1005 585 profui
1020 502 1180 585 plurimum
1199 502 1284 563 obsui

84 616 267 678 numquam.
308 596 394 669 Quid
407 602 496 661 tum?
515 599 645 661 solennis
657 599 707 660 bie
720 608 765 661 est
776 599 896 662 virtutis
909 600 1004 681 egeri,
1019 600 1049 661 in
1063 619 1124 681 quo
1133 600 1198 682 jem
1212 599 1283 660 inde

85 712 108 753 a
127 694 226 775 primo
242 694 323 756 orbis
341 694 464 757 exordio
483 696 681 779 proeluseruut
697 696 832 758 veritutis
847 706 1091 779 propugnatores,
1110 696 1203 779 pressi
1218 696 1285 776 qui·

86 788 174 864 dem,
187 788 241 852 sed
253 809 400 870 nuquam
414 791 557 873 oppressi,
571 799 629 853 stet
641 790 730 852 firmo
747 791 825 872 pede
842 791 976 853 redioetu
993 790 1085 853 semel
1103 792 1210 874 soepius
1228 792 1284 852 im·

86 893 226 966 pugnare
250 886 368 962 veritus,
390 906 447 948 neo
468 887 601 948 adversis
620 895 779 951 ventorum
802 887 971 949 turbinibus
990 888 1119 971 impulse
1138 897 1283 952 movetur.

89 980 192 1063 Cujus
204 981 370 1043 eonstuntie
382 983 538 1044 roboretur
550 982 681 1044 eulemus
693 983 733 1043 ud
745 984 863 1044 tertium
879 982 1051 1045 Historiolae
1064 1004 1138 1045 meae
1151 985 1285 1065 pertitio-

88 1096 165 1138 uem
177 1076 304 1139 fidenter
316 1078 435 1139 ueeedit
447 1078 481 1141 iu
492 1098 554 1159 qus
565 1086 649 1160 gestu
660 1080 698 1139 ob
711 1082 805 1139 Anno
818 1078 990 1142 Christiano
1008 1079 1161 1162 trigesimo
1177 1090 1284 1143 ootsvo

89 1193 185 1255 supro
208 1172 415 1235 millensimum
440 1174 685 1235 sexcentesimum
703 1177 744 1237 sd
770 1195 883 1236 sunum
906 1194 1000 1256 usque
1022 1176 1283 1257 quedmgesimum

88 1269 233 1349 quintum
252 1277 320 1350 post
335 1268 518 1331 sedecimum
539 1268 683 1331 soeculum
704 1270 954 1343 oommemornlio,
976 1270 1129 1331 sueeineto
1149 1270 1281 1350 quidem,

89 1377 240 1447 quoutum
253 1366 393 1448 temporis
405 1386 564 1446 rerumque
573 1367 650 1428 ratio
662 1366 800 1448 potietur,
815 1367 867 1429 sed
881 1366 1010 1430 eeudido
1023 1367 1110 1447 stylo.
1152 1366 1242 1439 Quod
1256 1368 1282 1429 si

91 1464 162 1543 quis
175 1471 282 1545 urguet
293 1462 432 1545 vulgures
445 1482 493 1524 me
506 1482 554 1524 res
565 1470 597 1523 et
609 1463 674 1524 orbi
691 1462 860 1525 notissimos
877 1482 1123 1535 oommemomre3
1143 1463 1237 1525 fateor
1250 1464 1283 1526 id
1328 1462 1332 1473 '

91 1559 245 1640 equidem,
259 1558 287 1619 si
295 1559 335 1620 de
347 1558 465 1640 populis
477 1566 508 1619 et
519 1558 689 1621 ustionibus
701 1578 798 1620 sermo
811 1559 851 1620 sit
867 1558 921 1639 qui
937 1568 1039 1621 nostro
1056 1558 1168 1621 elimati
1181 1560 1281 1640 subje-

90 1664 172 1716 eeut.
214 1655 287 1716 Non
300 1654 372 1715 item
384 1654 438 1735 qui
450 1653 607 1716 remotiore
623 1654 657 1715 ln
671 1655 743 1716 orbe
761 1663 917 1717 versentur
929 1654 1036 1734 quibus
1055 1676 1138 1717 meus
1151 1656 1283 1719 celemus

91 1751 220 1833 perinde
233 1750 333 1812 servit
374 1750 539 1812 floribimus
548 1749 614 1811 hose
623 1770 697 1811 serus
706 1749 869 1832 posterituu'
879 1749 918 1811 ed
928 1749 1124 1811 imitationem
1135 1752 1282 1832 majorum

91 1858 275 1920 nostrorum,
295 1847 350 1929 qui
372 1846 510 1909 historim
531 1866 587 1908 suo
605 1866 671 1909 oero
690 1846 859 1908 notissimus
877 1845 1079 1907 subsecuturis
1101 1848 1282 1928 temporibus

91 1943 279 2025 untiquitutis
296 1942 404 2004 fuoiem
419 1949 565 2004 vetustate
582 1941 810 2004 oblitterandum
826 1950 958 2023 repetere
975 1940 1153 2016 volentibus,
1172 1942 1282 2022 seripto

91 2044 273 2124 expressere.
313 2040 413 2103 Nemo
425 2038 552 2099 miretur
563 2038 652 2099 flores
666 2048 808 2101 vernante
821 2058 900 2100 enno
909 2038 962 2119 qui
972 2037 1088 2119 oopism
1098 2038 1281 2119 protuberet,

93 2138 203 2219 volupe
217 2148 316 2198 temen
329 2135 468 2196 omnibus
480 2144 525 2196 est
536 2134 619 2197 floris
628 2134 831 2197 emoenitutem
841 2142 974 2215 speeture
981 2133 1085 2195 udulti
1093 2132 1210 2214 hyems.
1247 2133 1281 2197 si

94 2234 164 2315 quis
177 2234 252 2295 forte
265 2231 353 2310 hujus
365 2230 507 2313 temporis
519 2239 612 2313 gestu,
626 2230 675 2293 vel
687 2231 798 2293 otiosus
812 2236 960 2311 spectator
969 2228 1017 2291 vel
1027 2228 1189 2291 laboriosus
1199 2238 1282 2305 sotor

94 2340 219 2394 nauseet
232 2328 316 2392 velut
327 2328 398 2391 trite
410 2336 441 2390 et
454 2326 550 2403 obvie,
565 2326 616 2389 ille
626 2327 782 2410 nepotibus
790 2326 852 2388 suis
863 2345 942 2388 seros
951 2333 1018 2407 post
1027 2346 1120 2388 ennos
1133 2326 1281 2388 exeeturis

95 2435 127 2488 et
138 2435 269 2491 nostrum
282 2424 469 2508 diligentium
481 2423 692 2486 desidereturis
708 2421 981 2486 luoubmtiuueulus
997 2431 1111 2484 nostrus
1128 2443 1188 2483 nou
1202 2422 1280 2484 invi-

95 2524 176 2585 deet.
218 2517 336 2594 Quibus
348 2523 374 2582 si
386 2519 459 2581 olim
471 2519 621 2601 placuero,
633 2519 767 2601 preeium
780 2537 878 2600 operm
891 2537 966 2580 mee
976 2517 1079 2580 feeisse
1091 2517 1264 2582 existimabo
1268 2541 1279 2595 ς

95 2617 322 2700 sidispliouero‚
332 2617 430 2679 leudis
436 2616 611 2679 existimabo
620 2614 775 2676 cumulum
785 2633 824 2675 ex
832 2612 944 2696 optimi
953 2613 1104 2676 voluntste
1114 2612 1181 2676 met
1188 2614 1281 2696 scrip

96 2715 173 2777 tioni
185 2714 257 2776 huie
269 2712 433 2776 seoessisse.
465 2710 535 2773 Hoo
548 2711 684 2791 estquod
693 2719 723 2772 te
735 2708 871 2772 volebam
885 2708 1013 2770 osudide
1024 2709 1129 2772 leetor.
1158 2708 1208 2772 De
1221 2729 1280 2772 ees·

97 2821 162 2874 tero
173 2809 230 2876 tibi
240 2827 360 2873 omnem
372 2807 553 2870 semtitutem
566 2805 654 2889 pleno
667 2803 936 2886 effeetusppreeor.
964 2804 1042 2868 Vive
1050 2813 1080 2870 et
1088 2803 1174 2868 Vsle.
