3225 4700
490 329 898 397 ITINERARIUM.
1226 323 1289 388 363

83 479 165 540 Boii
184 491 299 561 quanta
317 482 374 543 sibi
397 483 507 545 darum
527 484 656 545 hostium
677 483 902 556 excursionibus
925 481 996 542 inde
1016 480 1287 561 proficiscerentur,

80 595 209 637 omnem
224 597 328 638 curam
342 580 551 654 admoverunt,
563 590 597 641 ut
606 581 654 640 vel
665 579 745 650 dolo,
757 579 805 640 vel
815 580 856 653 vi,
868 579 898 638 in
915 587 1087 658 potestatem
1104 577 1285 658 redigerent.

83 671 305 749 commodum,
313 677 624 757 nesciocujusindicio
632 676 920 750 didicerunt,arcem
932 674 1097 735 necessario
1106 684 1286 744 commeatu,

83 778 119 828 et
131 769 201 829 aliis
215 770 350 850 pluribus
364 773 452 832 rebus
462 772 593 847 destitui,
607 773 687 834 unde
696 773 856 833 cinxerunt
864 771 1038 840 arctissime,
1050 790 1088 830 ne
1097 769 1171 849 quid
1183 766 1285 828 inferri

83 875 199 945 posset,
219 887 254 928 ac
273 867 353 929 intra
372 869 461 929 breve
480 882 597 951 tempus
618 871 658 930 ad
676 870 860 930 deditionem
881 869 1052 949 coegerunt.
1095 863 1284 926 Praesidiarii

82 960 214 1040 quidem
229 964 311 1044 pacti
327 975 398 1026 sunt
413 966 541 1026 liberum
565 965 790 1026 Hoentwiblam
810 984 972 1046 egressum,
987 983 1057 1022 cnm
1076 961 1215 1021 omnibus
1230 961 1285 1020 im·

82 1058 280 1138 pedImentis,
296 1062 349 1122 sed
368 1062 444 1123 istuc
462 1072 497 1123 ut
512 1071 722 1144 pervenerunt,
739 1062 757 1121 b
772 1061 908 1120 Domino
924 1060 961 1120 de
976 1056 1147 1120 Widerlrolt
1164 1057 1284 1117 Guber-

82 1164 192 1216 natora
212 1156 448 1221 Hbentwihlano
466 1158 545 1219 male
565 1159 681 1240 accepti
695 1158 826 1228 fuerunt,
840 1157 892 1237 qui
906 1155 1045 1217 officiales
1064 1154 1183 1234 culpam
1198 1173 1284 1214 suum

81 1251 186 1332 capite
205 1251 298 1329 luere,
317 1255 448 1336 reliquos
462 1256 534 1316 verb
547 1256 658 1316 milites
672 1255 765 1336 virgis
781 1254 859 1316 caedi
873 1253 980 1314 voluit.
1022 1252 1115 1325 Quod
1130 1250 1283 1311 etinctum

82 1347 202 1424 fuisset,
218 1350 277 1411 nisi
291 1373 394 1432 preces
407 1352 547 1423 aliorum,
561 1371 681 1434 poenam
695 1363 756 1411 tam
770 1350 909 1412 acerbam
923 1349 1105 1411 avertissent

128 1445 256 1508 Octobri
277 1468 379 1510 mense
399 1449 558 1511 Generalis
576 1448 686 1510 Comes
701 1449 740 1509 de
760 1446 916 1521 Hatzfeld,
936 1447 1104 1516 Caesurcus,
1125 1455 1155 1508 et
1174 1444 1284 1506 Comes

83 1545 126 1606 de
140 1544 233 1606 Wabl
246 1545 395 1621 Bavares,
406 1568 477 1608 cum
485 1546 612 1608 subditis
625 1545 683 1606 sibi
693 1546 788 1626 copiis
798 1546 822 1608 J
826 1545 1005 1605 uliaceusem
1017 1544 1145 1624 patrium
1158 1543 1284 1624 ingressi

83 1650 168 1714 sunt,
195 1653 230 1704 nt
258 1642 596 1705 Gallo-Weimarieuses
623 1643 663 1703 ad
690 1663 842 1703 armornm
875 1644 1079 1722 congressum}
1093 1639 1286 1721 pellicerent,

84 1747 179 1818 atque
197 1749 231 1800 ut
244 1739 362 1802 facilibs
378 1741 583 1822 impetrarent,
598 1739 733 1800 civitates
753 1748 783 1799 et
800 1738 921 1819 oppida,
937 1758 1005 1817 qnae
1026 1738 1189 1798 adversarii
1204 1748 1285 1797 tene-

86 1835 163 1894 bant
179 1833 327 1915 pluscula,
343 1855 517 1918 oppugnare
533 1837 677 1918 tantisper
695 1835 923 1906 constituerunt,
938 1835 1010 1895 dnm
1029 1833 1126 1915 plenis
1142 1835 1233 1894 armis
1247 1835 1285 1895 de

85 1952 207 1993 summa
231 1934 276 1994 rei
302 1933 462 1993 decernere
487 1933 600 1996 liceret
642 1934 710 1996 Nec
737 1932 865 1993 multum
893 1932 1038 2003 cunctati,
1064 1931 1284 1993 Marcodurum

86 2030 236 2113 vigesimo
246 2030 387 2092 Octobris
395 2032 519 2113 aggredi
530 2038 682 2111 ceperunt,
694 2029 803 2109 quibus
813 2013 1004 2110 praesidiarii‚
1015 2028 1164 2108 quidquid
1176 2029 1285 2089 virium

88 2129 121 2188 in
145 2128 215 2208 ipsis
234 2136 309 2203 erat,
333 2137 554 2208 opposuerunt3
583 2128 682 2207 quoad
699 2126 738 2186 ad
759 2126 858 2205 ipsum
879 2126 1009 2186 triduum
1029 2125 1138 2186 validis
1157 2135 1286 2186 tormen-

88 2236 190 2285 torum
207 2223 382 2285 bellicorum
401 2224 511 2285 ictibus
529 2223 706 2306 oppugnati,
724 2223 865 2283 viderunt
884 2223 923 2282 ad
941 2221 1085 2302 impeturn
1101 2223 1285 2297 faciendum,

90 2331 122 2383 et
132 2322 161 2381 vi
174 2321 438 2402 perrumpendum,
450 2321 569 2402 disponi
583 2320 704 2393 milites,
716 2339 751 2380 ac
763 2330 835 2381 tnnc
845 2318 965 2400 quidem
977 2319 1016 2381 ad
1027 2320 1243 2401 paciscendum
1256 2344 1287 2385 se

90 2418 263 2480 obtulerunt
272 2440 281 2493 ς
303 2428 391 2499 atque
405 2420 510 2480 eadem
525 2419 590 2499 ipsa
602 2417 702 2477 adhuc
717 2436 840 2497 vespera
857 2416 1043 2478 conditiones
1058 2419 1162 2499 positae
1177 2421 1286 2482 admis-

91 2536 192 2596 saeque
208 2529 290 2589 sunt,
308 2535 480 2597 quanquam
499 2514 617 2597 postero
637 2514 720 2594 prius
738 2514 788 2574 die
807 2512 983 2594 subscriptae
1000 2513 1123 2575 fuerint.
1167 2516 1287 2577 Metue-

91 2615 165 2673 bant
178 2612 346 2673 obsidentes
359 2633 398 2673 ne
410 2633 470 2693 qua
479 2611 554 2672 forte
566 2610 712 2671 beneficio
725 2609 821 2671 noctis
832 2610 944 2669 moenia
952 2610 1069 2690 dejecta
1080 2611 1191 2673 obsessi
1202 2615 1287 2677 novis

93 2710 263 2791 aggeribus,
277 2720 330 2769 aut
343 2708 537 2769 munimentis
550 2706 744 2767 occluderent
757 2706 838 2767 unde
857 2705 914 2766 sibi
929 2706 1059 2767 Oaesarei
1073 2708 1157 2770 illum
1173 2711 1286 2772 aditum

91 2805 323 2867 custodiendum
337 2804 436 2866 statim
451 2805 577 2865 concedi
592 2804 761 2875 voluerunt,
775 2803 858 2885 quod
873 2804 983 2864 obsessi
1001 2824 1059 2864 non
1075 2806 1163 2869 inviti
1177 2814 1287 2892 permi-

92 2911 202 2963 serunt
241 2900 438 2962 Conditiones
451 2902 522 2961 verb
535 2910 691 2981 sequentes
703 2901 814 2980 scripto
828 2900 1010 2983 consignate
1025 2916 1105 2965 sunt.

135 2997 162 3058 I.
185 2998 371 3060 Conceditur
404 2997 539 3059 Domino
569 2997 774 3059 Gubernatori
814 2995 1040 3059 Marcodurano
1075 3002 1235 3068 Francisco
1270 3009 1287 3071 a

94 3094 305 3155 Brunckborst
318 3095 349 3154 in
364 3093 542 3176 vigesimum
554 3105 694 3174 quartum
708 3093 789 3154 diem
802 3092 951 3171 Octobris,
964 3094 1040 3157 liber
1053 3118 1089 3158 ex
1105 3102 1177 3162 urbe
1189 3124 1287 3187 egres-

92 3212 152 3260 sus,
166 3212 236 3253 cum
250 3191 389 3252 omnibus
402 3190 464 3251 suis
477 3190 709 3272 impedimentis.

136 3288 184 3348 II.
207 3288 430 3350 Permittuntur
449 3287 539 3348 etiam
557 3288 623 3367 ejus
641 3285 730 3348 militi
747 3307 903 3369 egressuro
917 3298 1042 3372 utraque
1056 3314 1149 3369 arma,
1164 3298 1228 3359 sinc
1242 3320 1288 3360 ar·

94 3386 234 3447 dentibus
247 3395 346 3445 tamen
360 3383 524 3457 fomitibus,
539 3384 593 3464 qni
606 3384 678 3444 verb
692 3382 859 3464 catapultas
876 3397 981 3467 gerent
997 3410 1065 3469 quae
1079 3393 1172 3455 silicis
1186 3398 1288 3457 attritu

94 3484 308 3557 accenduntur,
323 3481 439 3542 silicem
452 3481 595 3541 eximent.

136 3579 203 3640 III.
226 3578 338 3639 Nullus
359 3587 521 3658 praesumat
533 3597 633 3639 secum
648 3576 754 3640 efferre
768 3600 815 3641 res
831 3600 930 3646 sacras
944 3584 1078 3647 ecclesiis
1093 3598 1218 3669 ereptas,
1234 3611 1290 3651 nec
