3225 4700
488 318 514 389 1
518 318 576 391 TI
580 318 802 393 Nnenur
810 322 898 392 ΠΜ.
1231 324 1292 393 loe

85 472 192 549 ducta,
206 494 337 557 cumque
350 473 484 552 omuino,
495 476 628 559 exceptis
640 476 774 559 pertibus
787 477 1006 552 secretioribus,
1015 477 1120 551 tuimet
1130 479 1293 557 denudetur,

85 583 118 631 et
138 572 172 633 in
191 572 353 653 equuleum
372 582 505 650 extense,
523 574 602 636 inter
621 576 720 657 prime
734 584 884 637 termento
901 574 947 636 nil
961 576 1124 656 quicquum
1143 587 1190 640 est
1204 579 1292 660 lesen

87 689 160 730 cum
174 680 275 731 entem
291 671 332 733 nd
344 670 497 754 graviores
512 692 616 753 poenes
628 682 704 734 esset
720 670 908 746 deducendo,
922 673 1081 754 deprecatu
1091 684 1146 748 est,
1160 685 1192 737 et
1201 675 1294 737 libere

87 786 121 825 ee
132 766 265 828 daemoui
278 766 342 829 lide
350 768 523 831 obstrictum
536 770 624 844 dixit,
637 788 767 850 cumque
780 788 904 851 eosoepe
917 769 1025 851 sepius
1033 772 1229 834 concubuisse
1238 773 1294 833 sub

89 864 191 943 specie
204 863 298 939 virili,
312 864 463 946 simulque
480 865 642 946 complices
659 886 822 946 eorumque
838 866 972 927 facinore
989 868 1118 947 aperuit.
1159 868 1210 929 Ob
1225 888 1294 951 qum

88 979 196 1020 omnes
209 959 250 1021 nd
263 972 391 1023 mortem
402 962 551 1025 demnetne
565 962 747 1045 supplicium
760 984 817 1044 pro
826 962 935 1024 merito
947 963 1078 1025 luerunt,

132 1054 235 1117 Tertii
253 1056 395 1119 Jnnuerii
418 1059 586 1121 Dominum
606 1080 710 1121 versus
729 1060 925 1141 perreximus,
947 1060 1102 1123 Gellnmue
1120 1062 1193 1123 verb
1214 1062 1296 1123 Neo·

87 1152 369 1236 brandenburgam,
391 1164 425 1216 nt
445 1156 517 1217 inde
538 1155 772 1217 Ancleviensem
795 1155 993 1231 obsidionem,
1016 1177 1085 1237 quoe
1108 1158 1173 1219 sine
1194 1158 1296 1220 linctu

88 1249 335 1323 continuabatur,
355 1250 492 1328 solveret,
513 1272 551 1314 ue
571 1252 656 1314 miles
676 1252 744 1334 plus
763 1253 835 1314 inde
855 1252 959 1314 demui
978 1254 1070 1334 quem
1091 1255 1296 1327 emolumenti,

87 1345 198 1407 edultl
204 1346 271 1428 jem
284 1346 403 1428 hyeme,
415 1358 543 1430 cuperet.
580 1348 619 1409 Iu
632 1349 739 1413 itinere
751 1348 810 1410 hoe
823 1348 987 1430 plurimum
1001 1351 1071 1431 equi
1085 1352 1179 1413 nostri
1191 1352 1296 1414 defici·

89 1453 161 1504 ente
182 1443 302 1524 pabulo,
321 1444 365 1506 ite
383 1454 418 1507 ut
436 1466 475 1507 ne
493 1455 657 1508 stramenta
677 1446 800 1526 quidem
820 1446 905 1528 equis
922 1446 1095 1510 reficiendis
1113 1448 1294 1525 sufficerent,

89 1540 173 1620 pessi
191 1550 272 1602 nunt.
313 1542 489 1603 Accedebat
505 1542 603 1626 frigus
620 1542 863 1617 intensissimum,
880 1544 956 1604 edeo
972 1544 1104 1606 militnm
1121 1546 1297 1627 corporibus

89 1637 230 1711 noxium,
244 1646 279 1699 nt
292 1638 428 1699 nonnulli
442 1639 542 1700 stetim
555 1640 749 1701 conciderent
762 1639 883 1700 mortui.
917 1640 971 1701 Ad
985 1640 1122 1722 Preelyn·
1130 1643 1183 1703 ubi
1196 1642 1297 1715 Quer·

89 1734 204 1794 terium
215 1732 265 1816 (nt
273 1736 395 1812 vocent)
404 1735 570 1818 principale
582 1744 646 1797 erut
658 1756 728 1797 cum
739 1736 867 1797 biduum
880 1735 1122 1810 substitissemus,
1133 1737 1211 1798 inter
1221 1739 1297 1799 Offi-

89 1830 187 1891 cinlee
202 1830 358 1913 plerosque
373 1831 561 1913 aliquantum
578 1832 792 1893 tumultuatum
809 1841 864 1905 eet,
877 1833 962 1912 quod
975 1832 1061 1893 bonis
1074 1841 1191 1892 tentum
1206 1833 1298 1894 lecte·

91 1936 202 1987 rentur
209 1928 319 2004 verbis,
330 1948 387 1989 nec
400 1928 443 1989 rei
456 1929 637 2009 pecuniarioe
648 1929 816 2009 quidquem
829 1929 886 1991 eibi
897 1936 950 1989 eut
960 1927 1052 1989 militi
1065 1927 1208 1990 exhausto
1220 1932 1297 2010 pene

91 2024 358 2086 etnudodnretur.
380 2025 562 2087 Merebatur
569 2028 689 2107 qnoque
697 2045 758 2086 nou
767 2026 903 2086 obscuris
910 2024 1297 2087 sermonibueGenernlinm

92 2120 286 2200 quorumdum
299 2122 452 2202 iniquitas,
465 2123 519 2202 qui
533 2143 593 2199 eos,
605 2123 714 2203 quibus
728 2123 803 2184 bene
817 2122 930 2184 vellent
942 2122 982 2183 ed
997 2121 1214 2203 Imperatorem
1228 2122 1297 2184 reli·

93 2236 232 2297 quosque
242 2217 403 2300 Principes
412 2217 564 2279 mitterent
573 2218 697 2280 nuncios
707 2227 947 2301 expugnaturum
961 2218 980 2279 l
992 2238 1024 2279 se
1037 2218 1168 2294 urbium,
1182 2228 1217 2280 ut
1229 2240 1296 2281 eem

93 2333 166 2395 quse
176 2313 267 2376 militi
277 2314 435 2376 deberetur
444 2315 613 2377 mercedem
623 2316 832 2398 anticiparent,
844 2314 930 2377 miles
943 2314 1074 2391 interim,
1086 2316 1139 2396 qui
1152 2313 1298 2393 laborem,

95 2411 276 2494 sangninem
287 2420 319 2473 et
328 2413 422 2474 vitem
434 2413 626 2494 exposuisset,
637 2422 746 2494 preter
760 2412 893 2474 miserius
906 2421 936 2474 et
949 2412 1075 2474 vulnere
1085 2412 1129 2472 nil
1141 2413 1297 2476 obtineret.

97 2508 292 2588 Responsum
309 2517 364 2584 eet,
384 2529 420 2570 ee
437 2529 520 2570 nunc
539 2529 603 2570 esse
620 2519 765 2591 tempore,
785 2510 896 2590 quibus
913 2509 986 2571 sotis
1002 2508 1070 2569 lieri
1085 2509 1224 2570 omnibus
1236 2529 1297 2572 non

96 2614 210 2686 posset,
225 2605 250 2666 si
267 2606 448 2687 quendoque
469 2626 532 2668 sors
550 2605 655 2668 melior
671 2607 799 2668 efflseset
812 2606 982 2689 imperinm,
997 2605 1061 2666 fore
1079 2606 1184 2686 utique
1197 2616 1230 2668 ut
1243 2628 1298 2688 pro

96 2701 289 2784 singulorum
304 2702 477 2764 conditione
492 2702 617 2784 praemie
632 2701 729 2764 cuivis
747 2704 990 2765 decernerentur.

141 2797 246 2860 Iberni
266 2799 359 2860 nostri
377 2819 431 2860 sue
451 2799 586 2880 hyberno
604 2799 818 2882 Mecblebnrgi
834 2807 1029 2880 occeperunt:
1055 2799 1147 2861 distet
1164 2799 1300 2863 Mechle-

98 2895 231 2976 bnrgnm
250 2893 311 2956 non
331 2893 389 2956 uisi
405 2894 479 2956 bord
491 2894 664 2969 Wiemerio,
682 2895 761 2958 unde
778 2895 882 2957 Duces
899 2895 1183 2977 Meehleburgenses
1199 2902 1299 2958 ortum

98 3011 190 3052 suum
203 2999 234 3052 et
246 3011 356 3052 nomen
369 2991 510 3052 trehunt:
529 2999 687 3052 tenuerent
699 3011 770 3053 cnm
783 2992 884 3053 locum
894 3012 955 3052 non
969 2991 1064 3052 multb
1074 3000 1143 3052 unte
1155 2992 1215 3053 trie
1225 2993 1300 3054 Sus·

99 3108 206 3148 corum
222 3087 329 3162 millio,
345 3088 398 3149 sed
416 3087 436 3148 b
455 3086 753 3150 Neocleuetrensibus
769 3109 866 3171 nuper
882 3088 982 3150 obruti
1001 3087 1185 3169 dispersique
1203 3100 1299 3167 erent,

99 3184 331 3265 eripuernntque
344 3203 446 3245 omncs
458 3186 552 3266 prope
562 3185 665 3266 Equos
678 3205 748 3246 cum
760 3186 993 3268 impedimentis.
1028 3184 1089 3246 Die
1102 3185 1208 3265 quinti
1220 3187 1301 3248 deei-

100 3279 153 3342 md
165 3281 188 3343 J
189 3281 308 3342 ennerii
321 3280 479 3342 Generalis
491 3281 621 3343 Bredew
634 3301 704 3344 cum
716 3283 825 3344 turmis
837 3283 953 3364 uliqnot
966 3282 1113 3363 Equitum
1126 3281 1158 3341 in
1171 3282 1301 3344 insulam

101 3379 178 3459 Pyll
195 3379 339 3454 excurrit,
353 3377 406 3438 eed
423 3377 539 3438 emissis
556 3377 671 3458 eliqnot
683 3378 715 3441 in
735 3379 821 3460 equis
834 3381 985 3459 equitibus
1001 3378 1067 3439 sine
1082 3377 1183 3440 fructu
1200 3381 1300 3442 rediit.

103 3476 176 3538 Non
193 3475 290 3536 multo
310 3481 378 3556 post
397 3474 503 3536 eodem
525 3474 631 3536 missos
647 3484 692 3537 est
711 3497 782 3538 cum
800 3475 1001 3537 selectiesimis
1019 3475 1198 3556 Dregonum
1211 3475 1302 3538 Colo·

101 3571 200 3634 uellus
213 3572 323 3648 Trosn,
334 3581 369 3632 ut
380 3570 406 3632 si
419 3570 496 3651 quid
508 3571 571 3632 illic
585 3581 767 3634 commestus
779 3572 921 3653 reperiret
933 3571 974 3632 ed
987 3580 1087 3632 nostru
1098 3580 1195 3632 essue
1208 3571 1302 3632 dedu·

102 3679 195 3745 cerel,
209 3669 265 3731 sed
277 3669 372 3730 serius
386 3667 479 3744 venit,
488 3669 555 3749 jem
567 3669 649 3730 euim
659 3669 697 3730 ab
709 3668 888 3731 adversariis
898 3668 1001 3731 omnio
1011 3675 1165 3747 exportate
1173 3666 1302 3744 luerem,
