<?xml version="1.0" encoding="UTF-8"?>
<!DOCTYPE html PUBLIC "-//W3C//DTD XHTML 1.0 Transitional//EN"
    "http://www.w3.org/TR/xhtml1/DTD/xhtml1-transitional.dtd">
<html xmlns="http://www.w3.org/1999/xhtml" xml:lang="en" lang="en">
 <head>
  <title>
</title>
<meta http-equiv="Content-Type" content="text/html;charset=utf-8" />
  <meta name='ocr-system' content='tesseract 3.04.00' />
  <meta name='ocr-capabilities' content='ocr_page ocr_carea ocr_par ocr_line ocrx_word'/>
</head>
<body>
  <div class='ocr_page' id='page_1' title='image "./itinerariumthom00kerngoog_0707.png"; bbox 0 0 3225 4700; ppageno 0'>
   <div class='ocr_carea' id='block_1_1' title="bbox 503 324 1296 394">
    <p class='ocr_par' dir='ltr' id='par_1_1' title="bbox 503 324 1296 394">
     <span class='ocr_line' id='line_1_1' title="bbox 503 324 1296 394; baseline 0.003 -3"><span class='ocrx_word' id='word_1_1' title='bbox 503 326 528 391; x_wconf 94' lang='lat' dir='ltr'><strong><em>I</em></strong></span> <span class='ocrx_word' id='word_1_2' title='bbox 533 324 815 394; x_wconf 81' lang='lat' dir='ltr'><strong><em>TINERARI</em></strong></span> <span class='ocrx_word' id='word_1_3' title='bbox 821 324 910 392; x_wconf 78' lang='grc' dir='ltr'>ΠΜ.</span> <span class='ocrx_word' id='word_1_4' title='bbox 1233 328 1296 394; x_wconf 84' lang='lat'>403</span> 
     </span>
    </p>
   </div>
   <div class='ocr_carea' id='block_1_2' title="bbox 83 490 1293 2034">
    <p class='ocr_par' dir='ltr' id='par_1_2' title="bbox 88 490 1293 769">
     <span class='ocr_line' id='line_1_2' title="bbox 90 490 1293 576; baseline 0.004 -25"><span class='ocrx_word' id='word_1_5' title='bbox 90 509 167 552; x_wconf 87' lang='lat' dir='ltr'>cum</span> <span class='ocrx_word' id='word_1_6' title='bbox 188 490 309 554; x_wconf 87' lang='lat' dir='ltr'>aliunde</span> <span class='ocrx_word' id='word_1_7' title='bbox 330 491 484 575; x_wconf 83' lang='lat' dir='ltr'>provisum</span> <span class='ocrx_word' id='word_1_8' title='bbox 508 513 571 556; x_wconf 68' lang='lat' dir='ltr'>me</span> <span class='ocrx_word' id='word_1_9' title='bbox 597 493 791 576; x_wconf 84' lang='lat' dir='ltr'>Balaquierio</span> <span class='ocrx_word' id='word_1_10' title='bbox 811 503 842 555; x_wconf 85' lang='lat' dir='ltr'>et</span> <span class='ocrx_word' id='word_1_11' title='bbox 862 494 958 556; x_wconf 85' lang='lat' dir='ltr'>milite</span> <span class='ocrx_word' id='word_1_12' title='bbox 977 493 1151 576; x_wconf 74' lang='lat' dir='ltr'>presidium</span> <span class='ocrx_word' id='word_1_13' title='bbox 1171 504 1293 558; x_wconf 81' lang='lat' dir='ltr'>auctum</span> 
     </span>
     <span class='ocr_line' id='line_1_3' title="bbox 89 588 1292 672; baseline 0.004 -25"><span class='ocrx_word' id='word_1_14' title='bbox 89 588 321 670; x_wconf 81' lang='lat' dir='ltr'>comperissent,</span> <span class='ocrx_word' id='word_1_15' title='bbox 343 593 515 652; x_wconf 87' lang='lat' dir='ltr'>cumomni</span> <span class='ocrx_word' id='word_1_16' title='bbox 535 612 605 652; x_wconf 88' lang='lat' dir='ltr'>mox</span> <span class='ocrx_word' id='word_1_17' title='bbox 625 601 772 672; x_wconf 85' lang='lat' dir='ltr'>apparatu</span> <span class='ocrx_word' id='word_1_18' title='bbox 792 610 847 654; x_wconf 86' lang='lat' dir='ltr'>sno</span> <span class='ocrx_word' id='word_1_19' title='bbox 868 591 1006 652; x_wconf 87' lang='lat' dir='ltr'>recedere</span> <span class='ocrx_word' id='word_1_20' title='bbox 1025 591 1122 652; x_wconf 84' lang='lat' dir='ltr'>coacti</span> <span class='ocrx_word' id='word_1_21' title='bbox 1142 597 1213 652; x_wconf 87' lang='lat' dir='ltr'>sunt</span> <span class='ocrx_word' id='word_1_22' title='bbox 1231 612 1292 653; x_wconf 89' lang='lat' dir='ltr'>non</span> 
     </span>
     <span class='ocr_line' id='line_1_4' title="bbox 88 683 948 769; baseline 0.006 -26"><span class='ocrx_word' id='word_1_23' title='bbox 88 683 159 744; x_wconf 84' lang='lat' dir='ltr'>sine</span> <span class='ocrx_word' id='word_1_24' title='bbox 173 686 285 747; x_wconf 86' lang='lat' dir='ltr'>damno</span> <span class='ocrx_word' id='word_1_25' title='bbox 298 707 352 748; x_wconf 89' lang='lat' dir='ltr'>suc</span> <span class='ocrx_word' id='word_1_26' title='bbox 366 687 546 750; x_wconf 89' lang='lat' dir='ltr'>instantibus</span> <span class='ocrx_word' id='word_1_27' title='bbox 560 687 580 749; x_wconf 75' lang='lat' dir='ltr'>b</span> <span class='ocrx_word' id='word_1_28' title='bbox 592 698 677 769; x_wconf 79' lang='lat' dir='ltr'>tergo</span> <span class='ocrx_word' id='word_1_29' title='bbox 690 688 824 750; x_wconf 87' lang='lat' dir='ltr'>hostibus</span> <span class='ocrx_word' id='word_1_30' title='bbox 839 687 948 750; x_wconf 83' lang='lat' dir='ltr'>Gallis.</span> 
     </span>
    </p>

    <p class='ocr_par' dir='ltr' id='par_1_3' title="bbox 86 781 1292 1332">
     <span class='ocr_line' id='line_1_5' title="bbox 135 781 1292 867; baseline 0.006 -26"><span class='ocrx_word' id='word_1_31' title='bbox 135 781 354 845; x_wconf 88' lang='lat' dir='ltr'>Pioolominius</span> <span class='ocrx_word' id='word_1_32' title='bbox 368 805 487 867; x_wconf 85' lang='lat' dir='ltr'>quoque</span> <span class='ocrx_word' id='word_1_33' title='bbox 500 786 554 866; x_wconf 90' lang='lat' dir='ltr'>qui</span> <span class='ocrx_word' id='word_1_34' title='bbox 568 805 629 846; x_wconf 91' lang='lat' dir='ltr'>non</span> <span class='ocrx_word' id='word_1_35' title='bbox 645 786 686 846; x_wconf 89' lang='lat' dir='ltr'>ita</span> <span class='ocrx_word' id='word_1_36' title='bbox 698 786 815 865; x_wconf 81' lang='lat' dir='ltr'>pridem</span> <span class='ocrx_word' id='word_1_37' title='bbox 831 785 978 847; x_wconf 74' lang='lat' dir='ltr'>bOaesare</span> <span class='ocrx_word' id='word_1_38' title='bbox 991 785 1131 846; x_wconf 83' lang='lat' dir='ltr'>dimissus</span> <span class='ocrx_word' id='word_1_39' title='bbox 1143 785 1250 859; x_wconf 85' lang='lat' dir='ltr'>fueret,</span> <span class='ocrx_word' id='word_1_40' title='bbox 1262 795 1292 848; x_wconf 87' lang='lat' dir='ltr'>et</span> 
     </span>
     <span class='ocr_line' id='line_1_6' title="bbox 87 878 1290 965; baseline 0.006 -28"><span class='ocrx_word' id='word_1_41' title='bbox 87 879 132 938; x_wconf 84' lang='lat' dir='ltr'>ad</span> <span class='ocrx_word' id='word_1_42' title='bbox 149 878 304 960; x_wconf 84' lang='lat' dir='ltr'>Hispanos</span> <span class='ocrx_word' id='word_1_43' title='bbox 317 883 474 944; x_wconf 82' lang='lat' dir='ltr'>transierat</span> <span class='ocrx_word' id='word_1_44' title='bbox 487 885 615 963; x_wconf 88' lang='lat' dir='ltr'>primam</span> <span class='ocrx_word' id='word_1_45' title='bbox 629 883 851 964; x_wconf 80' lang='lat' dir='ltr'>expeditionem</span> <span class='ocrx_word' id='word_1_46' title='bbox 865 881 993 943; x_wconf 75' lang='lat' dir='ltr'>feliciter</span> <span class='ocrx_word' id='word_1_47' title='bbox 1004 882 1143 957; x_wconf 78' lang='lat' dir='ltr'>instituit,</span> <span class='ocrx_word' id='word_1_48' title='bbox 1157 883 1290 965; x_wconf 87' lang='lat' dir='ltr'>plurium</span> 
     </span>
     <span class='ocr_line' id='line_1_7' title="bbox 87 978 1289 1061; baseline 0.006 -26"><span class='ocrx_word' id='word_1_49' title='bbox 87 978 173 1036; x_wconf 89' lang='lat' dir='ltr'>enim</span> <span class='ocrx_word' id='word_1_50' title='bbox 183 978 306 1040; x_wconf 79' lang='lat' dir='ltr'>navium</span> <span class='ocrx_word' id='word_1_51' title='bbox 318 979 465 1042; x_wconf 86' lang='lat' dir='ltr'>instructu</span> <span class='ocrx_word' id='word_1_52' title='bbox 474 979 573 1041; x_wconf 85' lang='lat' dir='ltr'>Rosas</span> <span class='ocrx_word' id='word_1_53' title='bbox 581 980 669 1061; x_wconf 85' lang='lat' dir='ltr'>petiit</span> <span class='ocrx_word' id='word_1_54' title='bbox 676 989 707 1041; x_wconf 86' lang='lat' dir='ltr'>et</span> <span class='ocrx_word' id='word_1_55' title='bbox 716 989 885 1041; x_wconf 86' lang='lat' dir='ltr'>commeatu</span> <span class='ocrx_word' id='word_1_56' title='bbox 900 978 1029 1058; x_wconf 89' lang='lat' dir='ltr'>plurimo</span> <span class='ocrx_word' id='word_1_57' title='bbox 1038 979 1289 1060; x_wconf 74' lang='lat' dir='ltr'>opportunissime</span> 
     </span>
     <span class='ocr_line' id='line_1_8' title="bbox 88 1075 1288 1159; baseline 0.004 -24"><span class='ocrx_word' id='word_1_58' title='bbox 88 1076 242 1138; x_wconf 81' lang='lat' dir='ltr'>iustruxit</span> <span class='ocrx_word' id='word_1_59' title='bbox 282 1077 393 1139; x_wconf 85' lang='lat' dir='ltr'>Redux</span> <span class='ocrx_word' id='word_1_60' title='bbox 406 1089 507 1139; x_wconf 87' lang='lat' dir='ltr'>autem</span> <span class='ocrx_word' id='word_1_61' title='bbox 520 1086 650 1159; x_wconf 87' lang='lat' dir='ltr'>quatuor</span> <span class='ocrx_word' id='word_1_62' title='bbox 663 1077 694 1137; x_wconf 90' lang='lat' dir='ltr'>in</span> <span class='ocrx_word' id='word_1_63' title='bbox 714 1097 807 1138; x_wconf 87' lang='lat' dir='ltr'>naves</span> <span class='ocrx_word' id='word_1_64' title='bbox 821 1076 957 1137; x_wconf 86' lang='lat' dir='ltr'>Gallicas</span> <span class='ocrx_word' id='word_1_65' title='bbox 973 1075 1084 1136; x_wconf 80' lang='lat' dir='ltr'>incidit</span> <span class='ocrx_word' id='word_1_66' title='bbox 1096 1095 1204 1156; x_wconf 85' lang='lat' dir='ltr'>easque</span> <span class='ocrx_word' id='word_1_67' title='bbox 1219 1098 1288 1159; x_wconf 89' lang='lat' dir='ltr'>pro·</span> 
     </span>
     <span class='ocr_line' id='line_1_9' title="bbox 86 1171 1288 1256; baseline 0.003 -23"><span class='ocrx_word' id='word_1_68' title='bbox 86 1183 209 1234; x_wconf 85' lang='lat' dir='ltr'>secutus</span> <span class='ocrx_word' id='word_1_69' title='bbox 222 1193 283 1236; x_wconf 91' lang='lat' dir='ltr'>non</span> <span class='ocrx_word' id='word_1_70' title='bbox 300 1175 397 1236; x_wconf 86' lang='lat' dir='ltr'>multo</span> <span class='ocrx_word' id='word_1_71' title='bbox 411 1193 534 1235; x_wconf 89' lang='lat' dir='ltr'>suorum</span> <span class='ocrx_word' id='word_1_72' title='bbox 551 1175 707 1256; x_wconf 86' lang='lat' dir='ltr'>impendio</span> <span class='ocrx_word' id='word_1_73' title='bbox 718 1174 850 1236; x_wconf 80' lang='lat' dir='ltr'>obtinuit</span> <span class='ocrx_word' id='word_1_74' title='bbox 863 1183 894 1234; x_wconf 90' lang='lat' dir='ltr'>et</span> <span class='ocrx_word' id='word_1_75' title='bbox 909 1171 1108 1234; x_wconf 78' lang='lat' dir='ltr'>Tarraconem</span> <span class='ocrx_word' id='word_1_76' title='bbox 1124 1193 1225 1236; x_wconf 84' lang='lat' dir='ltr'>secum</span> <span class='ocrx_word' id='word_1_77' title='bbox 1236 1177 1288 1238; x_wconf 90' lang='lat' dir='ltr'>ad·</span> 
     </span>
     <span class='ocr_line' id='line_1_10' title="bbox 89 1271 190 1332; baseline 0 -2"><span class='ocrx_word' id='word_1_78' title='bbox 89 1271 190 1332; x_wconf 84' lang='lat' dir='ltr'>duxit.</span> 
     </span>
    </p>

    <p class='ocr_par' dir='ltr' id='par_1_4' title="bbox 83 1367 1287 2034">
     <span class='ocr_line' id='line_1_11' title="bbox 131 1367 1287 1449; baseline 0.001 -20"><span class='ocrx_word' id='word_1_79' title='bbox 131 1368 199 1429; x_wconf 87' lang='lat' dir='ltr'>Neo</span> <span class='ocrx_word' id='word_1_80' title='bbox 212 1368 405 1430; x_wconf 83' lang='lat' dir='ltr'>Gestilienses</span> <span class='ocrx_word' id='word_1_81' title='bbox 418 1369 515 1449; x_wconf 75' lang='lat' dir='ltr'>copim</span> <span class='ocrx_word' id='word_1_82' title='bbox 527 1368 632 1430; x_wconf 81' lang='lat' dir='ltr'>otiosoe</span> <span class='ocrx_word' id='word_1_83' title='bbox 646 1368 835 1442; x_wconf 72' lang='lat' dir='ltr'>desidebant,</span> <span class='ocrx_word' id='word_1_84' title='bbox 846 1387 915 1448; x_wconf 79' lang='lat' dir='ltr'>qum</span> <span class='ocrx_word' id='word_1_85' title='bbox 930 1367 968 1428; x_wconf 88' lang='lat' dir='ltr'>ad</span> <span class='ocrx_word' id='word_1_86' title='bbox 981 1367 1177 1428; x_wconf 85' lang='lat' dir='ltr'>Monsoninm</span> <span class='ocrx_word' id='word_1_87' title='bbox 1190 1377 1287 1430; x_wconf 85' lang='lat' dir='ltr'>castra</span> 
     </span>
     <span class='ocr_line' id='line_1_12' title="bbox 85 1464 1287 1545; baseline 0.004 -22"><span class='ocrx_word' id='word_1_88' title='bbox 85 1465 308 1545; x_wconf 86' lang='lat' dir='ltr'>applicuerunt.</span> <span class='ocrx_word' id='word_1_89' title='bbox 350 1467 426 1527; x_wconf 85' lang='lat' dir='ltr'>Erat</span> <span class='ocrx_word' id='word_1_90' title='bbox 450 1465 646 1527; x_wconf 87' lang='lat' dir='ltr'>Monsonium</span> <span class='ocrx_word' id='word_1_91' title='bbox 667 1465 807 1527; x_wconf 89' lang='lat' dir='ltr'>districtu</span> <span class='ocrx_word' id='word_1_92' title='bbox 827 1464 992 1536; x_wconf 88' lang='lat' dir='ltr'>modicam,</span> <span class='ocrx_word' id='word_1_93' title='bbox 1016 1465 1070 1525; x_wconf 89' lang='lat' dir='ltr'>sed</span> <span class='ocrx_word' id='word_1_94' title='bbox 1093 1465 1287 1528; x_wconf 88' lang='lat' dir='ltr'>munimentis</span> 
     </span>
     <span class='ocr_line' id='line_1_13' title="bbox 85 1561 1286 1643; baseline 0.004 -23"><span class='ocrx_word' id='word_1_95' title='bbox 85 1561 223 1634; x_wconf 85' lang='lat' dir='ltr'>firmum,</span> <span class='ocrx_word' id='word_1_96' title='bbox 237 1565 319 1643; x_wconf 89' lang='lat' dir='ltr'>quod</span> <span class='ocrx_word' id='word_1_97' title='bbox 332 1565 372 1624; x_wconf 85' lang='lat' dir='ltr'>ab</span> <span class='ocrx_word' id='word_1_98' title='bbox 383 1583 464 1624; x_wconf 89' lang='lat' dir='ltr'>anno</span> <span class='ocrx_word' id='word_1_99' title='bbox 482 1563 567 1626; x_wconf 86' lang='lat' dir='ltr'>Galli</span> <span class='ocrx_word' id='word_1_100' title='bbox 585 1565 675 1625; x_wconf 87' lang='lat' dir='ltr'>trium</span> <span class='ocrx_word' id='word_1_101' title='bbox 694 1563 951 1624; x_wconf 82' lang='lat' dir='ltr'>hebdomadarum</span> <span class='ocrx_word' id='word_1_102' title='bbox 970 1562 1072 1643; x_wconf 85' lang='lat' dir='ltr'>spacio</span> <span class='ocrx_word' id='word_1_103' title='bbox 1089 1562 1168 1623; x_wconf 85' lang='lat' dir='ltr'>fame</span> <span class='ocrx_word' id='word_1_104' title='bbox 1182 1563 1221 1624; x_wconf 85' lang='lat' dir='ltr'>ad</span> <span class='ocrx_word' id='word_1_105' title='bbox 1233 1564 1286 1625; x_wconf 88' lang='lat' dir='ltr'>de·</span> 
     </span>
     <span class='ocr_line' id='line_1_14' title="bbox 85 1657 1286 1742; baseline 0.001 -24"><span class='ocrx_word' id='word_1_106' title='bbox 85 1658 233 1720; x_wconf 88' lang='lat' dir='ltr'>ditionem</span> <span class='ocrx_word' id='word_1_107' title='bbox 261 1661 477 1742; x_wconf 79' lang='lat' dir='ltr'>compulerant,</span> <span class='ocrx_word' id='word_1_108' title='bbox 504 1661 535 1721; x_wconf 92' lang='lat' dir='ltr'>id</span> <span class='ocrx_word' id='word_1_109' title='bbox 558 1678 640 1722; x_wconf 87' lang='lat' dir='ltr'>nuuc</span> <span class='ocrx_word' id='word_1_110' title='bbox 663 1661 786 1721; x_wconf 88' lang='lat' dir='ltr'>tandem</span> <span class='ocrx_word' id='word_1_111' title='bbox 810 1657 1044 1722; x_wconf 73' lang='lat' dir='ltr'>Cantiliouenses</span> <span class='ocrx_word' id='word_1_112' title='bbox 1064 1672 1286 1742; x_wconf 81' lang='lat' dir='ltr'>recuperarunt.</span> 
     </span>
     <span class='ocr_line' id='line_1_15' title="bbox 85 1755 1286 1840; baseline 0.002 -26"><span class='ocrx_word' id='word_1_113' title='bbox 85 1755 230 1817; x_wconf 78' lang='lat' dir='ltr'>Vicinam</span> <span class='ocrx_word' id='word_1_114' title='bbox 244 1759 429 1820; x_wconf 81' lang='lat' dir='ltr'>verbamem</span> <span class='ocrx_word' id='word_1_115' title='bbox 443 1758 476 1818; x_wconf 91' lang='lat' dir='ltr'>in</span> <span class='ocrx_word' id='word_1_116' title='bbox 489 1777 581 1838; x_wconf 83' lang='lat' dir='ltr'>quem</span> <span class='ocrx_word' id='word_1_117' title='bbox 595 1767 725 1839; x_wconf 83' lang='lat' dir='ltr'>quatum</span> <span class='ocrx_word' id='word_1_118' title='bbox 736 1756 893 1840; x_wconf 76' lang='lat' dir='ltr'>globorum</span> <span class='ocrx_word' id='word_1_119' title='bbox 909 1755 1005 1816; x_wconf 86' lang='lat' dir='ltr'>millia</span> <span class='ocrx_word' id='word_1_120' title='bbox 1019 1755 1175 1818; x_wconf 80' lang='lat' dir='ltr'>immisisse</span> <span class='ocrx_word' id='word_1_121' title='bbox 1186 1756 1286 1818; x_wconf 80' lang='lat' dir='ltr'>serun-</span> 
     </span>
     <span class='ocr_line' id='line_1_16' title="bbox 84 1855 1287 1936; baseline 0.002 -24"><span class='ocrx_word' id='word_1_122' title='bbox 84 1864 148 1925; x_wconf 87' lang='lat' dir='ltr'>tur,</span> <span class='ocrx_word' id='word_1_123' title='bbox 162 1863 264 1915; x_wconf 86' lang='lat' dir='ltr'>et-tres</span> <span class='ocrx_word' id='word_1_124' title='bbox 273 1855 432 1916; x_wconf 84' lang='lat' dir='ltr'>cuniculos</span> <span class='ocrx_word' id='word_1_125' title='bbox 445 1855 636 1916; x_wconf 74' lang='lat' dir='ltr'>succendisse</span> <span class='ocrx_word' id='word_1_126' title='bbox 650 1856 693 1917; x_wconf 90' lang='lat' dir='ltr'>ita</span> <span class='ocrx_word' id='word_1_127' title='bbox 705 1855 737 1915; x_wconf 89' lang='lat' dir='ltr'>in</span> <span class='ocrx_word' id='word_1_128' title='bbox 747 1864 925 1936; x_wconf 86' lang='lat' dir='ltr'>potestatem</span> <span class='ocrx_word' id='word_1_129' title='bbox 937 1864 1123 1934; x_wconf 85' lang='lat' dir='ltr'>receperunt,</span> <span class='ocrx_word' id='word_1_130' title='bbox 1133 1863 1166 1914; x_wconf 88' lang='lat' dir='ltr'>ut</span> <span class='ocrx_word' id='word_1_131' title='bbox 1179 1863 1287 1934; x_wconf 79' lang='lat' dir='ltr'>praeter</span> 
     </span>
     <span class='ocr_line' id='line_1_17' title="bbox 83 1951 658 2034; baseline 0.007 -25"><span class='ocrx_word' id='word_1_132' title='bbox 83 1969 227 2011; x_wconf 83' lang='lat' dir='ltr'>acervum</span> <span class='ocrx_word' id='word_1_133' title='bbox 242 1951 377 2032; x_wconf 88' lang='lat' dir='ltr'>lapidum</span> <span class='ocrx_word' id='word_1_134' title='bbox 390 1951 468 2012; x_wconf 90' lang='lat' dir='ltr'>nihil</span> <span class='ocrx_word' id='word_1_135' title='bbox 483 1951 658 2034; x_wconf 85' lang='lat' dir='ltr'>reperirent.</span> 
     </span>
    </p>
   </div>
   <div class='ocr_carea' id='block_1_3' title="bbox 113 2264 1249 2693">
    <p class='ocr_par' dir='ltr' id='par_1_5' title="bbox 113 2264 1249 2693">
     <span class='ocr_line' id='line_1_18' title="bbox 113 2264 1249 2481; baseline -0.001 -46"><span class='ocrx_word' id='word_1_136' title='bbox 113 2264 1249 2481; x_wconf 43' lang='lat' dir='ltr'>&amp;mmmmm-‘mmm</span> 
     </span>
     <span class='ocr_line' id='line_1_19' title="bbox 493 2614 868 2693; baseline -0.008 0"><span class='ocrx_word' id='word_1_137' title='bbox 493 2615 665 2693; x_wconf 85' lang='lat' dir='ltr'><strong>CAPUT</strong></span> <span class='ocrx_word' id='word_1_138' title='bbox 692 2614 868 2691; x_wconf 88' lang='lat' dir='ltr'>LXXIV.</span> 
     </span>
    </p>
   </div>
   <div class='ocr_carea' id='block_1_4' title="bbox 87 2810 1272 3109">
    <p class='ocr_par' dir='ltr' id='par_1_6' title="bbox 87 2810 1272 3109">
     <span class='ocr_line' id='line_1_20' title="bbox 87 2810 1272 2902; baseline -0.006 -18"><span class='ocrx_word' id='word_1_139' title='bbox 87 2820 321 2884; x_wconf 80' lang='lat' dir='ltr'>Testamentum</span> <span class='ocrx_word' id='word_1_140' title='bbox 334 2838 385 2881; x_wconf 80' lang='lat' dir='ltr'>teu</span> <span class='ocrx_word' id='word_1_141' title='bbox 396 2826 552 2902; x_wconf 81' lang='lat' dir='ltr'>postrema</span> <span class='ocrx_word' id='word_1_142' title='bbox 566 2814 710 2880; x_wconf 77' lang='lat' dir='ltr'>voluntas</span> <span class='ocrx_word' id='word_1_143' title='bbox 724 2814 824 2900; x_wconf 78' lang='lat' dir='ltr'>Repis</span> <span class='ocrx_word' id='word_1_144' title='bbox 841 2810 1102 2878; x_wconf 77' lang='lat' dir='ltr'>christianissimi</span> <span class='ocrx_word' id='word_1_145' title='bbox 1117 2810 1272 2877; x_wconf 84' lang='lat' dir='ltr'>Lndooics&#39;</span> 
     </span>
     <span class='ocr_line' id='line_1_21' title="bbox 141 2918 1215 3008; baseline -0.003 -22"><span class='ocrx_word' id='word_1_146' title='bbox 141 2921 252 2989; x_wconf 88' lang='lat' dir='ltr'><strong><em>XIII.</em></strong></span> <span class='ocrx_word' id='word_1_147' title='bbox 267 2923 392 3008; x_wconf 77' lang='lat' dir='ltr'>eJ&#39;neque</span> <span class='ocrx_word' id='word_1_148' title='bbox 406 2918 517 2984; x_wconf 71' lang='lat' dir='ltr'>obiter.</span> <span class='ocrx_word' id='word_1_149' title='bbox 568 2918 673 2983; x_wconf 72' lang='lat' dir='ltr'>Vario</span> <span class='ocrx_word' id='word_1_150' title='bbox 688 2920 763 2985; x_wconf 80' lang='lat' dir='ltr'>item</span> <span class='ocrx_word' id='word_1_151' title='bbox 777 2919 985 3003; x_wconf 74' lang='lat' dir='ltr'>expeditiones</span> <span class='ocrx_word' id='word_1_152' title='bbox 994 2941 1054 3005; x_wconf 88' lang='lat' dir='ltr'>per</span> <span class='ocrx_word' id='word_1_153' title='bbox 1070 2918 1215 3005; x_wconf 82' lang='lat' dir='ltr'>Belgium</span> 
     </span>
     <span class='ocr_line' id='line_1_22' title="bbox 518 3019 1003 3109; baseline -0.002 -23"><span class='ocrx_word' id='word_1_154' title='bbox 518 3020 539 3086; x_wconf 84' lang='lat' dir='ltr'>d</span> <span class='ocrx_word' id='word_1_155' title='bbox 558 3019 665 3087; x_wconf 76' lang='lat' dir='ltr'>Gallis</span> <span class='ocrx_word' id='word_1_156' title='bbox 677 3033 833 3109; x_wconf 75' lang='lat' dir='ltr'>suscepte.</span> <span class='ocrx_word' id='word_1_157' title='bbox 1001 3038 1003 3045; x_wconf 81' lang='grc'><em>’</em></span> 
     </span>
    </p>
   </div>
   <div class='ocr_carea' id='block_1_5' title="bbox 17 3167 1280 3390">
    <p class='ocr_par' dir='ltr' id='par_1_7' title="bbox 17 3167 1280 3390">
     <span class='ocr_line' id='line_1_23' title="bbox 17 3167 1280 3287; baseline 0.003 -19"><span class='ocrx_word' id='word_1_158' title='bbox 17 3228 19 3234; x_wconf 32' lang='grc' dir='ltr'><em>ν</em></span> <span class='ocrx_word' id='word_1_159' title='bbox 81 3175 144 3273; x_wconf 46' lang='grc' dir='ltr'>(5ἓῖ</span> <span class='ocrx_word' id='word_1_160' title='bbox 166 3167 320 3287; x_wconf 34' lang='lat' dir='ltr'>{aff</span> <span class='ocrx_word' id='word_1_161' title='bbox 341 3208 575 3271; x_wconf 83' lang='lat' dir='ltr'>nnovmus</span> <span class='ocrx_word' id='word_1_162' title='bbox 588 3207 691 3268; x_wconf 91' lang='lat' dir='ltr'><strong>x111.</strong></span> <span class='ocrx_word' id='word_1_163' title='bbox 707 3207 818 3270; x_wconf 63' lang='lat' dir='ltr'>carne</span> <span class='ocrx_word' id='word_1_164' title='bbox 831 3217 863 3270; x_wconf 72' lang='lat' dir='ltr'>et</span> <span class='ocrx_word' id='word_1_165' title='bbox 877 3208 1100 3271; x_wconf 57' lang='lat' dir='ltr'>nanneno</span> <span class='ocrx_word' id='word_1_166' title='bbox 1114 3210 1280 3273; x_wconf 68' lang='lat' dir='ltr'>christan-</span> 
     </span>
     <span class='ocr_line' id='line_1_24' title="bbox 82 3223 1279 3390; baseline 0.004 -23.992"><span class='ocrx_word' id='word_1_167' title='bbox 82 3283 134 3390; x_wconf 41' lang='lat'>&lt;3⁵³</span> <span class='ocrx_word' id='word_1_168' title='bbox 185 3223 322 3383; x_wconf 37' lang='grc' dir='ltr'>(ξᾴθέ</span> <span class='ocrx_word' id='word_1_169' title='bbox 360 3307 489 3377; x_wconf 86' lang='lat' dir='ltr'>issimus,</span> <span class='ocrx_word' id='word_1_170' title='bbox 511 3306 583 3367; x_wconf 92' lang='lat' dir='ltr'>dum</span> <span class='ocrx_word' id='word_1_171' title='bbox 606 3306 731 3385; x_wconf 86' lang='lat' dir='ltr'>Europa</span> <span class='ocrx_word' id='word_1_172' title='bbox 749 3326 826 3386; x_wconf 91' lang='lat' dir='ltr'>pene</span> <span class='ocrx_word' id='word_1_173' title='bbox 846 3315 908 3367; x_wconf 88' lang='lat' dir='ltr'>tota</span> <span class='ocrx_word' id='word_1_174' title='bbox 922 3306 1034 3368; x_wconf 82' lang='lat' dir='ltr'>offenso</span> <span class='ocrx_word' id='word_1_175' title='bbox 1056 3307 1155 3369; x_wconf 82' lang='lat' dir='ltr'>Marte</span> <span class='ocrx_word' id='word_1_176' title='bbox 1169 3307 1279 3389; x_wconf 84' lang='lat' dir='ltr'>flagret</span> 
     </span>
    </p>
   </div>
   <div class='ocr_carea' id='block_1_6' title="bbox 78 3359 1286 3779">
    <p class='ocr_par' dir='ltr' id='par_1_8' title="bbox 78 3359 1286 3779">
     <span class='ocr_line' id='line_1_25' title="bbox 87 3359 1278 3547; baseline 0.007 -89"><span class='ocrx_word' id='word_1_177' title='bbox 87 3415 147 3510; x_wconf 54' lang='lat' dir='ltr'>&#39;Q</span> <span class='ocrx_word' id='word_1_178' title='bbox 186 3359 325 3547; x_wconf 40' lang='lat' dir='ltr'>‘cariffi</span> <span class='ocrx_word' id='word_1_179' title='bbox 361 3404 503 3466; x_wconf 86' lang='lat' dir='ltr'>intestino</span> <span class='ocrx_word' id='word_1_180' title='bbox 517 3402 820 3473; x_wconf 84' lang='lat' dir='ltr'>intravisoerahoste,</span> <span class='ocrx_word' id='word_1_181' title='bbox 829 3404 1020 3465; x_wconf 85' lang='lat' dir='ltr'>etoccultavi</span> <span class='ocrx_word' id='word_1_182' title='bbox 1030 3404 1124 3465; x_wconf 89' lang='lat' dir='ltr'>morbi</span> <span class='ocrx_word' id='word_1_183' title='bbox 1134 3405 1278 3485; x_wconf 85' lang='lat' dir='ltr'>paulatim</span> 
     </span>
     <span class='ocr_line' id='line_1_26' title="bbox 88 3445 1286 3621; baseline 0.007 -66"><span class='ocrx_word' id='word_1_184' title='bbox 88 3445 146 3572; x_wconf 51' lang='lat' dir='ltr'>If?</span> <span class='ocrx_word' id='word_1_185' title='bbox 186 3448 304 3621; x_wconf 53' lang='lat' dir='ltr'><em>Q</em></span> <span class='ocrx_word' id='word_1_186' title='bbox 322 3544 332 3590; x_wconf 78' lang='lat'>·,</span> <span class='ocrx_word' id='word_1_187' title='bbox 361 3502 532 3583; x_wconf 89' lang='lat' dir='ltr'>depascitur</span> <span class='ocrx_word' id='word_1_188' title='bbox 544 3520 581 3561; x_wconf 88' lang='lat' dir='ltr'>ac</span> <span class='ocrx_word' id='word_1_189' title='bbox 597 3501 709 3561; x_wconf 87' lang='lat' dir='ltr'>sensim</span> <span class='ocrx_word' id='word_1_190' title='bbox 722 3500 787 3561; x_wconf 89' lang='lat' dir='ltr'>siue</span> <span class='ocrx_word' id='word_1_191' title='bbox 799 3520 888 3563; x_wconf 86' lang='lat' dir='ltr'>sensu</span> <span class='ocrx_word' id='word_1_192' title='bbox 898 3502 938 3561; x_wconf 92' lang='lat' dir='ltr'>ad</span> <span class='ocrx_word' id='word_1_193' title='bbox 951 3503 1022 3561; x_wconf 81' lang='lat' dir='ltr'>vitae</span> <span class='ocrx_word' id='word_1_194' title='bbox 1036 3510 1129 3561; x_wconf 86' lang='lat' dir='ltr'>metas</span> <span class='ocrx_word' id='word_1_195' title='bbox 1143 3501 1286 3582; x_wconf 44' lang='lat' dir='ltr'>perduci-⁸</span> 
     </span>
     <span class='ocr_line' id='line_1_27' title="bbox 87 3547 1280 3677; baseline 0.018 -39"><span class='ocrx_word' id='word_1_196' title='bbox 87 3547 147 3658; x_wconf 55' lang='grc' dir='ltr'>’ξ</span> <span class='ocrx_word' id='word_1_197' title='bbox 156 3638 189 3654; x_wconf 23' lang='lat' dir='ltr'>..f</span> <span class='ocrx_word' id='word_1_198' title='bbox 214 3581 264 3659; x_wconf 62' lang='lat'>‚„‘,</span> <span class='ocrx_word' id='word_1_199' title='bbox 291 3593 333 3645; x_wconf 64' lang='lat' dir='ltr'>t?</span> <span class='ocrx_word' id='word_1_200' title='bbox 359 3610 419 3660; x_wconf 88' lang='lat' dir='ltr'>tur.</span> <span class='ocrx_word' id='word_1_201' title='bbox 460 3595 572 3659; x_wconf 75' lang='lat' dir='ltr'>vitalis</span> <span class='ocrx_word' id='word_1_202' title='bbox 589 3597 711 3677; x_wconf 87' lang='lat' dir='ltr'>spiritus</span> <span class='ocrx_word' id='word_1_203' title='bbox 729 3597 871 3677; x_wconf 86' lang='lat' dir='ltr'>reliquias</span> <span class='ocrx_word' id='word_1_204' title='bbox 887 3618 955 3658; x_wconf 89' lang='lat' dir='ltr'>cum</span> <span class='ocrx_word' id='word_1_205' title='bbox 971 3596 1051 3658; x_wconf 89' lang='lat' dir='ltr'>haud</span> <span class='ocrx_word' id='word_1_206' title='bbox 1065 3598 1280 3659; x_wconf 86' lang='lat' dir='ltr'>diuturnassu·</span> 
     </span>
     <span class='ocr_line' id='line_1_28' title="bbox 78 3694 1281 3779; baseline 0.002 -24"><span class='ocrx_word' id='word_1_207' title='bbox 78 3695 249 3779; x_wconf 84' lang='lat' dir='ltr'>perfaturas</span> <span class='ocrx_word' id='word_1_208' title='bbox 262 3697 387 3771; x_wconf 80' lang='lat' dir='ltr'>videret,</span> <span class='ocrx_word' id='word_1_209' title='bbox 401 3716 494 3779; x_wconf 83' lang='lat' dir='ltr'>regno</span> <span class='ocrx_word' id='word_1_210' title='bbox 512 3715 568 3757; x_wconf 88' lang='lat' dir='ltr'>sno</span> <span class='ocrx_word' id='word_1_211' title='bbox 581 3706 612 3756; x_wconf 88' lang='lat' dir='ltr'>et</span> <span class='ocrx_word' id='word_1_212' title='bbox 626 3695 712 3755; x_wconf 88' lang='lat' dir='ltr'>rebus</span> <span class='ocrx_word' id='word_1_213' title='bbox 730 3694 858 3775; x_wconf 88' lang='lat' dir='ltr'>publicis</span> <span class='ocrx_word' id='word_1_214' title='bbox 878 3695 1032 3776; x_wconf 80' lang='lat' dir='ltr'>providere</span> <span class='ocrx_word' id='word_1_215' title='bbox 1046 3696 1220 3776; x_wconf 74' lang='lat' dir='ltr'>tempestive</span> <span class='ocrx_word' id='word_1_216' title='bbox 1235 3696 1281 3756; x_wconf 91' lang='lat' dir='ltr'>in·</span> 
     </span>
    </p>
   </div>
   <div class='ocr_carea' id='block_1_7' title="bbox 0 0 1618 4700">
    <p class='ocr_par' dir='ltr' id='par_1_9' title="bbox 0 0 1618 4700">
     <span class='ocr_line' id='line_1_29' title="bbox 0 0 1618 4700; baseline 0 6"><span class='ocrx_word' id='word_1_217' title='bbox 0 0 1618 4700; x_wconf 95' lang='lat' dir='ltr'> </span> 
     </span>
    </p>
   </div>
  </div>
 </body>
</html>
