3225 4700
490 333 513 398 I
519 332 792 400 TINERARI
800 332 887 399 UM.
1217 336 1278 401 199

68 481 124 544 id
137 503 235 545 unum
248 484 403 547 intendere
416 486 541 548 sollicite
554 486 660 557 voluit,
672 494 707 549 nt
720 506 759 548 ne
768 506 806 547 ex
819 484 980 567 improviso
989 486 1184 548 obruerentur
1193 488 1280 570 cujus

72 579 134 639 rei
148 580 322 643 devitandae
335 600 425 642 musa
436 581 688 644 consultissimum
702 582 765 644 fore
782 583 909 664 putavit,
922 582 1079 645 hostilibus
1092 583 1196 663 copiis,
1209 594 1280 645 ante

69 694 159 736 suas
171 676 310 757 objicere,
331 696 422 757 quem
441 676 565 739 ulterius
581 688 810 759 promoverent:
833 678 961 759 ideoque
978 698 1040 740 nus
1051 698 1121 740 cnm
1134 678 1280 741 militibus

73 771 223 833 delectos
235 772 339 853 patria
353 772 469 834 uiamos
482 772 666 853 rusticosque
675 792 750 853 qnos
762 793 870 855 cogere
880 774 979 836 subito
991 782 1107 855 poterat
1118 776 1280 838 convenire

68 867 189 947 jussit,
206 868 432 949 conjunctisque
447 869 562 931 viribus
575 868 654 930 hosti
670 888 732 930 sese
747 869 888 950 objicere,
903 869 971 929 etsi
983 888 1044 949 qua
1055 870 1173 931 ceculo
1187 870 1280 933 ferret

75 971 171 1025 retro
180 962 299 1044 pellere,
310 964 477 1047 praecipuos
485 984 604 1045 quoque
613 964 754 1026 transitus
765 984 818 1025 seu
827 984 930 1046 passus
939 965 1044 1046 petrin
1051 965 1179 1042 munire,
1189 977 1280 1048 atque

75 1058 262 1121 defendere.

129 1154 208 1214 Erat
220 1162 292 1215 tnnc
304 1152 381 1215 forte
396 1157 542 1237 Auguste
555 1153 747 1215 'l'revirornm
762 1153 974 1216 Serenissimns
988 1153 1189 1239 Iotharingire
1204 1156 1278 1219 Dux

81 1247 231 1324 Carolus,
251 1268 312 1309 nna
332 1269 401 1311 cum
424 1248 579 1311 Praedicto
598 1248 711 1331 vigiliis
733 1248 883 1311 Praet'eeto
905 1250 1025 1311 Barone
1048 1250 1086 1312 de
1109 1250 1204 1331 Becq,
1227 1253 1281 1332 qui

81 1364 212 1407 omnem
228 1364 348 1426 operam
365 1344 499 1407 studium
513 1344 643 1407 laborem
661 1344 694 1405 in
707 1344 741 1406 id
758 1344 979 1426 impenderunt,
996 1353 1029 1407 nt
1042 1366 1079 1407 ne
1093 1344 1281 1408 Mosellanus

82 1440 218 1503 Tractus
238 1440 354 1521 aliquid
371 1440 544 1503 detrimenti
560 1442 598 1503 ab
616 1440 701 1503 hoste
722 1448 883 1521 pateretur.
934 1441 994 1503 His
1011 1462 1073 1503 uon
1094 1432 1281 1505 obstantibus

83 1536 308 1599 wimarienses
324 1536 520 1599 nibilominus
535 1537 652 1599 fortiter
669 1538 870 1617 audenterque
886 1538 1035 1619 progressi
1048 1546 1128 1615 snut,
1146 1548 1177 1601 et
1188 1539 1280 1600 variis

82 1633 121 1695 in
136 1633 211 1695 locis'
224 1632 330 1696 Salvus
342 1632 492 1705 Quurdiss
505 1644 539 1695 ut
550 1642 660 1695 vocent
672 1634 819 1695 excubare
832 1633 865 1693 in
877 1643 992 1695 nostros
1005 1633 1082 1695 serio
1098 1626 1278 1710 ¹vol'uernnt3
1340 1654 1345 1661 ·

83 1738 120 1791 et
133 1729 208 1791 lieet
218 1729 238 1791 b
250 1729 475 1791 Trevireusibus
488 1728 559 1791 binc
577 1729 648 1791 iude
666 1727 842 1810 saepiuscule
856 1728 1112 1809 interciperentur,
1135 1730 1279 1793 Sanctum

81 1832 193 1886 tamen
206 1812 420 1887 Wendeliunm
439 1824 580 1906 impetere
596 1844 658 1884 nou
671 1823 857 1899 dubitarunt,
870 1843 960 1904 quem
978 1824 1077 1885 locum
1095 1826 1144 1887 die
1161 1827 1280 1909 integro

86 1920 255 2001 majoribus
271 1919 426 1981 tormentis
439 1928 560 1999 quatere
576 1928 646 1981 sunt
660 1918 735 1991 ausi,
751 1919 958 2000 sedquoniam
972 1919 1004 1981 in
1017 1920 1090 1982 urbe
1105 1922 1279 2002 presidium

86 2026 159 2077 erat
171 2036 230 2077 non
242 2026 301 2079 tem
315 2015 391 2079 forte
403 2034 494 2096 quam
506 2013 684 2088 animosum,
699 2013 791 2075 hostis
804 2013 933 2095 impetus
946 2014 1083 2095 repressit
1095 2014 1209 2077 sortiter
1220 2035 1280 2080 uou

88 2110 161 2173 sine
174 2110 332 2173 multorum
344 2111 490 2194 sanguine
502 2120 533 2172 et
544 2120 648 2173 morte.
689 2110 762 2172 Duo
774 2109 826 2171 bic
840 2119 989 2173 tormenta
999 2110 1108 2173 bellica
1119 2130 1190 2173 cum
1202 2108 1280 2173 besti

87 2208 125 2273 vi
148 2206 278 2287 pulveris
297 2208 482 2269 tormentarii
504 2227 608 2271 eversa
631 2216 737 2283 essent,
760 2206 872 2269 iniecta
892 2227 925 2269 re
947 2207 1052 2269 cedere
1071 2206 1143 2269 iude
1166 2208 1280 2282 debuit,

88 2303 223 2366 maxime
234 2302 381 2384 quiajam
394 2302 521 2366 relatum
534 2312 608 2378 erat,
626 2322 728 2364 omnes
743 2300 923 2384 Hispauicns
940 2302 1041 2382 copias
1055 2322 1115 2364 uua
1131 2322 1201 2366 cnm
1218 2314 1280 2368 tor·

87 2399 200 2462 mentis
212 2399 374 2480 majoribus
386 2398 502 2462 Treviri
511 2417 574 2460 esse
586 2399 740 2480 expedites
753 2408 784 2461 et
796 2399 828 2460 in
841 2397 998 2480 procinctu
1010 2407 1045 2459 nt
1056 2398 1135 2461 irent
1147 2400 1277 2462 obsidio-

89 2515 162 2558 nem
179 2495 332 2558 solutum.
375 2495 447 2558 Non
461 2503 560 2558 umen
579 2494 648 2556 ideo
664 2493 787 2555 omniuo
799 2493 938 2573 quievere
951 2492 1060 2570 hostes,
1074 2494 1148 2574 quin
1161 2495 1278 2560 Cellam

89 2591 133 2652 ad
147 2591 307 2655 Mosellam
321 2591 411 2652 situm
423 2590 568 2672 oppidum
582 2589 810 2673 aggrediuntur,
826 2584 880 2650 sed
896 2609 953 2650 nec
969 2588 1021 2651 bic
1034 2591 1199 2672 quidquem
1211 2613 1281 2674 pro·

89 2685 239 2762 iecerunt,
252 2686 446 2766 similiterque
460 2705 529 2748 oum
540 2686 651 2747 damno
663 2683 774 2766 repulsi
787 2693 869 2759 sunt,
880 2683 1058 2748 deiendebnt
1070 2704 1199 2768 namque
1209 2708 1278 2750 eum

89 2781 195 2844 locum
208 2782 335 2844 eximius
349 2782 423 2844 Dux
435 2801 488 2843 seu
506 2779 678 2844 Colonellns
697 2779 826 2842 Ioannes
845 2779 926 2841 Beer
938 2779 958 2841 i
971 2779 1048 2842 laer
1064 2783 1151 2865 cnjus
1164 2785 1280 2845 animo·

90 2879 164 2940 sitas
180 2879 291 2960 passim
308 2890 372 2939 erat
390 2877 553 2940 notissima.
594 2876 645 2938 Ita
657 2874 751 2957 igitur
761 2873 898 2936 Mosella
910 2883 1038 2938 tractum
1052 2877 1183 2959 Hispani
1197 2879 1279 2942 con-

90 2974 249 3036 fluentiam
257 2993 351 3055 usque
357 2973 560 3046 muniverunt,
569 2981 604 3033 ut
611 2971 716 3034 Sueeis
723 2971 860 3052 nuspiam
868 2969 954 3032 fieret
960 2973 1134 3036 mseundi
1142 2974 1279 3053 incultus,

91 3081 123 3132 et
136 3069 209 3132 licet
221 3068 459 3132 Berncastellum
469 3078 501 3130 et
513 3067 737 3131 Cestellaunnm
752 3087 791 3128 ex
806 3066 944 3129 citeriore
961 3067 1028 3148 ripa
1044 3069 1279 3152 intercepissent.

92 3185 241 3247 nusquam
258 3174 358 3228 tamer
376 3165 408 3226 in
423 3164 593 3226 ulteriorem
606 3163 702 3244 ripam
715 3161 875 3244 enavigare
887 3171 1152 3245 quantumcunque
1164 3167 1280 3230 lsbora.

91 3270 170 3337 rent,
195 3261 261 3324 ausi
286 3270 365 3336 sunt,
385 3259 507 3343 vigilem
529 3257 733 3340 Hispanorum
754 3257 958 3319 fortitudinem
980 3258 1077 3322 veriti.
1118 3262 1225 3343 Itnqne
1247 3285 1280 3326 se

92 3358 214 3420 endem
227 3365 471 3430 retroverternnt,
484 3363 515 3418 et
527 3373 596 3416 cum
609 3353 668 3416 alio
680 3354 807 3416 movisse
825 3352 987 3414 Bararicns
1003 3355 1104 3434 copias
1119 3356 1280 3420 intellexis-

91 3464 161 3515 sent
173 3473 234 3514 non
246 3451 348 3534 procul
363 3450 465 3534 Bings
478 3449 623 3512 naviculis
640 3459 750 3512 temere
765 3459 797 3512 et
812 3447 1005 3511 tumultuario
1020 3470 1109 3532 opere
1127 3455 1280 3536 compagi-

94 3549 174 3612 natis
187 3548 344 3612 transitum
356 3547 453 3610 moliti
465 3556 544 3622 sunt,
558 3565 594 3608 ec
606 3543 733 3608 feliciter
746 3545 865 3608 nemius
878 3544 1031 3610 resistente
1042 3547 1244 3612 obtinuerunt.
