3225 4700
500 321 898 394 ITINERARIUM.
1228 330 1289 397 231

100 471 144 535 tia
152 491 207 554 spe
216 472 283 547 isit,
291 470 460 553 bonamque
472 484 587 555 parbem
600 474 722 550 cecidit,
733 474 863 556 reliquos
873 476 912 537 ad
925 475 1061 539 iteratam
1069 477 1173 562 legam
1182 479 1292 543 iterum

98 568 271 649 iterumque
289 568 444 650 compulit.
486 569 527 633 Iu
543 570 603 634 boe
620 572 765 635 conflictu
784 572 943 635 Generalis
962 574 1167 639 locumtenens
1182 576 1293 640 Comes

99 664 205 727 Bossu
224 664 333 727 Gallus
349 665 545 748 iuteremptus
563 675 618 741 est,
631 668 749 751 ipsique
762 667 877 731 Gomiti
891 669 1042 752 Buoquoy
1054 672 1181 754 pilense
1193 674 1293 756 capite

99 780 243 823 exeamus
256 760 371 844 globuli
385 762 403 823 t
416 758 517 824 fistuli
529 762 661 843 pulveris
673 763 760 845 pyrei
772 764 804 825 vi
817 765 943 828 emisso:
961 787 1020 829 nec
1031 777 1193 851 potnerunt
1208 772 1294 834 Bne·

101 856 237 938 qnoyani
246 856 355 919 milites
362 857 832 940 antedcouilictnretrahiquam
840 862 1021 945 quingentos
1028 884 1144 940 currus,
1153 866 1295 949 opulenta

100 973 224 1018 annona
240 951 371 1015 obfertcs
388 953 624 1035 intercepissent,
638 964 669 1017 et
686 956 804 1018 salvum
818 958 1004 1022 conductum
1018 961 1156 1025 curribus
1168 962 1294 1047 edjnnc·

100 1058 169 1111 tum
181 1048 336 1132 potissimi
347 1070 386 1111 ex
397 1060 482 1132 purte
495 1051 653 1114 fudissent.

142 1146 260 1209 Eodem
278 1166 372 1227 prope
391 1156 524 1229 tempore
543 1147 616 1211 alibi
635 1170 693 1232 ope
713 1150 952 1233 Iamboycarum
974 1152 1145 1236 legionum
1163 1154 1294 1237 Hispani

102 1243 309 1325 septingentos
328 1242 548 1327 quinquaginta
569 1266 673 1307 currus
692 1266 812 1309 annona
830 1248 989 1311 instructus
1007 1250 1244 1332 interceperunt,
1265 1260 1296 1315 et

103 1338 186 1401 mille
206 1339 314 1401 Gallos
331 1340 364 1401 in
385 1340 589 1403 defensionem
606 1343 743 1405 curribus
762 1343 881 1406 additos
894 1344 1098 1407 internecione
1110 1346 1294 1410 deleremut.

104 1433 176 1507 Quo
194 1436 301 1497 eodem
316 1436 369 1499 dic
386 1436 471 1499 Galli
494 1438 671 1501 semilunam
694 1449 764 1501 ante
781 1439 936 1502 civitatem
955 1441 1050 1503 multa
1069 1462 1193 1505 suornm
1212 1443 1296 1505 crede

104 1530 300 1614 oocapbruul,
311 1533 366 1594 aed
378 1552 450 1595 mox
463 1544 581 1615 postero
591 1534 641 1597 die
654 1535 692 1596 ab
704 1536 831 1597 obsessis
844 1536 944 1598 denuo
957 1538 1069 1619 repulsi
1080 1548 1161 1601 sunt.
1192 1535 1296 1600 Rebus

104 1628 147 1690 ita
166 1628 397 1710 procedentibus
416 1628 617 1691 invalescebat
635 1628 715 1690 iuter
733 1628 839 1690 Gallos
856 1629 981 1692 immitis
999 1630 1094 1692 samm
1113 1630 1155 1692 ita
1172 1638 1207 1693 ut
1224 1650 1296 1693 cnm

103 1727 184 1788 intre
197 1726 327 1788 sedecim
341 1726 405 1789 dies
424 1746 487 1788 non
507 1724 566 1787 nisi
579 1725 703 1788 ducenti
719 1745 826 1787 onnus
842 1744 970 1787 annonae
986 1726 1197 1790 adventassent
1209 1729 1296 1808 (quoa

106 1822 239 1904 Hispani
252 1823 445 1904 quantumvis
462 1822 643 1896 laborarent,
656 1823 694 1885 cb
707 1823 825 1885 salvum
835 1822 1019 1885 conductum
1028 1831 1156 1903 quatuor
1168 1843 1207 1885 ex
1219 1823 1296 1885 locis

104 1918 296 1996 submissum,
317 1919 497 2001 intercipere
516 1940 577 1981 non
597 1920 771 2001 potueruut)
790 1918 902 1981 milites
920 1918 1024 1979 inedia
1043 1918 1295 1980 contabescerent.

107 2015 320 2077 Nunciabatnr
337 2016 452 2077 interce
469 2036 533 2079 suae
550 2016 657 2098 Regiae
674 2016 827 2078 altitudini
843 2015 988 2097 plurimos
1006 2034 1109 2075 mrsus
1122 2034 1229 2076 currus
1247 2034 1297 2077 co·

105 2121 211 2173 meatu
225 2122 343 2174 onustos
361 2113 393 2173 in
406 2113 457 2175 via
470 2132 532 2174 esse
549 2121 638 2193 atque
650 2114 690 2175 ad
705 2110 825 2174 Gallica
836 2123 934 2174 casua
951 2110 1107 2172 concitatis
1127 2109 1214 2191 equis
1230 2132 1297 2191 pro·

105 2226 222 2288 perare-
263 2207 377 2271 Gontra
392 2206 447 2270 bos
467 2208 648 2270 Generelem
670 2207 803 2288 Lamboy
818 2228 888 2269 cum
905 2215 1034 2289 quatuor
1050 2206 1185 2287 equitum
1205 2207 1297 2268 milli·

106 2304 164 2366 bus
175 2312 205 2368 et
217 2304 342 2367 totidem
355 2304 489 2368 millibus
502 2304 638 2387 peditum
652 2304 695 2367 ire
705 2305 802 2388 jubet,
814 2324 890 2386 quos
900 2324 971 2367 cum
983 2304 1040 2366 sub
1053 2304 1150 2366 noctis
1163 2305 1297 2367 medium

106 2402 139 2463 in
154 2403 265 2484 oppido
278 2403 408 2483 quodem
426 2412 578 2464 assecutus
596 2411 682 2474 esset,
696 2411 798 2483 aperta
817 2403 849 2465 vi
862 2402 913 2462 via
925 2402 1023 2476 irruit,
1036 2401 1154 2463 salvum
1164 2401 1297 2462 conduc·

106 2507 171 2560 turn
183 2499 319 2580 pauculis
333 2499 476 2580 exceptis,
487 2498 541 2578 qui
553 2498 586 2558 in
600 2498 699 2561 loreas
713 2519 744 2559 se
757 2498 926 2579 praecipites
938 2505 1078 2578 egerunt,
1088 2517 1208 2558 omnem
1217 2497 1296 2557 ceci·

106 2595 165 2665 dit,
178 2614 216 2656 ae
228 2594 309 2656 mille
322 2595 466 2657 ducentos
479 2614 593 2669 currus,
607 2594 679 2656 rino
701 2594 824 2667 Laride,
838 2613 925 2675 pane,
939 2593 1053 2654 farriae
1070 2592 1197 2674 aliisque
1209 2593 1297 2654 rebus

106 2691 241 2762 refertos,
254 2691 398 2773 diripuit:
420 2711 456 2752 ae
467 2699 607 2753 sexcenta
618 2689 683 2751 viui
697 2689 780 2751 dolia
791 2689 940 2771 disrumpi
953 2689 1121 2771 imperavit,
1135 2689 1298 2768 vinumque

106 2789 140 2848 in
163 2797 272 2850 terrem
294 2786 420 2862 effundi,
442 2806 481 2848 ne
504 2786 580 2847 boeti
601 2786 669 2847 usui
689 2795 775 2861 esset,
799 2786 949 2867 quidquid
969 2807 1041 2848 vero
1062 2785 1082 2847 b
1102 2784 1164 2846 auis
1186 2783 1297 2845 abduci

107 2885 215 2966 potuit,
229 2904 331 2947 secum
340 2883 473 2958 abstulit,
484 2903 589 2945 eunus
602 2890 688 2964 porto
700 2882 845 2944 dissecuit
853 2892 885 2944 ct
895 2883 1029 2964 subjecto
1042 2882 1113 2964 igne
1123 2881 1155 2942 in
1166 2880 1296 2941 cinerem

10 3021 14 3028 ·
107 2981 235 3063 redegit,
250 2990 340 3061 atque
353 2979 396 3041 ita
409 2980 510 3061 opima
522 2979 625 3060 praedu
638 2979 722 3041 dives
736 2979 775 3040 ed
788 2999 858 3040 suos
871 2979 1004 3041 revertit.

149 3077 342 3139 Gubernator
356 3075 550 3155 Corbeyanus
564 3075 673 3138 Comes
687 3074 821 3136 Nantuel
837 3085 911 3136 tunc
928 3094 1048 3155 quoque
1060 3073 1247 3154 operiebatur
1260 3091 1297 3132 ex

107 3173 226 3235 insidiis
238 3180 367 3234 turmam
382 3171 600 3253 Hispanorum,
613 3171 667 3233 sed
679 3171 743 3252 ipse
755 3171 944 3252 intercipitur
955 3179 1122 3251 preterque
1134 3189 1217 3250 spem
1231 3167 1298 3231 rul-

107 3278 241 3346 neratar,
255 3269 288 3330 in
300 3268 422 3329 vincula
436 3268 555 3330 seucius
567 3267 719 3350 arripitur,
735 3267 768 3327 in
780 3267 889 3347 quibus
901 3286 963 3327 non
975 3265 1071 3328 multo
1083 3275 1152 3347 post
1163 3255 1298 3328 mortuus

110 3373 164 3426 est.

150 3460 353 3534 Quantumvis
377 3459 510 3541 Hispeni
531 3480 596 3521 rem
621 3478 836 3541 usquequaque
859 3457 978 3521 fortiter
1002 3467 1136 3541 agerent,
1158 3458 1298 3520 omnibus

50 3629 55 3640 ,
108 3569 209 3621 tamen
228 3557 370 3620 adhibitis
386 3554 533 3620 machinis
551 3556 624 3618 illuc
641 3555 796 3638 negotium
817 3554 966 3618 deducere
985 3575 1047 3617 non
1070 3563 1241 3637 potuerunt,
1264 3560 1298 3614 ut

10 3675 12 3710 ι
110 3655 216 3718 Gades
229 3654 267 3716 ab
280 3654 436 3718 obsidione
449 3651 635 3716 Arrelatensi
648 3651 842 3733 depellerent,
859 3652 960 3732 itaque
972 3671 1043 3714 cum
1055 3651 1167 3714 obsessi
1179 3649 1219 3711 da
1231 3668 1297 3711 snc-
