3225 4700
332 330 394 396 174
725 320 1129 389 ITINERARIUM.

327 480 471 545 emimus
492 478 574 541 mou
595 474 719 538 nuens
739 474 864 537 rasore
887 474 1006 537 smne
1027 474 1066 537 oe
1088 474 1188 555 soyc
1214 470 1370 535 Ponetur
1388 482 1527 555 praem
1595 427 1599 446 ¹

328 579 438 641 Comes
455 576 495 638 ds
513 574 611 656 Suys3
632 571 789 653 Equitatui
807 570 1032 633 Illustrissimus
1051 570 1191 633 Murchio
1206 570 1369 653 Gouuugs5
1394 568 1527 630 Pioolo-

326 674 403 733 miui
420 692 503 746 vero,
523 690 585 733 uua
596 690 667 731 cum
682 666 861 729 Marchione
875 667 913 729 de
927 667 1048 729 Caretto
1061 667 1238 747 sequebatur
1251 666 1283 726 iu
1296 685 1419 735 omnem
1432 684 1527 726 exer·

327 770 422 830 citum
439 769 581 841 intentus,
601 774 637 827 ut
651 766 677 827 si
692 784 755 846 qua
770 766 882 827 alicubi
902 766 997 829 hostis
1017 775 1164 849 premeret
1183 766 1291 841 acrius,
1313 765 1524 848 suppetiatum

328 866 454 926 veniret.

368 960 430 1023 His
448 960 491 1021 ita
505 958 668 1040 dispositis,
687 958 768 1021 inter
785 960 1010 1041 procedendum
1027 958 1216 1041 conspicatus
1231 968 1277 1021 est
1294 958 1525 1019 Pioolomiuins

326 1076 425 1119 arcem
443 1058 521 1118 boue
537 1054 686 1117 munitam
702 1074 794 1136 quam
813 1054 907 1117 bostis
927 1056 1086 1130 insederat,
1109 1055 1269 1135 uberatque
1288 1052 1422 1115 Theonis
1444 1054 1525 1115 villa

326 1153 408 1215 boris
429 1153 549 1215 circiter
566 1152 693 1225 duabus,
715 1170 846 1231 cumque
867 1172 928 1213 uou
945 1152 1004 1213 uisi
1022 1152 1249 1233 quinquagenos
1266 1149 1471 1231 Solopatarios
1489 1161 1523 1211 et

326 1250 458 1312 tricenos
471 1249 587 1329 equites
600 1267 667 1307 eam
679 1256 781 1308 tenere
796 1249 834 1309 ab
852 1248 1086 1329 exploratoribus
1105 1247 1269 1322 didicisset,
1288 1246 1364 1307 duss
1381 1246 1523 1330 legiones

328 1346 532 1407 Florentinum
555 1342 670 1404 scilicet
691 1351 721 1403 et
743 1344 958 1405 Iacarouicam
980 1344 1073 1421 misit,
1095 1364 1162 1425 quae
1187 1342 1315 1425 nequis
1337 1342 1520 1417 elaberetur,

325 1442 470 1521 tantisper
490 1440 656 1521 cingerent,
678 1440 778 1518 quoad
799 1440 897 1501 omnis
917 1440 1064 1501 exercitus
1084 1460 1155 1503 cum
1178 1439 1332 1501 tormentis
1352 1439 1520 1521 mq'oribus

326 1543 540 1616 praetervectus
551 1542 638 1609 esset,
653 1543 718 1596 tum
732 1536 857 1597 obsessis
871 1556 989 1617 ponam
1002 1536 1109 1617 capitis
1120 1536 1329 1598 interminatus
1341 1544 1397 1611 est,
1412 1535 1472 1596 uisi
1486 1556 1519 1595 se

326 1652 419 1712 quum
428 1652 500 1692 mox
513 1631 667 1703 dederent,
680 1631 734 1712 qui
747 1632 812 1693 siue
826 1653 909 1694 mora
921 1633 1025 1715 positis
1038 1633 1128 1695 armis
1141 1642 1313 1715 paruerunt.

367 1727 533 1809 Postquam
550 1746 622 1789 vero
640 1727 748 1790 iterum
765 1730 807 1791 ud
828 1728 932 1791 horam
950 1730 1038 1792 facile
1060 1729 1286 1812 promovissent,
1308 1728 1372 1809 ipse
1391 1728 1518 1809 Campi·

326 1826 434 1888 ductor
449 1844 520 1886 cum
538 1823 675 1905 Beoquio
694 1826 850 1888 editiorem
865 1826 966 1888 locum
983 1826 1157 1889 conscendit
1173 1824 1432 1905 contemplaturus
1445 1823 1517 1884 iude
1607 1866 1608 1880 ,

326 1922 457 1983 bostium
468 1920 571 1993 situm,
583 1939 619 1981 ac
633 1922 714 1983 uude
727 1923 967 1984 commodissime
980 1922 1093 1984 adoriri
1106 1931 1221 2004 posset:
1242 1920 1292 1983 hic
1305 1920 1422 1981 notavit
1432 1920 1516 2001 quod

325 2017 408 2079 locus
415 2017 473 2078 sibi
482 2018 750 2098 opportunissimus
757 2019 823 2098 jam
831 2018 849 2079 d
857 2028 978 2080 centum
988 2018 1145 2081 hostilibus
1150 2018 1516 2098 equitibuspcoupuretur,

326 2114 360 2174 iu
372 2134 446 2193 quos
463 2112 626 2174 celerrimis
645 2114 730 2196 equis
748 2113 873 2176 Oroates
889 2115 1020 2177 tricenos
1038 2115 1145 2191 emisit,
1168 2114 1421 2193 subsidiariosque
1442 2112 1516 2173 alios

326 2210 552 2291 quinquagenos
567 2208 600 2270 in
616 2210 752 2291 priorum
766 2230 953 2279 succursum,
973 2212 1089 2292 equites
1104 2222 1248 2293 praeterea
1267 2219 1387 2271 centum
1404 2216 1516 2289 etpost
1607 2240 1608 2274 ;

233 2325 236 2329 ·
326 2305 380 2368 bos
393 2306 491 2388 ipsum
506 2304 658 2368 Barouem
668 2306 707 2369 de
722 2306 801 2388 Soye
815 2306 956 2368 oumsuis
970 2307 1094 2371 delectis
1111 2308 1196 2389 sequi
1211 2307 1316 2370 voluit.
1358 2304 1515 2386 Becquius

326 2423 398 2465 vero
410 2422 479 2464 suos
492 2401 668 2465 desultorios
682 2404 760 2466 duce
774 2403 895 2464 Baroue
909 2403 947 2465 dc
961 2404 1148 2487 Beauregurt
1160 2405 1284 2466 domum
1296 2403 1358 2464 suis
1371 2402 1517 2466 Consiliis

326 2507 524 2581 opportunam
536 2519 683 2580 occupare
696 2500 778 2562 fecit.
806 2500 885 2573 Qun
894 2499 968 2561 dum
981 2499 1058 2563 fiunt
1072 2502 1154 2563 Baro
1164 2521 1282 2583 quoque
1295 2501 1333 2563 de
1348 2500 1429 2581 Soye
1443 2519 1515 2560 cum

325 2597 386 2657 sois
403 2604 557 2676 promovet
573 2596 613 2657 ad
631 2596 743 2658 dictam
762 2596 897 2671 domum,
917 2615 1043 2678 eamque
1061 2616 1130 2658 oum
1153 2597 1280 2659 dimidiu
1300 2605 1383 2678 parte
1404 2607 1514 2658 turmae
1607 2654 1608 2657 ,

324 2702 421 2754 tutam
442 2711 637 2772 securamque
659 2691 769 2752 uostris
789 2691 864 2753 facit
880 2693 917 2753 ab
938 2691 1069 2754 bostium
1088 2693 1222 2768 incursu,
1241 2713 1310 2754 cum
1328 2693 1422 2754 ultera
1442 2713 1515 2753 vero

325 2798 408 2871 parte
425 2788 540 2850 bostem
556 2787 642 2869 petit,
661 2787 715 2867 qui
730 2789 797 2868 jam
816 2787 906 2849 celeri
924 2788 1050 2870 vestigio
1063 2788 1202 2850 abactum
1216 2801 1331 2850 nostros
1345 2809 1383 2851 ex
1396 2810 1434 2851 eo
1446 2789 1514 2850 loco

325 2885 472 2948 veniebat.
513 2885 631 2945 Mem
648 2903 725 2964 pene
743 2893 876 2966 tempore
896 2884 1114 2948 Pioolomiuins
1129 2884 1286 2947 Colonello
1300 2887 1465 2948 Gerardini
1481 2886 1512 2948 iu

324 2983 473 3044 mandatis
492 2981 578 3043 dedit
595 2989 630 3041 ut
645 2979 804 3041 editiorem
818 2980 968 3062 quondam
985 2981 1096 3056 locum,
1116 2981 1251 3061 inquom
1268 2981 1359 3043 bostis
1376 2981 1514 3043 similiter

324 3080 541 3152 connitebatur,
566 3087 746 3158 occuparet:
776 3095 832 3158 pro
854 3097 915 3157 quo
937 3077 1061 3158 quidem
1085 3077 1180 3139 multo
1202 3079 1343 3160 utrinque
1366 3079 1513 3160 sauguine

325 3184 492 3258 pugnatum
511 3183 565 3250 est,
585 3173 685 3254 quoad
701 3173 826 3234 taudem
847 3172 951 3248 bostis,
972 3175 1038 3235 viss
1058 3175 1162 3236 militis
1183 3175 1276 3236 nostri
1296 3175 1463 3256 pertinacia
1480 3175 1512 3234 iu

324 3271 451 3333 statione
462 3271 659 3345 defendenda,
673 3269 792 3331 cederet
810 3269 842 3329 in
861 3271 971 3332 tutiora
988 3270 1067 3332 loca.
1110 3271 1176 3333 Nec
1198 3271 1297 3332 miuus
1318 3271 1446 3332 feliciter
1464 3291 1513 3331 res

325 3386 393 3429 suus
409 3374 504 3448 agunt
519 3365 692 3428 colonellas
705 3364 816 3427 Altieri
834 3375 864 3426 et
877 3365 1050 3428 Colonellus
1069 3366 1247 3448 Beckbanrp
1260 3376 1290 3428 et
1306 3367 1512 3429 locumteueus

326 3462 469 3547 legionis
491 3462 701 3524 Pioolomiuins
717 3460 842 3543 Grospus,
860 3461 914 3542 qui
932 3463 1099 3544 conjunctis
1114 3463 1229 3525 viribus
1245 3463 1456 3525 Marcbiouem
1472 3465 1511 3527 de

326 3559 449 3622 Prasliu
462 3579 533 3620 cum
546 3559 607 3621 suis
621 3559 714 3641 copiis
725 3558 858 3620 fundunt
870 3558 1047 3642 fugantque.
1086 3559 1254 3632 Quosdam
1270 3559 1410 3622 Mas-chio
1425 3560 1512 3622 Gou-

323 3677 398 3743 mga
409 3655 554 3738 sequitur,
563 3653 656 3718 hostis
669 3655 701 3717 iu
711 3653 918 3718 effusissimam
931 3675 963 3718 se
973 3656 1097 3739 conjicit
1109 3657 1223 3740 fugam,
1233 3675 1371 3740 quaerens
1383 3655 1511 3719 sulutem
