3225 4700
272 424 276 441 Ι
354 335 418 401 214
752 324 1158 395 irrueremus.

353 487 392 549 sit
404 484 586 568 Gepiteneus
598 504 670 566 sane
683 481 765 544 omni
778 480 869 564 culpa
880 499 1001 542 vaceae
1014 479 1140 541 minime
1150 478 1291 541 creditus
1308 484 1377 552 est,
1396 475 1523 559 quippe
1535 479 1576 557 qui

354 604 410 644 nec
424 581 545 643 unicum
557 580 689 643 fistulam
700 578 733 639 in
742 576 858 639 hostem
865 576 1025 639 exonerari
1033 575 1212 657 permiserit,
1221 594 1283 636 nec
1300 573 1420 637 ullum
1436 574 1575 653 impetun

354 679 407 741 sed
425 698 482 741 nec
500 678 541 739 sd
557 677 702 759 impetum
721 682 751 736 et
768 673 832 735 vim
849 671 1020 733 faciendam
1038 672 1296 754 preparationem
1319 669 1521 753 expeetdrit,
1539 672 1575 731 vei

356 774 504 836 Dominos
523 774 627 835 saltem
648 771 748 854 Burgi
768 780 885 832 mamre
904 770 1056 831 monuerit
1073 770 1113 831 de
1130 779 1267 831 extreme
1287 767 1365 830 loci
1385 768 1573 829 necessitate

355 872 403 932 Es
416 870 530 933 deditio
548 890 608 930 non
626 875 743 930 tautum
759 865 878 928 coccias
896 864 1011 927 circum
1024 864 1152 937 vicinos,
1164 864 1219 926 sed
1233 873 1268 925 et
1286 884 1439 925 summer
1454 866 1572 925 auctori·

353 967 525 1043 tutissime,
536 964 663 1048 pessime
678 962 792 1039 hebuit,
803 960 989 1042 multamque
1000 962 1092 1045 vulgo
1100 962 1263 1023 verborum
1278 960 1454 1023 salsorum
1463 962 1570 1041 copinn

354 1063 437 1139 fecit,
450 1062 562 1145 qnippe
578 1060 635 1142 qui
648 1059 740 1141 probe
758 1056 972 1139 intelligebant
980 1058 1101 1138 queatis
1117 1060 1208 1121 totius
1221 1058 1450 1120 Wetteraviae
1468 1058 1569 1118 iucem

354 1160 451 1222 modis
464 1180 501 1223 es
512 1159 628 1221 deditio
640 1156 721 1219 facte
732 1166 819 1231 esset,
834 1155 918 1235 quod
930 1173 1003 1216 mcx
1014 1154 1108 1217 tristis
1119 1155 1313 1219 monstravit
1324 1165 1480 1217 eveneris

393 1256 491 1339 Capta
503 1276 574 1317 cum
586 1274 641 1315 suo
655 1253 761 1335 Burgo
776 1249 942 1332 Fridbergi
952 1252 1101 1333 rebusque
1109 1252 1250 1314 nonnihil
1260 1252 1345 1314 istic
1357 1252 1566 1333 disposuisti

353 1353 594 1416 munutissimam
612 1359 642 1411 et
654 1349 734 1410 edito
749 1347 817 1410 ioco
830 1348 918 1409 sitam
934 1368 1035 1409 arcem
1050 1350 1313 1410 Braunfelsauam
1326 1350 1415 1410 itum
1434 1359 1491 1422 est,
1508 1368 1566 1429 qus

352 1471 412 1513 non
423 1448 538 1511 minore
547 1445 678 1528 perfidie
691 1445 779 1507 tertio
792 1444 914 1507 decimo
920 1442 944 1505 J
944 1445 1063 1505 anuarii
1072 1446 1237 1507 Wimerios
1245 1446 1400 1519 admisit,
1411 1446 1474 1507 soii
1483 1446 1565 1507 Com·

352 1542 508 1608 mentienti
525 1542 593 1625 (qui
611 1542 794 1625 capitaneus
812 1541 903 1603 subse
920 1541 1092 1625 perhibetur
1106 1543 1209 1604 mens
1227 1544 1420 1605 conductus
1440 1538 1564 1603 Franco

352 1641 481 1705 fordiam
494 1639 656 1723 promissus
670 1650 725 1712 est,
738 1639 891 1721 reliquum
904 1639 1081 1723 praesidium
1095 1639 1287 1720 potissimam
1304 1650 1434 1722 partem
1452 1638 1563 1700 hostilis

351 1737 502 1821 stipendia
515 1745 546 1798 et
557 1756 642 1797 arms
655 1735 736 1797 ultro
748 1735 812 1799 fere
823 1736 967 1819 suscepit.

393 1835 472 1897 Haec
484 1834 519 1895 in
531 1831 725 1895 Wetteravis.
767 1832 806 1893 Iu
822 1834 969 1897 Misniam
986 1854 1058 1897 vero
1076 1833 1239 1895 Generalis
1251 1830 1381 1915 vigiliis
1395 1828 1558 1895 Piceno

352 1929 606 2014 Koningsmarius
616 1949 686 1991 cum
696 1930 826 1992 subditis
833 1930 893 1992 sibi
903 1931 1088 2014 Iegionibus
1097 1930 1309 2013 progreditur,
1322 1950 1363 1991 ac
1374 1928 1558 2010 expilationi-

349 2030 406 2090 bus
428 2027 531 2089 hostili
552 2026 643 2087 modo
663 2025 815 2106 modoque
832 2046 894 2088 uon
914 2027 1017 2088 minus
1037 2025 1248 2089 miserabiliter
1274 2025 1447 2107 indigenas
1465 2033 1554 2089 vexat,

348 2144 441 2206 quem
450 2122 629 2185 adamitosis
639 2122 849 2185 incendiorum
859 2122 1179 2194 comminationibmi
1188 2120 1389 2184 meticulosis
1399 2120 1554 2180 immanem

348 2219 486 2301 pecuniae
501 2238 650 2280 summam
663 2216 815 2298 exprimit,
829 2219 917 2301 cujus
934 2218 1063 2281 audacia
1078 2239 1115 2280 eo
1132 2219 1225 2281 etiem
1244 2215 1411 2300 processit,
1431 2226 1466 2278 ut
1483 2215 1552 2277 tubi·

349 2314 447 2378 ciuem
463 2314 601 2398 Lipsism
614 2333 734 2396 quoque
752 2313 909 2399 ahiegdrit,
921 2314 979 2397 qui
996 2314 1059 2376 duo
1078 2314 1293 2397 imperialium
1307 2315 1413 2378 millia
1429 2314 1469 2376 ab
1485 2314 1551 2374 urbe

348 2412 492 2498 exigeret,
506 2431 567 2494 quo
580 2420 681 2473 tamen
695 2411 864 2493 lipsienses
875 2412 1001 2473 minime
1012 2412 1119 2486 territi,
1131 2432 1266 2474 vacum
1276 2414 1365 2477 unde
1376 2423 1497 2474 venerat
1507 2431 1548 2471 re·

351 2511 508 2574 miseruut.
908 2564 911 2568 .

390 2606 526 2669 Goitsius
544 2626 663 2688 quoque
682 2627 736 2688 per
755 2606 895 2670 Silesimu
908 2607 1092 2670 Dominatur
1104 2628 1142 2670 ac
1154 2608 1315 2672 civitatem
1328 2605 1544 2671 Wclrlnism-ad

349 2703 533 2764 deditionem
544 2704 638 2786 cogit.
680 2703 903 2768 Picclominins
916 2725 976 2768 uon
989 2703 1091 2767 minus
1102 2704 1242 2766 felicibus
1256 2705 1408 2788 auspiciis
1419 2705 1545 2766 Genera·

349 2798 496 2862 liseimum
515 2800 713 2864 Suedieorum
732 2801 890 2882 copiarum
911 2801 1096 2864 Praefeetum
1118 2801 1318 2879 Bannirium,
1337 2823 1377 2864 ex
1397 2799 1543 2864 Bomnin

349 2894 460 2959 tinibus
470 2897 591 2979 penitus
603 2899 708 2980 exigit,
721 2897 967 2979 Cluniteiumque
978 2917 1081 2959 arcem
1089 2918 1151 2959 uua
1163 2916 1235 2960 cum
1244 2899 1387 2971 civitate,
1397 2896 1541 2976 Koniogs·

348 2995 484 3077 granium
498 3014 617 3076 qunque
629 3003 745 3056 armate
757 3013 850 3056 manu
863 3005 1026 3076 expugnat,
1036 2992 1271 3058 aePrasidium
1280 2995 1449 3058 Suedicum
1457 2989 1539 3072 quid·

348 3092 425 3172 quid
443 3091 476 3154 in
493 3091 585 3154 armis
598 3099 749 3173 repertum
762 3090 860 3152 fiserat
872 3089 983 3153 fundit.
1010 3091 1051 3152 Iu
1063 3090 1271 3173 captivitatem
1285 3112 1409 3173 quoque
1421 3086 1538 3152 cessis

347 3207 385 3248 eo
398 3197 530 3270 tempore
543 3187 743 3250 veneruntad
753 3186 839 3249 mille
851 3185 939 3248 facile
952 3187 1077 3267 pedites,
1090 3196 1255 3250 etcertum
1269 3188 1437 3261 desultorii,
1450 3188 1536 3247 Aroes

348 3303 469 3363 quoque
484 3283 776 3348 Schmerschiitsium
790 3293 821 3344 et
832 3282 1041 3346 Wellischium
1051 3284 1070 3346 l
1080 3285 1189 3347 nocuis
1196 3285 1388 3369 intercepta,
1395 3282 1535 3359 utrimque

351 3379 535 3442 Presidium
547 3379 838 3462 quadringentorum
850 3377 1029 3441 selectorum
1043 3380 1174 3442 militum
1183 3381 1339 3444 hostilium
1351 3399 1434 3442 arma
1442 3377 1532 3438 Cusa-

350 3495 402 3537 rea
414 3475 547 3552 admisit,
558 3475 811 3539 Commendsutes
824 3495 896 3537 vero
906 3495 979 3538 curu
988 3476 1209 3540 locumteueute
1218 3478 1372 3542 Praefecto
1383 3477 1451 3536 item
1463 3469 1530 3532 sulae

349 3571 479 3636 Comitis
502 3571 542 3636 de
563 3571 680 3636 Heditn
704 3583 735 3634 et
753 3571 850 3634 nobili
869 3591 989 3653 quoque
1006 3573 1195 3638 adolescente
1215 3575 1355 3640 Bohem
1372 3574 1403 3634 iu
1425 3575 1526 3630 erctum

350 3668 518 3734 eumedium
538 3668 666 3732 deducti
681 3677 763 3732 suut.
807 3667 878 3732 Nec
896 3668 992 3732 multo
1008 3681 1080 3752 post
1102 3670 1234 3742 Kosinm
1247 3681 1425 3734 nostrorum
1445 3659 1527 3724 ami·
