3225 4700
338 313 397 378 104
741 308 765 375 I
770 305 1054 377 TINERARI
1061 307 1148 374 UM.

336 466 389 527 sed
402 472 432 527 et
446 484 483 526 ex
497 462 594 525 insuit
611 460 728 523 lisdum
742 462 865 525 adfuere
882 462 990 540 hostes,
1010 462 1063 544 qui
1080 471 1197 524 nostros
1209 458 1242 520 in
1257 459 1362 542 fugem
1378 457 1547 539 conjece

336 571 423 643 eapte
441 561 534 622 Petro
549 559 634 621 Oroll
648 558 807 641 Capitanei
824 558 1054 635 locumtenente,
1069 578 1139 619 eum
1155 555 1223 618 aliis
1238 555 1375 637 pauculis
1395 555 1580 615 Ibernis,

335 656 481 741 vigesima
496 655 602 738 quarti
615 656 761 737 ejusdem,
777 656 941 717 Wismario
955 655 1045 718 Sueai
1063 655 1226 715 amiserunt
1239 653 1376 734 equitum
1394 663 1580 724 turmam,

335 755 389 836 qui
404 754 547 835 pauculos
562 752 688 834 Equites
700 760 731 812 at
743 751 870 813 famum
882 754 899 813 e
913 752 1032 835 legione
1045 749 1194 814 Colonelli
1209 748 1318 812 sichoe
1333 750 1365 809 in
1379 697 1587 829 eaptivita-l

335 861 397 914 tem
418 849 617 910 abduxerunt.
664 846 795 920 Quanta
813 848 886 910 verb
906 848 989 909 eirea
1010 846 1076 908 hare
1097 846 1164 907 loea
1183 846 1289 907 militis
1310 846 1403 907 nostri
1425 835 1586 928 fuerint}

334 946 474 1023 miserias,
493 945 556 1007 diei
571 956 623 1006 aut
637 944 767 1005 describi
785 964 846 1005 non
863 952 970 1026 potest,
987 944 1170 1025 cogebantur
1187 943 1269 1004 euim
1285 943 1411 1024 iutegrae
1432 950 1586 1020 turmae}

335 1045 391 1106 sub
408 1052 510 1124 aperta
528 1042 619 1116 Jove,
636 1039 713 1103 eoelo
730 1040 925 1122 frigidissimo
943 1040 1054 1103 multas
1071 1050 1173 1101 noctes
1191 1039 1322 1120 exigere,
1343 1038 1396 1098 uix
1414 1038 1571 1098 aliunde

335 1160 425 1220 quam
446 1139 566 1201 nivibus
586 1147 615 1199 et
629 1137 744 1219 pruinis
763 1136 933 1216 asperrimis
949 1138 1040 1198 tectis
1072 1138 1173 1216 Atque
1191 1135 1256 1196 haee
1270 1136 1371 1195 omnia
1383 1135 1567 1197 tenacitati
1585 1101 1586 1188 l

335 1237 425 1297 unius
444 1245 497 1296 aut
514 1234 636 1296 alterius
653 1231 811 1294 Generalis
827 1231 1062 1313 imputabantur,
1077 1232 1130 1312 qni
1149 1232 1226 1319 lieet
1236 1231 1294 1312 ipsi
1313 1231 1424 1292 milites
1447 1242 1568 1293 essent
1585 1303 1586 1312 χ

334 1332 448 1414 egregii
463 1330 580 1392 nullum
594 1338 758 1389 metuentes
772 1328 898 1406 hostem,
913 1330 1049 1411 pecuniis
1061 1339 1163 1390 tamen
1177 1328 1305 1388 nimium
1322 1337 1484 1407 qnantum
1501 1329 1561 1388 ad·
1585 1317 1586 1378 l

334 1428 497 1503 haerebant,
509 1428 637 1506 ideoque
647 1434 681 1486 ut
692 1446 759 1486 suas
771 1445 842 1507 opes
852 1436 996 1508 augerent
1007 1425 1134 1486 militem
1145 1424 1295 1505 reliquum
1305 1426 1562 1504 pessundabant.
1585 1405 1586 1430 ¹

333 1523 451 1585 Audivi
465 1543 525 1583 non
539 1522 690 1582 neminem
703 1521 834 1598 illorum,
848 1523 1012 1603 aliquanda
1024 1542 1056 1583 se
1070 1542 1139 1583 eum
1152 1521 1176 1582 J
1177 1541 1274 1581 oanne
1287 1522 1327 1582 de
1340 1521 1455 1582 Werth
1473 1543 1558 1583 con·

335 1621 489 1694 serentem,
501 1619 554 1680 sed
567 1618 630 1679 visa
643 1627 688 1679 est
699 1618 775 1679 mihi
788 1618 854 1680 haee
866 1619 986 1681 collatio
994 1618 1078 1680 velut
1088 1618 1200 1699 Reguli
1213 1638 1284 1678 eum
1294 1617 1419 1697 Aquila.
1456 1619 1558 1678 Wer·
1585 1613 1586 1674 Ῑ

336 1717 416 1779 thius
430 1716 509 1777 enim
523 1714 625 1775 omnia
637 1735 705 1795 quoe
721 1716 953 1797 aggrediebatur
966 1716 1028 1776 suis
1044 1714 1184 1795 auspiciis
1196 1723 1227 1775 et
1240 1715 1375 1775 consiliis
1389 1715 1552 1791 faciebam

337 1812 401 1873 Hie
416 1820 514 1873 autem
533 1810 661 1871 aliorum
672 1812 761 1892 jussu
774 1820 805 1872 et
820 1811 1019 1886 ordinatione,
1033 1820 1064 1872 et
1079 1811 1160 1891 quod
1176 1819 1266 1891 eaput
1275 1820 1320 1871 est
1333 1812 1501 1872 Werthius
1520 1833 1554 1873 se

335 1910 433 1991 potius
447 1928 537 1989 quam
552 1928 674 1968 snorum
687 1907 820 1968 militum
833 1908 966 1987 aliquem
980 1917 1091 1969 temera
1108 1907 1295 1987 perdidisset,
1309 1906 1360 1968 hia
1373 1918 1482 1969 autem
1502 1909 1550 1968 in·

335 2016 435 2088 tegras
447 2004 578 2086 legiones
596 2004 693 2085 perire
709 2002 764 2063 sul
782 2003 907 2064 avaritid
924 2004 1049 2065 sinebat.
1091 2003 1153 2065 Sed
1169 2003 1234 2064 bac
1250 2024 1320 2064 eum
1336 2004 1465 2065 alterius
1484 2006 1551 2066 sint

336 2103 404 2173 fori,
419 2101 530 2162 adalia
544 2100 782 2182 progrediamur.
1585 2093 1586 2098 ’

378 2198 449 2259 Hae
473 2217 551 2258 anno
573 2197 707 2278 quinque
734 2198 941 2280 Hispanorum
961 2198 1067 2275 millia,
1090 2197 1304 2260 Dtlukirckam
1323 2206 1454 2278 quatuor
1475 2198 1548 2259 anri
1585 2277 1586 2284 ἵ

336 2316 409 2358 vasa
428 2295 621 2357 devexerunt.
668 2292 708 2355 Iu
728 2295 917 2378 Portugallib
934 2314 1054 2377 qnoque
1072 2294 1182 2376 aliquis
1199 2304 1303 2357 eontra
1319 2294 1544 2376 Hispaniarum

337 2395 453 2476 Regem
474 2402 571 2454 motus
592 2399 637 2453 est
651 2393 806 2464 excitatus,
827 2393 881 2474 qui
896 2402 995 2454 umen
1017 2413 1108 2473 quam
1125 2413 1195 2453 mox
1215 2393 1334 2453 sedatuts
1354 2401 1409 2453 est.
1452 2393 1546 2454 Obiit

337 2510 454 2572 qnoque
469 2489 606 2550 Mantuae
623 2489 696 2549 Dux
708 2489 765 2551 hoe
783 2491 888 2551 eudem
902 2511 991 2551 anno.
1034 2490 1098 2551 Sub
1115 2489 1207 2550 finem
1220 2489 1244 2551 J
1245 2490 1363 2550 aunarii
1375 2490 1541 2551 Viae-Ma·
1585 2494 1586 2527 ³

336 2584 498 2648 rasaballus
509 2585 618 2646 Cumas
631 2586 669 2646 de
681 2585 819 2668 Ridberg
832 2587 906 2648 dum
920 2607 973 2667 per
985 2606 1077 2667 aquas
1087 2585 1183 2669 glaeie
1197 2587 1351 2661 obductas,
1363 2587 1395 2646 in
1409 2587 1539 2649 insulam
1584 2576 1587 2584 Α

339 2683 406 2764 Rye
425 2682 583 2744 transitum
599 2681 730 2756 molitur,
746 2684 960 2764 praemittitque
976 2705 1014 2744 ex
1031 2685 1165 2764 equitatu
1180 2684 1417 2766 quinquagenos,
1431 2686 1536 2766 quien

336 2780 494 2842 eommode
513 2779 634 2840 transiri
653 2788 743 2860 queat
760 2789 894 2840 tentent:
922 2779 955 2840 hi
972 2801 1075 2842 omnes
1092 2800 1163 2841 aum
1179 2779 1299 2862 longius
1316 2782 1535 2860 processissent,

337 2878 433 2961 glacie
447 2875 535 2958 rupti
548 2876 709 2957 perierunt,
723 2877 764 2936 ita
778 2886 812 2937 ut
825 2875 923 2938 redire
938 2876 1047 2938 (lomes
1061 2886 1180 2938 coaetus
1193 2876 1292 2938 buerit.
1328 2875 1413 2949 Quid
1426 2880 1535 2938 mirum

336 2976 419 3049 verb,
433 2974 457 3035 si
471 2973 650 3054 quaudoque
666 2972 756 3033 Dans
769 2973 827 3033 sibi
840 2973 1066 3035 adversantibus
1082 2973 1278 3035 adversetur?
1319 2973 1465 3054 Quisquis
1480 2974 1534 3035 mi·

335 3070 423 3131 litum
439 3069 561 3130 Baccho
573 3078 603 3130 et
616 3070 728 3130 Veneri
745 3069 878 3143 deditur,
892 3090 970 3150 saepe
984 3070 1003 3130 b
1019 3070 1089 3131 Duo
1105 3069 1269 3131 neeessarid
1282 3091 1337 3151 ope
1352 3071 1530 3133 destituitur.

338 3166 524 3227 Pudendum
540 3175 585 3226 est
597 3165 688 3244 hodie
706 3176 805 3228 eastra
821 3165 894 3227 illua
909 3166 1081 3243 defluxisse,
1095 3175 1131 3228 ut
1148 3165 1254 3227 merito
1267 3166 1396 3239 dubites,
1409 3187 1448 3228 an
1459 3169 1533 3229 inter

336 3261 447 3322 milites
458 3260 547 3322 Dans
560 3261 685 3338 colatur,
697 3263 744 3323 vel
759 3263 784 3323 si
798 3263 908 3325 colitur
920 3264 946 3324 is
960 3263 1008 3324 vel
1019 3263 1160 3325 Bacchus
1172 3271 1217 3323 est
1229 3263 1278 3324 rel
1288 3262 1402 3324 Venus.
1436 3265 1529 3336 Quam

337 3357 461 3438 quidem
481 3357 663 3438 impietatem
683 3359 794 3440 optime
815 3381 911 3440 nuper
931 3361 1105 3441 perstrinxit
1123 3359 1319 3440 pudicissima
1333 3360 1386 3422 illa
1398 3363 1485 3442 juxta
1501 3369 1528 3419 et

337 3453 522 3515 nobilissima
536 3453 680 3530 Domina,
695 3457 863 3516 Antonetta
881 3457 924 3518 La
940 3456 1010 3537 Ray
1024 3457 1056 3516 in
1070 3455 1227 3518 convivio:
1249 3457 1300 3517 aui
1316 3477 1387 3519 eum
1401 3458 1420 3519 a
1435 3455 1525 3538 magoni

336 3549 468 3612 nominis
481 3548 552 3610 belli
569 3549 656 3611 Duce
669 3551 782 3612 vitrum
795 3563 964 3632 porrectum
978 3562 1064 3627 esset,
1076 3553 1107 3612 iu
1121 3572 1183 3634 quo
1194 3572 1284 3613 suum
1296 3553 1347 3615 ille
1359 3575 1422 3616 esse
1435 3556 1524 3615 Danu

336 3646 520 3724 venditabat,
532 3646 597 3728 ipsa
610 3647 733 3710 dimisso
743 3647 774 3709 iu
788 3655 899 3710 terram
912 3652 930 3711 ὲ
942 3649 1080 3712 manibus
1092 3650 1171 3711 vitro
1183 3649 1235 3726 ait,
1249 3669 1320 3712 eece
1334 3652 1437 3715 Dauus
1449 3662 1525 3713 tuum
