<?xml version="1.0" encoding="UTF-8"?>
<!DOCTYPE html PUBLIC "-//W3C//DTD XHTML 1.0 Transitional//EN"
    "http://www.w3.org/TR/xhtml1/DTD/xhtml1-transitional.dtd">
<html xmlns="http://www.w3.org/1999/xhtml" xml:lang="en" lang="en">
 <head>
  <title>
</title>
<meta http-equiv="Content-Type" content="text/html;charset=utf-8" />
  <meta name='ocr-system' content='tesseract 3.04.00' />
  <meta name='ocr-capabilities' content='ocr_page ocr_carea ocr_par ocr_line ocrx_word'/>
</head>
<body>
  <div class='ocr_page' id='page_1' title='image "./itinerariumthom00kerngoog_0716.png"; bbox 0 0 3225 4700; ppageno 0'>
   <div class='ocr_carea' id='block_1_1' title="bbox 336 293 1129 396">
    <p class='ocr_par' dir='ltr' id='par_1_1' title="bbox 336 293 1129 396">
     <span class='ocr_line' id='line_1_1' title="bbox 336 293 1129 396; baseline 0.003 -2"><span class='ocrx_word' id='word_1_1' title='bbox 336 331 400 396; x_wconf 79' lang='grc' dir='ltr'>ιιι</span> <span class='ocrx_word' id='word_1_2' title='bbox 732 293 1129 396; x_wconf 69' lang='grc' dir='ltr'>ιιιΝΕιιιιιιιιιιζ</span> 
     </span>
    </p>
   </div>
   <div class='ocr_carea' id='block_1_2' title="bbox 332 477 1556 3376">
    <p class='ocr_par' dir='ltr' id='par_1_2' title="bbox 332 477 1556 2696">
     <span class='ocr_line' id='line_1_2' title="bbox 374 477 1556 562; baseline -0.005 -19"><span class='ocrx_word' id='word_1_3' title='bbox 374 482 599 544; x_wconf 80' lang='lat' dir='ltr'>Fssnrrrssnus</span> <span class='ocrx_word' id='word_1_4' title='bbox 615 482 682 543; x_wconf 88' lang='lat'>111.</span> <span class='ocrx_word' id='word_1_5' title='bbox 697 481 904 544; x_wconf 88' lang='lat' dir='ltr'>Romanorum</span> <span class='ocrx_word' id='word_1_6' title='bbox 918 481 1097 562; x_wconf 78' lang='lat' dir='ltr'><strong>Imperator,</strong></span> <span class='ocrx_word' id='word_1_7' title='bbox 1111 481 1283 562; x_wconf 80' lang='lat' dir='ltr'>Huugariae</span> <span class='ocrx_word' id='word_1_8' title='bbox 1293 499 1416 561; x_wconf 86' lang='lat' dir='ltr'>qnoque</span> <span class='ocrx_word' id='word_1_9' title='bbox 1431 488 1468 540; x_wconf 87' lang='lat' dir='ltr'>et</span> <span class='ocrx_word' id='word_1_10' title='bbox 1485 477 1556 538; x_wconf 93' lang='lat' dir='ltr'>Bo·</span> 
     </span>
     <span class='ocr_line' id='line_1_3' title="bbox 339 576 1554 659; baseline -0.005 -19"><span class='ocrx_word' id='word_1_11' title='bbox 339 579 447 641; x_wconf 83' lang='lat' dir='ltr'>lremiae</span> <span class='ocrx_word' id='word_1_12' title='bbox 468 580 546 654; x_wconf 82' lang='lat' dir='ltr'>Rex,</span> <span class='ocrx_word' id='word_1_13' title='bbox 573 579 821 641; x_wconf 89' lang='lat' dir='ltr'>clementissimus</span> <span class='ocrx_word' id='word_1_14' title='bbox 850 579 988 641; x_wconf 90' lang='lat' dir='ltr'>dominus</span> <span class='ocrx_word' id='word_1_15' title='bbox 1014 590 1124 655; x_wconf 87' lang='lat' dir='ltr'>noster,</span> <span class='ocrx_word' id='word_1_16' title='bbox 1154 577 1378 659; x_wconf 73' lang='lat' dir='ltr'>spectatissimis</span> <span class='ocrx_word' id='word_1_17' title='bbox 1406 576 1554 637; x_wconf 85' lang='lat' dir='ltr'>dominis</span> 
     </span>
     <span class='ocr_line' id='line_1_4' title="bbox 340 673 1550 758; baseline -0.003 -21"><span class='ocrx_word' id='word_1_18' title='bbox 340 675 511 750; x_wconf 89' lang='lat' dir='ltr'>electorum,</span> <span class='ocrx_word' id='word_1_19' title='bbox 526 676 695 757; x_wconf 83' lang='lat' dir='ltr'>principum</span> <span class='ocrx_word' id='word_1_20' title='bbox 714 686 745 738; x_wconf 84' lang='lat' dir='ltr'>et</span> <span class='ocrx_word' id='word_1_21' title='bbox 762 684 893 737; x_wconf 85' lang='lat' dir='ltr'>statuum</span> <span class='ocrx_word' id='word_1_22' title='bbox 913 676 1089 736; x_wconf 86' lang='lat' dir='ltr'>consiliariis</span> <span class='ocrx_word' id='word_1_23' title='bbox 1105 695 1141 737; x_wconf 91' lang='lat' dir='ltr'>ac</span> <span class='ocrx_word' id='word_1_24' title='bbox 1158 675 1264 758; x_wconf 83' lang='lat' dir='ltr'>legatis</span> <span class='ocrx_word' id='word_1_25' title='bbox 1277 675 1314 736; x_wconf 87' lang='lat' dir='ltr'>ad</span> <span class='ocrx_word' id='word_1_26' title='bbox 1332 674 1415 735; x_wconf 89' lang='lat' dir='ltr'>hunc</span> <span class='ocrx_word' id='word_1_27' title='bbox 1438 673 1550 734; x_wconf 90' lang='lat' dir='ltr'>locum</span> 
     </span>
     <span class='ocr_line' id='line_1_5' title="bbox 339 771 1549 854; baseline -0.002 -21"><span class='ocrx_word' id='word_1_28' title='bbox 339 775 511 834; x_wconf 82' lang='lat' dir='ltr'>convocatis</span> <span class='ocrx_word' id='word_1_29' title='bbox 525 784 586 835; x_wconf 90' lang='lat' dir='ltr'>tem</span> <span class='ocrx_word' id='word_1_30' title='bbox 606 774 800 854; x_wconf 65' lang='lat' dir='ltr'>presentibus</span> <span class='ocrx_word' id='word_1_31' title='bbox 814 793 906 853; x_wconf 91' lang='lat' dir='ltr'>quam</span> <span class='ocrx_word' id='word_1_32' title='bbox 923 772 1094 833; x_wconf 80' lang='lat' dir='ltr'>absentibus</span> <span class='ocrx_word' id='word_1_33' title='bbox 1113 773 1275 835; x_wconf 76' lang='lat' dir='ltr'>Caesarium</span> <span class='ocrx_word' id='word_1_34' title='bbox 1296 791 1381 832; x_wconf 89' lang='lat' dir='ltr'>suam</span> <span class='ocrx_word' id='word_1_35' title='bbox 1403 771 1549 833; x_wconf 88' lang='lat' dir='ltr'>clemen·</span> 
     </span>
     <span class='ocr_line' id='line_1_6' title="bbox 338 866 1548 952; baseline -0.002 -21"><span class='ocrx_word' id='word_1_36' title='bbox 338 869 413 931; x_wconf 87' lang='lat' dir='ltr'>tiam</span> <span class='ocrx_word' id='word_1_37' title='bbox 427 879 457 930; x_wconf 89' lang='lat' dir='ltr'>et</span> <span class='ocrx_word' id='word_1_38' title='bbox 470 871 598 952; x_wconf 86' lang='lat' dir='ltr'>gratiam</span> <span class='ocrx_word' id='word_1_39' title='bbox 611 891 680 931; x_wconf 90' lang='lat' dir='ltr'>cum</span> <span class='ocrx_word' id='word_1_40' title='bbox 695 870 777 930; x_wconf 92' lang='lat' dir='ltr'>omni</span> <span class='ocrx_word' id='word_1_41' title='bbox 791 870 987 952; x_wconf 75' lang='lat' dir='ltr'>prosperitate</span> <span class='ocrx_word' id='word_1_42' title='bbox 999 868 1086 931; x_wconf 84' lang='lat' dir='ltr'>offert</span> <span class='ocrx_word' id='word_1_43' title='bbox 1100 880 1130 931; x_wconf 92' lang='lat' dir='ltr'>et</span> <span class='ocrx_word' id='word_1_44' title='bbox 1144 879 1293 950; x_wconf 87' lang='lat' dir='ltr'>precatur.</span> <span class='ocrx_word' id='word_1_45' title='bbox 1335 869 1467 931; x_wconf 85' lang='lat' dir='ltr'>Etcum</span> <span class='ocrx_word' id='word_1_46' title='bbox 1484 866 1548 929; x_wconf 89' lang='lat' dir='ltr'>cle-</span> 
     </span>
     <span class='ocr_line' id='line_1_7' title="bbox 340 965 1547 1048; baseline -0.001 -23"><span class='ocrx_word' id='word_1_47' title='bbox 340 966 523 1028; x_wconf 77' lang='lat' dir='ltr'>mestissime</span> <span class='ocrx_word' id='word_1_48' title='bbox 542 967 712 1029; x_wconf 89' lang='lat' dir='ltr'>meminerit</span> <span class='ocrx_word' id='word_1_49' title='bbox 727 969 801 1047; x_wconf 92' lang='lat' dir='ltr'>quid</span> <span class='ocrx_word' id='word_1_50' title='bbox 819 967 851 1027; x_wconf 90' lang='lat' dir='ltr'>in</span> <span class='ocrx_word' id='word_1_51' title='bbox 865 967 1008 1048; x_wconf 83' lang='lat' dir='ltr'>proximis</span> <span class='ocrx_word' id='word_1_52' title='bbox 1026 967 1201 1028; x_wconf 76' lang='lat' dir='ltr'>Ratisbonae</span> <span class='ocrx_word' id='word_1_53' title='bbox 1215 965 1324 1028; x_wconf 86' lang='lat' dir='ltr'>habitis</span> <span class='ocrx_word' id='word_1_54' title='bbox 1337 966 1487 1034; x_wconf 86' lang='lat' dir='ltr'>comitiis,</span> <span class='ocrx_word' id='word_1_55' title='bbox 1505 967 1547 1024; x_wconf 78' lang='lat'>26</span> 
     </span>
     <span class='ocr_line' id='line_1_8' title="bbox 342 1061 1547 1144; baseline -0.001 -21"><span class='ocrx_word' id='word_1_56' title='bbox 342 1061 420 1123; x_wconf 89' lang='lat' dir='ltr'>Maii</span> <span class='ocrx_word' id='word_1_57' title='bbox 433 1083 512 1124; x_wconf 88' lang='lat' dir='ltr'>anuo</span> <span class='ocrx_word' id='word_1_58' title='bbox 529 1067 605 1124; x_wconf 79' lang='lat'>1640</span> <span class='ocrx_word' id='word_1_59' title='bbox 618 1065 657 1125; x_wconf 90' lang='lat' dir='ltr'>de</span> <span class='ocrx_word' id='word_1_60' title='bbox 670 1063 859 1125; x_wconf 89' lang='lat' dir='ltr'>reformanda</span> <span class='ocrx_word' id='word_1_61' title='bbox 866 1063 987 1144; x_wconf 87' lang='lat' dir='ltr'>justitia</span> <span class='ocrx_word' id='word_1_62' title='bbox 997 1073 1058 1124; x_wconf 74' lang='lat' dir='ltr'>mm</span> <span class='ocrx_word' id='word_1_63' title='bbox 1071 1063 1102 1123; x_wconf 90' lang='lat' dir='ltr'>in</span> <span class='ocrx_word' id='word_1_64' title='bbox 1117 1076 1242 1144; x_wconf 87' lang='lat' dir='ltr'>utroque</span> <span class='ocrx_word' id='word_1_65' title='bbox 1255 1063 1381 1124; x_wconf 90' lang='lat' dir='ltr'>consilio</span> <span class='ocrx_word' id='word_1_66' title='bbox 1394 1061 1547 1124; x_wconf 84' lang='lat' dir='ltr'>Caesareo</span> 
     </span>
     <span class='ocr_line' id='line_1_9' title="bbox 338 1159 1544 1242; baseline -0.001 -23"><span class='ocrx_word' id='word_1_67' title='bbox 338 1159 489 1240; x_wconf 88' lang='lat' dir='ltr'>imperiali</span> <span class='ocrx_word' id='word_1_68' title='bbox 503 1161 619 1222; x_wconf 88' lang='lat' dir='ltr'>scilicet</span> <span class='ocrx_word' id='word_1_69' title='bbox 631 1170 662 1221; x_wconf 90' lang='lat' dir='ltr'>et</span> <span class='ocrx_word' id='word_1_70' title='bbox 675 1160 784 1236; x_wconf 89' lang='lat' dir='ltr'>aulico,</span> <span class='ocrx_word' id='word_1_71' title='bbox 797 1181 887 1241; x_wconf 89' lang='lat' dir='ltr'>quam</span> <span class='ocrx_word' id='word_1_72' title='bbox 900 1159 1050 1222; x_wconf 86' lang='lat' dir='ltr'>Camerali</span> <span class='ocrx_word' id='word_1_73' title='bbox 1062 1159 1195 1242; x_wconf 80' lang='lat' dir='ltr'>Spirensi</span> <span class='ocrx_word' id='word_1_74' title='bbox 1204 1172 1303 1220; x_wconf 87' lang='lat' dir='ltr'>actum</span> <span class='ocrx_word' id='word_1_75' title='bbox 1315 1169 1346 1221; x_wconf 88' lang='lat' dir='ltr'>et</span> <span class='ocrx_word' id='word_1_76' title='bbox 1357 1159 1544 1220; x_wconf 88' lang='lat' dir='ltr'>conclusum</span> 
     </span>
     <span class='ocr_line' id='line_1_10' title="bbox 338 1255 1542 1339; baseline 0 -23"><span class='ocrx_word' id='word_1_77' title='bbox 338 1255 439 1331; x_wconf 82' lang='lat' dir='ltr'>fuerit,</span> <span class='ocrx_word' id='word_1_78' title='bbox 453 1268 487 1319; x_wconf 89' lang='lat' dir='ltr'>ut</span> <span class='ocrx_word' id='word_1_79' title='bbox 500 1257 643 1320; x_wconf 89' lang='lat' dir='ltr'>nimirum</span> <span class='ocrx_word' id='word_1_80' title='bbox 663 1257 811 1338; x_wconf 88' lang='lat' dir='ltr'>imprimis</span> <span class='ocrx_word' id='word_1_81' title='bbox 827 1268 948 1339; x_wconf 90' lang='lat' dir='ltr'>propter</span> <span class='ocrx_word' id='word_1_82' title='bbox 966 1258 1031 1337; x_wconf 87' lang='lat' dir='ltr'>jam</span> <span class='ocrx_word' id='word_1_83' title='bbox 1051 1258 1163 1319; x_wconf 86' lang='lat' dir='ltr'>dictam</span> <span class='ocrx_word' id='word_1_84' title='bbox 1178 1258 1327 1339; x_wconf 86' lang='lat' dir='ltr'>justitiam</span> <span class='ocrx_word' id='word_1_85' title='bbox 1343 1257 1382 1318; x_wconf 90' lang='lat' dir='ltr'>ad</span> <span class='ocrx_word' id='word_1_86' title='bbox 1400 1257 1542 1338; x_wconf 90' lang='lat' dir='ltr'>primum</span> 
     </span>
     <span class='ocr_line' id='line_1_11' title="bbox 339 1352 1544 1437; baseline -0.001 -23"><span class='ocrx_word' id='word_1_87' title='bbox 339 1353 420 1415; x_wconf 89' lang='lat' dir='ltr'>diem</span> <span class='ocrx_word' id='word_1_88' title='bbox 432 1355 511 1416; x_wconf 87' lang='lat' dir='ltr'>Maii</span> <span class='ocrx_word' id='word_1_89' title='bbox 522 1357 594 1416; x_wconf 89' lang='lat' dir='ltr'>anni</span> <span class='ocrx_word' id='word_1_90' title='bbox 604 1354 755 1416; x_wconf 87' lang='lat' dir='ltr'>millesimi</span> <span class='ocrx_word' id='word_1_91' title='bbox 767 1353 976 1416; x_wconf 84' lang='lat' dir='ltr'>sexcentesimi</span> <span class='ocrx_word' id='word_1_92' title='bbox 986 1353 1209 1437; x_wconf 75' lang='lat' dir='ltr'>quadragesimi</span> <span class='ocrx_word' id='word_1_93' title='bbox 1218 1355 1340 1416; x_wconf 89' lang='lat' dir='ltr'>secundi</span> <span class='ocrx_word' id='word_1_94' title='bbox 1351 1355 1389 1414; x_wconf 88' lang='lat' dir='ltr'>ab</span> <span class='ocrx_word' id='word_1_95' title='bbox 1399 1352 1544 1415; x_wconf 90' lang='lat' dir='ltr'>emiuen-</span> 
     </span>
     <span class='ocr_line' id='line_1_12' title="bbox 337 1449 1543 1534; baseline -0.001 -23"><span class='ocrx_word' id='word_1_96' title='bbox 337 1451 452 1512; x_wconf 89' lang='lat' dir='ltr'>tissimo</span> <span class='ocrx_word' id='word_1_97' title='bbox 467 1452 702 1534; x_wconf 81' lang='lat' dir='ltr'>Arubiepiscopc</span> <span class='ocrx_word' id='word_1_98' title='bbox 718 1459 749 1512; x_wconf 84' lang='lat' dir='ltr'>et</span> <span class='ocrx_word' id='word_1_99' title='bbox 765 1451 910 1532; x_wconf 87' lang='lat' dir='ltr'>Principe</span> <span class='ocrx_word' id='word_1_100' title='bbox 924 1449 1071 1527; x_wconf 86' lang='lat' dir='ltr'>Electore,</span> <span class='ocrx_word' id='word_1_101' title='bbox 1087 1453 1163 1512; x_wconf 87' lang='lat' dir='ltr'>sacri</span> <span class='ocrx_word' id='word_1_102' title='bbox 1183 1451 1312 1513; x_wconf 88' lang='lat' dir='ltr'>Romani</span> <span class='ocrx_word' id='word_1_103' title='bbox 1332 1451 1462 1532; x_wconf 90' lang='lat' dir='ltr'>Imperii</span> <span class='ocrx_word' id='word_1_104' title='bbox 1485 1471 1543 1530; x_wconf 87' lang='lat' dir='ltr'>per</span> 
     </span>
     <span class='ocr_line' id='line_1_13' title="bbox 340 1547 1542 1610; baseline -0.002 -1"><span class='ocrx_word' id='word_1_105' title='bbox 340 1548 536 1610; x_wconf 85' lang='lat' dir='ltr'>Germaniam</span> <span class='ocrx_word' id='word_1_106' title='bbox 552 1547 828 1610; x_wconf 82' lang='lat' dir='ltr'>Arebicancellario</span> <span class='ocrx_word' id='word_1_107' title='bbox 842 1547 988 1609; x_wconf 84' lang='lat' dir='ltr'>Anselmo</span> <span class='ocrx_word' id='word_1_108' title='bbox 1001 1547 1150 1610; x_wconf 82' lang='lat' dir='ltr'>Oasimiro</span> <span class='ocrx_word' id='word_1_109' title='bbox 1163 1549 1201 1609; x_wconf 90' lang='lat' dir='ltr'>ad</span> <span class='ocrx_word' id='word_1_110' title='bbox 1220 1549 1450 1610; x_wconf 86' lang='lat' dir='ltr'>deliberandum</span> <span class='ocrx_word' id='word_1_111' title='bbox 1465 1567 1542 1608; x_wconf 89' lang='lat' dir='ltr'>con-</span> 
     </span>
     <span class='ocr_line' id='line_1_14' title="bbox 340 1643 1540 1728; baseline 0.001 -24"><span class='ocrx_word' id='word_1_112' title='bbox 340 1656 518 1707; x_wconf 83' lang='lat' dir='ltr'>vocarentur</span> <span class='ocrx_word' id='word_1_113' title='bbox 531 1646 700 1727; x_wconf 87' lang='lat' dir='ltr'>principum</span> <span class='ocrx_word' id='word_1_114' title='bbox 714 1657 745 1706; x_wconf 91' lang='lat' dir='ltr'>et</span> <span class='ocrx_word' id='word_1_115' title='bbox 757 1653 889 1707; x_wconf 89' lang='lat' dir='ltr'>statuum</span> <span class='ocrx_word' id='word_1_116' title='bbox 901 1645 1002 1728; x_wconf 84' lang='lat' dir='ltr'>legati.</span> <span class='ocrx_word' id='word_1_117' title='bbox 1044 1643 1135 1716; x_wconf 86' lang='lat' dir='ltr'>Quod</span> <span class='ocrx_word' id='word_1_118' title='bbox 1148 1645 1220 1726; x_wconf 89' lang='lat' dir='ltr'>quia</span> <span class='ocrx_word' id='word_1_119' title='bbox 1232 1644 1292 1706; x_wconf 91' lang='lat' dir='ltr'>huo</span> <span class='ocrx_word' id='word_1_120' title='bbox 1307 1664 1401 1726; x_wconf 86' lang='lat' dir='ltr'>usque</span> <span class='ocrx_word' id='word_1_121' title='bbox 1412 1645 1454 1704; x_wconf 90' lang='lat' dir='ltr'>ob</span> <span class='ocrx_word' id='word_1_122' title='bbox 1465 1665 1540 1725; x_wconf 86' lang='lat' dir='ltr'>gra·</span> 
     </span>
     <span class='ocr_line' id='line_1_15' title="bbox 339 1739 1539 1825; baseline 0.002 -26"><span class='ocrx_word' id='word_1_123' title='bbox 339 1739 462 1803; x_wconf 76' lang='lat' dir='ltr'>sissima</span> <span class='ocrx_word' id='word_1_124' title='bbox 476 1743 594 1824; x_wconf 90' lang='lat' dir='ltr'>imperii</span> <span class='ocrx_word' id='word_1_125' title='bbox 607 1742 738 1825; x_wconf 84' lang='lat' dir='ltr'>negotia,</span> <span class='ocrx_word' id='word_1_126' title='bbox 752 1752 783 1804; x_wconf 89' lang='lat' dir='ltr'>et</span> <span class='ocrx_word' id='word_1_127' title='bbox 795 1741 978 1824; x_wconf 86' lang='lat' dir='ltr'>periculosos</span> <span class='ocrx_word' id='word_1_128' title='bbox 992 1741 1137 1804; x_wconf 90' lang='lat' dir='ltr'>bellorum</span> <span class='ocrx_word' id='word_1_129' title='bbox 1152 1753 1250 1804; x_wconf 89' lang='lat' dir='ltr'>motus</span> <span class='ocrx_word' id='word_1_130' title='bbox 1263 1741 1328 1803; x_wconf 87' lang='lat' dir='ltr'>lieri</span> <span class='ocrx_word' id='word_1_131' title='bbox 1342 1741 1427 1802; x_wconf 88' lang='lat' dir='ltr'>nullo</span> <span class='ocrx_word' id='word_1_132' title='bbox 1441 1741 1539 1802; x_wconf 89' lang='lat' dir='ltr'>modo</span> 
     </span>
     <span class='ocr_line' id='line_1_16' title="bbox 338 1837 1537 1918; baseline 0.002 -21"><span class='ocrx_word' id='word_1_133' title='bbox 338 1839 444 1918; x_wconf 90' lang='lat' dir='ltr'>potuit,</span> <span class='ocrx_word' id='word_1_134' title='bbox 461 1841 543 1900; x_wconf 89' lang='lat' dir='ltr'>omni</span> <span class='ocrx_word' id='word_1_135' title='bbox 557 1840 692 1902; x_wconf 80' lang='lat' dir='ltr'>adhibitd</span> <span class='ocrx_word' id='word_1_136' title='bbox 709 1839 782 1900; x_wconf 74' lang='lat' dir='ltr'>curi</span> <span class='ocrx_word' id='word_1_137' title='bbox 795 1839 981 1900; x_wconf 84' lang='lat' dir='ltr'>adlaboravit</span> <span class='ocrx_word' id='word_1_138' title='bbox 998 1849 1030 1900; x_wconf 89' lang='lat' dir='ltr'>ut</span> <span class='ocrx_word' id='word_1_139' title='bbox 1045 1859 1083 1900; x_wconf 90' lang='lat' dir='ltr'>ne</span> <span class='ocrx_word' id='word_1_140' title='bbox 1097 1840 1200 1901; x_wconf 81' lang='lat' dir='ltr'>saltem</span> <span class='ocrx_word' id='word_1_141' title='bbox 1217 1839 1331 1901; x_wconf 87' lang='lat' dir='ltr'>dintids</span> <span class='ocrx_word' id='word_1_142' title='bbox 1348 1837 1537 1911; x_wconf 83' lang='lat' dir='ltr'>differretur,</span> 
     </span>
     <span class='ocr_line' id='line_1_17' title="bbox 337 1933 1535 2017; baseline 0.002 -25"><span class='ocrx_word' id='word_1_143' title='bbox 337 1933 390 1994; x_wconf 85' lang='lat' dir='ltr'>sed</span> <span class='ocrx_word' id='word_1_144' title='bbox 405 1937 502 2016; x_wconf 87' lang='lat' dir='ltr'>potius</span> <span class='ocrx_word' id='word_1_145' title='bbox 515 1937 614 2017; x_wconf 86' lang='lat' dir='ltr'>primo</span> <span class='ocrx_word' id='word_1_146' title='bbox 627 1955 746 2017; x_wconf 91' lang='lat' dir='ltr'>quoque</span> <span class='ocrx_word' id='word_1_147' title='bbox 759 1946 893 2016; x_wconf 87' lang='lat' dir='ltr'>tempora</span> <span class='ocrx_word' id='word_1_148' title='bbox 906 1955 1076 1996; x_wconf 83' lang='lat' dir='ltr'>successum</span> <span class='ocrx_word' id='word_1_149' title='bbox 1088 1935 1219 1997; x_wconf 89' lang='lat' dir='ltr'>baberet.</span> <span class='ocrx_word' id='word_1_150' title='bbox 1263 1936 1302 1997; x_wconf 92' lang='lat' dir='ltr'>In</span> <span class='ocrx_word' id='word_1_151' title='bbox 1315 1935 1535 1996; x_wconf 75' lang='lat' dir='ltr'>himetandam</span> 
     </span>
     <span class='ocr_line' id='line_1_18' title="bbox 338 2029 1536 2115; baseline 0.001 -25"><span class='ocrx_word' id='word_1_152' title='bbox 338 2029 419 2090; x_wconf 88' lang='lat' dir='ltr'>diem</span> <span class='ocrx_word' id='word_1_153' title='bbox 436 2033 566 2111; x_wconf 88' lang='lat' dir='ltr'>primum</span> <span class='ocrx_word' id='word_1_154' title='bbox 582 2033 711 2115; x_wconf 84' lang='lat' dir='ltr'>Augusti</span> <span class='ocrx_word' id='word_1_155' title='bbox 727 2034 792 2115; x_wconf 89' lang='lat' dir='ltr'>jam</span> <span class='ocrx_word' id='word_1_156' title='bbox 809 2032 907 2094; x_wconf 85' lang='lat' dir='ltr'>dictus</span> <span class='ocrx_word' id='word_1_157' title='bbox 921 2031 1172 2108; x_wconf 81' lang='lat' dir='ltr'>eminentissimus</span> <span class='ocrx_word' id='word_1_158' title='bbox 1187 2031 1309 2093; x_wconf 85' lang='lat' dir='ltr'>Elector</span> <span class='ocrx_word' id='word_1_159' title='bbox 1329 2030 1536 2112; x_wconf 87' lang='lat' dir='ltr'>Moguutinus</span> 
     </span>
     <span class='ocr_line' id='line_1_19' title="bbox 332 2127 1535 2210; baseline 0.002 -25"><span class='ocrx_word' id='word_1_160' title='bbox 332 2127 422 2206; x_wconf 79' lang='lat' dir='ltr'>juxta</span> <span class='ocrx_word' id='word_1_161' title='bbox 435 2127 601 2191; x_wconf 73' lang='lat' dir='ltr'>Coesmeam</span> <span class='ocrx_word' id='word_1_162' title='bbox 621 2130 851 2204; x_wconf 86' lang='lat' dir='ltr'>ordinationem,</span> <span class='ocrx_word' id='word_1_163' title='bbox 866 2146 969 2190; x_wconf 87' lang='lat' dir='ltr'>omnes</span> <span class='ocrx_word' id='word_1_164' title='bbox 989 2127 1141 2201; x_wconf 86' lang='lat' dir='ltr'>electores,</span> <span class='ocrx_word' id='word_1_165' title='bbox 1162 2129 1311 2210; x_wconf 87' lang='lat' dir='ltr'>principes</span> <span class='ocrx_word' id='word_1_166' title='bbox 1330 2148 1366 2190; x_wconf 88' lang='lat' dir='ltr'>ac</span> <span class='ocrx_word' id='word_1_167' title='bbox 1383 2137 1479 2188; x_wconf 84' lang='lat' dir='ltr'>status</span> <span class='ocrx_word' id='word_1_168' title='bbox 1493 2128 1535 2188; x_wconf 90' lang='lat' dir='ltr'>ad</span> 
     </span>
     <span class='ocr_line' id='line_1_20' title="bbox 339 2221 1532 2308; baseline 0.003 -26"><span class='ocrx_word' id='word_1_169' title='bbox 339 2221 616 2288; x_wconf 83' lang='lat' dir='ltr'>Francosnrtensam</span> <span class='ocrx_word' id='word_1_170' title='bbox 636 2228 790 2289; x_wconf 82' lang='lat' dir='ltr'>civitatem</span> <span class='ocrx_word' id='word_1_171' title='bbox 809 2226 986 2308; x_wconf 89' lang='lat' dir='ltr'>conscripsit</span> <span class='ocrx_word' id='word_1_172' title='bbox 1005 2238 1035 2287; x_wconf 88' lang='lat' dir='ltr'>et</span> <span class='ocrx_word' id='word_1_173' title='bbox 1051 2227 1195 2288; x_wconf 83' lang='lat' dir='ltr'>avocavit.</span> <span class='ocrx_word' id='word_1_174' title='bbox 1236 2226 1375 2306; x_wconf 88' lang='lat' dir='ltr'>Cumque</span> <span class='ocrx_word' id='word_1_175' title='bbox 1397 2223 1428 2285; x_wconf 91' lang='lat' dir='ltr'>S.</span> <span class='ocrx_word' id='word_1_176' title='bbox 1449 2225 1532 2286; x_wconf 81' lang='lat' dir='ltr'>Caes.</span> 
     </span>
     <span class='ocr_line' id='line_1_21' title="bbox 341 2319 1532 2406; baseline 0.003 -26"><span class='ocrx_word' id='word_1_177' title='bbox 341 2319 486 2402; x_wconf 89' lang='lat' dir='ltr'>Majestas</span> <span class='ocrx_word' id='word_1_178' title='bbox 499 2323 563 2405; x_wconf 86' lang='lat' dir='ltr'>ipsa</span> <span class='ocrx_word' id='word_1_179' title='bbox 576 2326 606 2385; x_wconf 91' lang='lat' dir='ltr'>in</span> <span class='ocrx_word' id='word_1_180' title='bbox 622 2343 746 2406; x_wconf 88' lang='lat' dir='ltr'>persona</span> <span class='ocrx_word' id='word_1_181' title='bbox 762 2323 844 2385; x_wconf 88' lang='lat' dir='ltr'>bisce</span> <span class='ocrx_word' id='word_1_182' title='bbox 863 2322 995 2386; x_wconf 88' lang='lat' dir='ltr'>consiliis</span> <span class='ocrx_word' id='word_1_183' title='bbox 1012 2323 1050 2384; x_wconf 94' lang='lat' dir='ltr'>ob</span> <span class='ocrx_word' id='word_1_184' title='bbox 1066 2322 1253 2406; x_wconf 80' lang='lat' dir='ltr'>praegnantis</span> <span class='ocrx_word' id='word_1_185' title='bbox 1271 2322 1392 2405; x_wconf 81' lang='lat' dir='ltr'>negotia</span> <span class='ocrx_word' id='word_1_186' title='bbox 1407 2322 1532 2405; x_wconf 85' lang='lat' dir='ltr'>imperii</span> 
     </span>
     <span class='ocr_line' id='line_1_22' title="bbox 337 2418 1529 2501; baseline 0.003 -23"><span class='ocrx_word' id='word_1_187' title='bbox 337 2428 369 2478; x_wconf 89' lang='lat' dir='ltr'>et</span> <span class='ocrx_word' id='word_1_188' title='bbox 382 2418 525 2481; x_wconf 88' lang='lat' dir='ltr'>bellorum</span> <span class='ocrx_word' id='word_1_189' title='bbox 541 2421 682 2483; x_wconf 88' lang='lat' dir='ltr'>interesse</span> <span class='ocrx_word' id='word_1_190' title='bbox 697 2430 836 2501; x_wconf 89' lang='lat' dir='ltr'>nequeat,</span> <span class='ocrx_word' id='word_1_191' title='bbox 855 2420 1072 2483; x_wconf 85' lang='lat' dir='ltr'>commissarios</span> <span class='ocrx_word' id='word_1_192' title='bbox 1089 2419 1253 2491; x_wconf 87' lang='lat' dir='ltr'>constituit,</span> <span class='ocrx_word' id='word_1_193' title='bbox 1267 2420 1320 2501; x_wconf 92' lang='lat' dir='ltr'>qui</span> <span class='ocrx_word' id='word_1_194' title='bbox 1333 2438 1387 2481; x_wconf 88' lang='lat' dir='ltr'>suo</span> <span class='ocrx_word' id='word_1_195' title='bbox 1400 2419 1468 2481; x_wconf 91' lang='lat' dir='ltr'>loco</span> <span class='ocrx_word' id='word_1_196' title='bbox 1482 2420 1529 2481; x_wconf 91' lang='lat' dir='ltr'>iu-</span> 
     </span>
     <span class='ocr_line' id='line_1_23' title="bbox 337 2516 1528 2599; baseline 0.003 -25"><span class='ocrx_word' id='word_1_197' title='bbox 337 2523 489 2591; x_wconf 88' lang='lat' dir='ltr'>teressent,</span> <span class='ocrx_word' id='word_1_198' title='bbox 503 2527 626 2599; x_wconf 82' lang='lat' dir='ltr'>agerent</span> <span class='ocrx_word' id='word_1_199' title='bbox 639 2528 669 2578; x_wconf 85' lang='lat' dir='ltr'>et</span> <span class='ocrx_word' id='word_1_200' title='bbox 686 2528 895 2599; x_wconf 82' lang='lat' dir='ltr'>promoverent</span> <span class='ocrx_word' id='word_1_201' title='bbox 908 2518 1010 2579; x_wconf 88' lang='lat' dir='ltr'>omnia</span> <span class='ocrx_word' id='word_1_202' title='bbox 1026 2517 1078 2579; x_wconf 92' lang='lat' dir='ltr'>illa</span> <span class='ocrx_word' id='word_1_203' title='bbox 1090 2538 1159 2598; x_wconf 76' lang='lat' dir='ltr'>quaa</span> <span class='ocrx_word' id='word_1_204' title='bbox 1179 2517 1219 2578; x_wconf 86' lang='lat' dir='ltr'>ad</span> <span class='ocrx_word' id='word_1_205' title='bbox 1233 2536 1342 2578; x_wconf 90' lang='lat' dir='ltr'>munus</span> <span class='ocrx_word' id='word_1_206' title='bbox 1355 2516 1528 2578; x_wconf 83' lang='lat' dir='ltr'>Caesareum</span> 
     </span>
     <span class='ocr_line' id='line_1_24' title="bbox 337 2613 1004 2696; baseline 0.004 -25"><span class='ocrx_word' id='word_1_207' title='bbox 337 2621 367 2672; x_wconf 89' lang='lat' dir='ltr'>et</span> <span class='ocrx_word' id='word_1_208' title='bbox 379 2613 551 2693; x_wconf 73' lang='lat' dir='ltr'>reipublice</span> <span class='ocrx_word' id='word_1_209' title='bbox 565 2614 797 2675; x_wconf 90' lang='lat' dir='ltr'>emolumentum</span> <span class='ocrx_word' id='word_1_210' title='bbox 812 2615 1004 2696; x_wconf 88' lang='lat' dir='ltr'>pertinerent.</span> 
     </span>
    </p>

    <p class='ocr_par' dir='ltr' id='par_1_3' title="bbox 336 2709 1527 3277">
     <span class='ocr_line' id='line_1_25' title="bbox 379 2709 1527 2792; baseline 0.002 -21"><span class='ocrx_word' id='word_1_211' title='bbox 379 2709 642 2781; x_wconf 75' lang='lat' dir='ltr'>Quemadmodum</span> <span class='ocrx_word' id='word_1_212' title='bbox 655 2712 725 2773; x_wconf 88' lang='lat' dir='ltr'>verb</span> <span class='ocrx_word' id='word_1_213' title='bbox 739 2712 863 2772; x_wconf 72' lang='lat' dir='ltr'>Divinae</span> <span class='ocrx_word' id='word_1_214' title='bbox 873 2710 1094 2792; x_wconf 76' lang='lat' dir='ltr'>omnipotentiae</span> <span class='ocrx_word' id='word_1_215' title='bbox 1104 2711 1248 2772; x_wconf 84' lang='lat' dir='ltr'>auxilinm</span> <span class='ocrx_word' id='word_1_216' title='bbox 1258 2710 1384 2773; x_wconf 77' lang='lat' dir='ltr'>ferventi</span> <span class='ocrx_word' id='word_1_217' title='bbox 1394 2712 1527 2774; x_wconf 86' lang='lat' dir='ltr'>oratione</span> 
     </span>
     <span class='ocr_line' id='line_1_26' title="bbox 337 2804 1525 2892; baseline 0.003 -27"><span class='ocrx_word' id='word_1_218' title='bbox 337 2804 559 2888; x_wconf 89' lang='lat' dir='ltr'>implorandum</span> <span class='ocrx_word' id='word_1_219' title='bbox 580 2820 634 2884; x_wconf 87' lang='lat' dir='ltr'>est,</span> <span class='ocrx_word' id='word_1_220' title='bbox 655 2817 689 2869; x_wconf 87' lang='lat' dir='ltr'>ut</span> <span class='ocrx_word' id='word_1_221' title='bbox 708 2808 810 2868; x_wconf 87' lang='lat' dir='ltr'>omnia</span> <span class='ocrx_word' id='word_1_222' title='bbox 829 2808 868 2869; x_wconf 90' lang='lat' dir='ltr'>ad</span> <span class='ocrx_word' id='word_1_223' title='bbox 889 2809 1030 2889; x_wconf 89' lang='lat' dir='ltr'>majorem</span> <span class='ocrx_word' id='word_1_224' title='bbox 1052 2826 1135 2868; x_wconf 90' lang='lat' dir='ltr'>suam</span> <span class='ocrx_word' id='word_1_225' title='bbox 1157 2808 1284 2892; x_wconf 83' lang='lat' dir='ltr'>gloriam</span> <span class='ocrx_word' id='word_1_226' title='bbox 1305 2819 1334 2870; x_wconf 89' lang='lat' dir='ltr'>at</span> <span class='ocrx_word' id='word_1_227' title='bbox 1353 2807 1525 2870; x_wconf 79' lang='lat' dir='ltr'>Germaniae</span> 
     </span>
     <span class='ocr_line' id='line_1_27' title="bbox 337 2902 1522 2987; baseline 0.004 -26"><span class='ocrx_word' id='word_1_228' title='bbox 337 2902 441 2982; x_wconf 86' lang='lat' dir='ltr'>patriae</span> <span class='ocrx_word' id='word_1_229' title='bbox 455 2916 565 2965; x_wconf 79' lang='lat' dir='ltr'>nostrae</span> <span class='ocrx_word' id='word_1_230' title='bbox 579 2903 780 2966; x_wconf 77' lang='lat' dir='ltr'>dilectissimae</span> <span class='ocrx_word' id='word_1_231' title='bbox 793 2904 1038 2979; x_wconf 89' lang='lat' dir='ltr'>emolumentum,</span> <span class='ocrx_word' id='word_1_232' title='bbox 1051 2905 1091 2967; x_wconf 90' lang='lat' dir='ltr'>ad</span> <span class='ocrx_word' id='word_1_233' title='bbox 1105 2906 1245 2986; x_wconf 87' lang='lat' dir='ltr'>quietem,</span> <span class='ocrx_word' id='word_1_234' title='bbox 1258 2914 1288 2967; x_wconf 90' lang='lat' dir='ltr'>et</span> <span class='ocrx_word' id='word_1_235' title='bbox 1300 2906 1522 2987; x_wconf 86' lang='lat' dir='ltr'>prosperitatem</span> 
     </span>
     <span class='ocr_line' id='line_1_28' title="bbox 337 3000 1521 3085; baseline 0.004 -26"><span class='ocrx_word' id='word_1_236' title='bbox 337 3000 488 3079; x_wconf 89' lang='lat' dir='ltr'>publicam</span> <span class='ocrx_word' id='word_1_237' title='bbox 514 3002 589 3063; x_wconf 88' lang='lat' dir='ltr'>bene</span> <span class='ocrx_word' id='word_1_238' title='bbox 612 3014 643 3064; x_wconf 90' lang='lat' dir='ltr'>et</span> <span class='ocrx_word' id='word_1_239' title='bbox 661 3002 788 3084; x_wconf 79' lang='lat' dir='ltr'>pacifice</span> <span class='ocrx_word' id='word_1_240' title='bbox 812 3002 1025 3084; x_wconf 83' lang='lat' dir='ltr'>transigantur.</span> <span class='ocrx_word' id='word_1_241' title='bbox 1073 3001 1123 3064; x_wconf 87' lang='lat' dir='ltr'>Ita</span> <span class='ocrx_word' id='word_1_242' title='bbox 1146 3022 1200 3063; x_wconf 87' lang='lat' dir='ltr'>uos</span> <span class='ocrx_word' id='word_1_243' title='bbox 1219 3002 1351 3085; x_wconf 90' lang='lat' dir='ltr'>prompti</span> <span class='ocrx_word' id='word_1_244' title='bbox 1369 3003 1521 3084; x_wconf 89' lang='lat' dir='ltr'>paratique</span> 
     </span>
     <span class='ocr_line' id='line_1_29' title="bbox 337 3098 1520 3180; baseline 0.003 -23"><span class='ocrx_word' id='word_1_245' title='bbox 337 3098 448 3159; x_wconf 88' lang='lat' dir='ltr'>erimus</span> <span class='ocrx_word' id='word_1_246' title='bbox 458 3099 496 3160; x_wconf 90' lang='lat' dir='ltr'>ad</span> <span class='ocrx_word' id='word_1_247' title='bbox 507 3100 645 3160; x_wconf 86' lang='lat' dir='ltr'>universa</span> <span class='ocrx_word' id='word_1_248' title='bbox 655 3120 721 3180; x_wconf 89' lang='lat' dir='ltr'>quae</span> <span class='ocrx_word' id='word_1_249' title='bbox 732 3100 764 3160; x_wconf 89' lang='lat' dir='ltr'>iu</span> <span class='ocrx_word' id='word_1_250' title='bbox 773 3099 859 3160; x_wconf 89' lang='lat' dir='ltr'>nobis</span> <span class='ocrx_word' id='word_1_251' title='bbox 874 3108 961 3161; x_wconf 90' lang='lat' dir='ltr'>erunt</span> <span class='ocrx_word' id='word_1_252' title='bbox 970 3099 1059 3180; x_wconf 86' lang='lat' dir='ltr'>juxta</span> <span class='ocrx_word' id='word_1_253' title='bbox 1069 3099 1295 3161; x_wconf 87' lang='lat' dir='ltr'>instructionem</span> <span class='ocrx_word' id='word_1_254' title='bbox 1306 3110 1437 3162; x_wconf 86' lang='lat' dir='ltr'>nostram</span> <span class='ocrx_word' id='word_1_255' title='bbox 1451 3120 1520 3161; x_wconf 90' lang='lat' dir='ltr'>con·</span> 
     </span>
     <span class='ocr_line' id='line_1_30' title="bbox 336 3194 733 3277; baseline 0 -22"><span class='ocrx_word' id='word_1_256' title='bbox 336 3194 493 3257; x_wconf 88' lang='lat' dir='ltr'>tribuenda</span> <span class='ocrx_word' id='word_1_257' title='bbox 506 3208 536 3258; x_wconf 89' lang='lat' dir='ltr'>et</span> <span class='ocrx_word' id='word_1_258' title='bbox 549 3196 733 3277; x_wconf 85' lang='lat' dir='ltr'>exequenda.</span> 
     </span>
    </p>

    <p class='ocr_par' dir='ltr' id='par_1_4' title="bbox 379 3290 1518 3376">
     <span class='ocr_line' id='line_1_31' title="bbox 379 3290 1518 3376; baseline 0 -21"><span class='ocrx_word' id='word_1_259' title='bbox 379 3293 501 3357; x_wconf 88' lang='lat' dir='ltr'>Placuit</span> <span class='ocrx_word' id='word_1_260' title='bbox 520 3294 609 3376; x_wconf 84' lang='lat' dir='ltr'>porrb</span> <span class='ocrx_word' id='word_1_261' title='bbox 631 3294 720 3354; x_wconf 87' lang='lat' dir='ltr'>etiam</span> <span class='ocrx_word' id='word_1_262' title='bbox 738 3310 832 3353; x_wconf 77' lang='lat' dir='ltr'>sacrae</span> <span class='ocrx_word' id='word_1_263' title='bbox 851 3290 999 3353; x_wconf 83' lang='lat' dir='ltr'>Caesarese</span> <span class='ocrx_word' id='word_1_264' title='bbox 1020 3290 1174 3373; x_wconf 87' lang='lat' dir='ltr'>Majestati</span> <span class='ocrx_word' id='word_1_265' title='bbox 1192 3292 1239 3353; x_wconf 86' lang='lat' dir='ltr'>blo</span> <span class='ocrx_word' id='word_1_266' title='bbox 1254 3292 1449 3375; x_wconf 75' lang='lat' dir='ltr'>presentibus</span> <span class='ocrx_word' id='word_1_267' title='bbox 1468 3294 1518 3355; x_wconf 80' lang='lat' dir='ltr'>do</span> 
     </span>
    </p>
   </div>
   <div class='ocr_carea' id='block_1_3' title="bbox 332 3388 1517 3764">
    <p class='ocr_par' dir='ltr' id='par_1_5' title="bbox 332 3388 1517 3764">
     <span class='ocr_line' id='line_1_32' title="bbox 335 3388 1516 3474; baseline -0.001 -22"><span class='ocrx_word' id='word_1_268' title='bbox 335 3391 426 3453; x_wconf 87' lang='lat' dir='ltr'>minis</span> <span class='ocrx_word' id='word_1_269' title='bbox 439 3391 587 3474; x_wconf 87' lang='lat' dir='ltr'>deputatis</span> <span class='ocrx_word' id='word_1_270' title='bbox 604 3390 766 3452; x_wconf 86' lang='lat' dir='ltr'>electorum</span> <span class='ocrx_word' id='word_1_271' title='bbox 784 3388 956 3470; x_wconf 87' lang='lat' dir='ltr'>principum</span> <span class='ocrx_word' id='word_1_272' title='bbox 975 3408 1010 3449; x_wconf 91' lang='lat' dir='ltr'>ac</span> <span class='ocrx_word' id='word_1_273' title='bbox 1027 3398 1157 3450; x_wconf 86' lang='lat' dir='ltr'>statuum</span> <span class='ocrx_word' id='word_1_274' title='bbox 1176 3390 1353 3451; x_wconf 88' lang='lat' dir='ltr'>consiliariis</span> <span class='ocrx_word' id='word_1_275' title='bbox 1370 3400 1400 3451; x_wconf 89' lang='lat' dir='ltr'>et</span> <span class='ocrx_word' id='word_1_276' title='bbox 1416 3390 1516 3472; x_wconf 85' lang='lat' dir='ltr'>legatis</span> 
     </span>
     <span class='ocr_line' id='line_1_33' title="bbox 335 3486 1517 3571; baseline 0.001 -22"><span class='ocrx_word' id='word_1_277' title='bbox 335 3490 459 3571; x_wconf 91' lang='lat' dir='ltr'>proponi</span> <span class='ocrx_word' id='word_1_278' title='bbox 485 3500 516 3551; x_wconf 91' lang='lat' dir='ltr'>et</span> <span class='ocrx_word' id='word_1_279' title='bbox 540 3486 706 3571; x_wconf 85' lang='lat' dir='ltr'>significari</span> <span class='ocrx_word' id='word_1_280' title='bbox 733 3506 837 3548; x_wconf 88' lang='lat' dir='ltr'>curam</span> <span class='ocrx_word' id='word_1_281' title='bbox 862 3498 891 3546; x_wconf 89' lang='lat' dir='ltr'>et</span> <span class='ocrx_word' id='word_1_282' title='bbox 913 3486 1147 3547; x_wconf 87' lang='lat' dir='ltr'>sollicitudinem</span> <span class='ocrx_word' id='word_1_283' title='bbox 1169 3486 1379 3567; x_wconf 30' lang='lat' dir='ltr'>qualantehac</span> <span class='ocrx_word' id='word_1_284' title='bbox 1405 3508 1517 3569; x_wconf 88' lang='lat' dir='ltr'>semper</span> 
     </span>
     <span class='ocr_line' id='line_1_34' title="bbox 334 3581 1515 3657; baseline -0.001 -11"><span class='ocrx_word' id='word_1_285' title='bbox 334 3588 464 3648; x_wconf 79' lang='lat' dir='ltr'>maxime</span> <span class='ocrx_word' id='word_1_286' title='bbox 483 3585 555 3647; x_wconf 81' lang='lat' dir='ltr'>verb</span> <span class='ocrx_word' id='word_1_287' title='bbox 577 3584 616 3647; x_wconf 83' lang='lat' dir='ltr'>ab</span> <span class='ocrx_word' id='word_1_288' title='bbox 634 3584 750 3646; x_wconf 88' lang='lat' dir='ltr'>ultimis</span> <span class='ocrx_word' id='word_1_289' title='bbox 771 3582 901 3644; x_wconf 89' lang='lat' dir='ltr'>comitiis</span> <span class='ocrx_word' id='word_1_290' title='bbox 926 3581 1194 3644; x_wconf 87' lang='lat' dir='ltr'>Ratisbonansibus</span> <span class='ocrx_word' id='word_1_291' title='bbox 1215 3586 1380 3657; x_wconf 87' lang='lat' dir='ltr'>contendit,</span> <span class='ocrx_word' id='word_1_292' title='bbox 1401 3595 1435 3647; x_wconf 85' lang='lat' dir='ltr'>ut</span> <span class='ocrx_word' id='word_1_293' title='bbox 1454 3596 1515 3645; x_wconf 89' lang='lat' dir='ltr'>tan-</span> 
     </span>
     <span class='ocr_line' id='line_1_35' title="bbox 332 3680 1512 3764; baseline -0.004 -18"><span class='ocrx_word' id='word_1_294' title='bbox 332 3684 400 3746; x_wconf 88' lang='lat' dir='ltr'>dem</span> <span class='ocrx_word' id='word_1_295' title='bbox 425 3683 601 3746; x_wconf 86' lang='lat' dir='ltr'>universalis</span> <span class='ocrx_word' id='word_1_296' title='bbox 624 3702 682 3764; x_wconf 87' lang='lat' dir='ltr'>pax</span> <span class='ocrx_word' id='word_1_297' title='bbox 709 3690 898 3755; x_wconf 88' lang='lat' dir='ltr'>tractaretur,</span> <span class='ocrx_word' id='word_1_298' title='bbox 919 3690 948 3741; x_wconf 89' lang='lat' dir='ltr'>et</span> <span class='ocrx_word' id='word_1_299' title='bbox 971 3680 1045 3741; x_wconf 87' lang='lat' dir='ltr'>certi</span> <span class='ocrx_word' id='word_1_300' title='bbox 1074 3680 1149 3760; x_wconf 90' lang='lat' dir='ltr'>quid</span> <span class='ocrx_word' id='word_1_301' title='bbox 1179 3680 1255 3741; x_wconf 85' lang='lat' dir='ltr'>sarid</span> <span class='ocrx_word' id='word_1_302' title='bbox 1280 3682 1512 3745; x_wconf 85' lang='lat' dir='ltr'>concluderetur.</span> 
     </span>
    </p>
   </div>
   <div class='ocr_carea' id='block_1_4' title="bbox 0 0 1618 4700">
    <p class='ocr_par' dir='ltr' id='par_1_6' title="bbox 0 0 1618 4700">
     <span class='ocr_line' id='line_1_36' title="bbox 0 0 1618 4700; baseline 0 3"><span class='ocrx_word' id='word_1_303' title='bbox 0 0 1618 4700; x_wconf 95' lang='lat' dir='ltr'> </span> 
     </span>
    </p>
   </div>
  </div>
 </body>
</html>
