3225 4700
496 339 910 411 ITINERARIUM.
1226 335 1287 400 ‹lll

79 492 310 570 paciscendum
324 515 355 555 se
368 495 549 557 obtuleruut.
591 494 750 557 Conclusis
759 494 855 575 pactis
869 494 1036 554 eduxerunt
1050 511 1087 552 ex
1100 488 1182 551 mille
1191 488 1286 569 quad·

80 588 253 669 ringentis,
274 611 349 670 quos
369 591 407 652 ab
427 591 514 652 initio
534 591 697 652 obsidionis
717 592 787 651 urbs
813 601 1030 663 numeraverat,
1051 586 1204 656 militibus,
1225 604 1285 644 non

81 684 155 744 nisi
168 698 310 747 sexcenta
326 688 434 768 capita,
449 689 550 748 caeteri
565 708 669 749 omues
682 688 731 748 rel
748 687 859 748 morbis
872 685 919 747 vel
935 684 1020 744 clade
1039 681 1208 762 consumpti
1221 679 1284 740 fue-

81 791 173 841 rant.
216 781 389 863 Egressuris
402 804 542 844 concessa
561 795 630 845 sunt
643 784 705 844 duo
718 795 879 855 tormenta,
900 781 1001 842 omnia
1019 781 1140 860 insuper
1157 777 1284 858 impedi-

85 888 199 938 menta
210 899 279 959 quae
293 880 372 940 intra
384 892 530 942 trecentos
542 901 647 942 currus
665 889 924 960 steterunt‚atque
947 877 1189 957 Luxemburgum
1210 893 1285 954 prae-

84 974 237 1035 sidiarius
250 976 336 1036 miles
348 977 496 1039 deductus
509 989 564 1038 est.
606 978 685 1040 Cum
699 978 874 1058 praesidium
887 974 1088 1058 egrederetur,
1101 981 1244 1033 steterunt
1252 970 1284 1031 in

86 1067 190 1128 armis
204 1068 299 1140 Galli,
312 1080 343 1129 et
356 1070 388 1130 in
401 1071 521 1152 signum
536 1069 650 1132 laetitias
664 1079 710 1131 ter
721 1070 836 1131 fistulas
849 1091 917 1132 suas
931 1078 1137 1132 exonerarunt.

137 1163 292 1225 Numerus
307 1165 464 1227 Gallorum
480 1167 648 1228 occisorum
663 1167 789 1227 durante
801 1167 955 1230 obsidione
970 1189 1028 1228 non
1041 1177 1086 1228 est
1104 1167 1206 1240 initus,
1221 1186 1285 1226 eer-

91 1271 162 1321 tum
185 1271 229 1322 est
252 1262 340 1342 plura
357 1262 447 1324 fuisse
471 1263 576 1338 millia,
604 1264 642 1324 de
671 1262 850 1344 primoribus
876 1265 1042 1326 occubuere
1071 1260 1287 1324 Mareschallus

90 1357 199 1438 campi
214 1358 257 1419 La
266 1357 359 1432 Mott,
370 1359 511 1420 Marobio
524 1359 562 1420 de
570 1359 690 1421 Chevre
702 1360 840 1420 similiter
852 1360 1067 1422 Mareschallus
1077 1359 1186 1439 campi,
1197 1358 1286 1419 Mon·

90 1454 178 1514 sieur
193 1455 321 1516 Gassion
335 1457 407 1536 quia
418 1477 455 1517 ex
469 1477 546 1536 equo
559 1456 763 1531 descenderat,
776 1467 806 1517 et
820 1457 879 1517 uni
891 1479 961 1519 cum
972 1457 1072 1538 pedite
1083 1455 1177 1517 milite
1187 1456 1287 1516 iucur—
1308 1461 1309 1466 ’

93 1559 189 1622 reret,
215 1552 370 1614 mortalem
393 1553 513 1635 plagam
535 1554 660 1634 accepit
710 1553 785 1613 Post
813 1573 963 1634 egressum
990 1554 1195 1633 Hispanorum
1221 1553 1290 1613 urbs

94 1649 236 1730 quinque
248 1650 416 1732 legionibus
430 1649 557 1712 Gallicis
567 1661 598 1712 et
610 1659 738 1730 quatuor
751 1648 951 1711 Helvetorum
966 1650 1127 1731 manipulis
1136 1661 1223 1711 aucta
1234 1659 1287 1711 est.

97 1746 295 1827 Expugnatio
314 1746 525 1808 Theonisrilloe
548 1756 580 1808 ut
596 1745 726 1828 primum
744 1745 879 1807 Parisios
898 1749 1038 1808 nunciata
1057 1757 1111 1821 est,
1128 1745 1289 1829 magnifiee

95 1842 314 1925 triumphatum
328 1852 374 1904 est
387 1843 417 1904 iu
433 1842 561 1925 Reginae
575 1842 743 1924 praesentiri.

149 2211 175 2294 ἢ
220 2218 231 2231 ²
304 2158 352 2269 ²i¹
404 2222 430 2237 ··
488 2166 566 2298 τῖε
645 2173 753 2272 Ὴὲ
837 2220 908 2293 aa
1043 2184 1074 2267 ἦ
1228 2215 1248 2265 a

499 2454 691 2532 CAPUT
729 2454 901 2531 LXXV.

192 2612 243 2679 De
256 2614 536 2701 Fruueosordieaai
555 2613 738 2703 Principem
753 2639 791 2681 oe
806 2615 955 2681 Statuam
970 2612 1007 2679 S.
1025 2611 1071 2676 R.
1091 2609 1220 2696 Imperii

407 2717 567 2785 Conventa
581 2730 610 2783 et
626 2720 699 2783 aliis
713 2720 786 2785 ltine
800 2719 871 2784 iude
882 2719 988 2807 gestie.

132 2914 162 2995 τ
305 2899 354 2975 ῆῇ
367 2894 674 2957 EMORAVIMUS
687 2896 759 2957 alibi
771 2897 811 2957 dc
832 2896 960 2957 comitiis
977 2894 1242 2957 Ratisbonensibus
1257 2912 1292 2953 ac

211 3012 246 3068 »Ἃ
323 2972 356 3069 il
385 2992 423 3053 de
442 2992 613 3073 principum
633 3002 816 3054 aestatuum
838 2992 876 3053 ud
897 2991 1083 3075 illalegatis.
1126 2990 1164 3050 In
1185 2990 1293 3070 quibus

121 3071 146 3179 '3¹
241 3079 249 3098 '
275 3153 283 3187 r
324 3099 358 3188 δ.
386 3090 441 3150 sub
467 3089 580 3151 exitum
604 3089 779 3150 conclusum
806 3089 884 3149 iuter
907 3099 1016 3149 cratera
1037 3087 1142 3160 iuerat,
1172 3097 1205 3149 ut
1230 3106 1290 3147 uon

182 3231 197 3262 a
387 3186 482 3248 multo
495 3196 561 3267 post
579 3186 807 3248 Francofurtum
822 3187 900 3247 sacri
918 3186 1048 3247 Romani
1062 3184 1187 3265 Imperii
1200 3196 1293 3246 status

136 3287 137 3290 ’
170 3260 280 3350 ῘῘῪΪ,
312 3264 354 3346 ζ)
387 3282 1295 3366 convocarenturprocomponendisquibusdamcontroversiis

103 3408 170 3470 quae
184 3388 203 3448 a
215 3386 348 3447 comitiis
360 3384 390 3443 in
405 3380 647 3464 opportuniorem
659 3379 758 3441 locum
774 3380 892 3460 rejecta
906 3390 999 3439 eraut.
1043 3377 1082 3439 Id
1092 3379 1171 3458 quod
1182 3378 1292 3439 factum

24 3515 28 3530 ·
102 3497 157 3545 est.
197 3480 342 3543 Collectis
356 3479 454 3559 itaque
466 3475 627 3559 potissimis
637 3475 801 3536 electorum
812 3474 996 3553 aliorumque
1006 3474 1177 3555 principum
1188 3474 1294 3556 legatis

105 3591 134 3643 ct
151 3577 329 3641 consiliariis
346 3576 386 3637 ad
398 3574 578 3656 vigesimum
597 3572 727 3653 primum
744 3570 897 3632 Februarii
916 3570 1019 3631 annia
1036 3569 1293 3651 sesquimillesimo

108 3675 260 3739 centesimi
273 3672 494 3755 quadragesimi
507 3670 587 3731 tertii
601 3670 633 3729 in
647 3670 761 3729 curiam
775 3666 931 3728 convocati
946 3678 1017 3727 sunt
1032 3666 1081 3727 ubi
1100 3666 1293 3748 praeseutibus

25 3827 26 3834 ,
111 3772 254 3837 Caesareis
267 3770 487 3844 commissariis,
501 3766 664 3849 propositio
678 3766 708 3826 iu
723 3775 894 3846 sequentem
908 3782 1026 3824 sensum
1041 3762 1120 3823 edita
1134 3774 1186 3822 est.
