3225 4700
738 375 3027 552 emm&

1506 764 1893 843 CAPUT
1955 766 2198 842 XLV.

668 935 774 1003 De
805 939 1131 1007 Succorum
1160 943 1509 1028 irruptione
1536 942 1603 1005 in
1639 936 2085 1027 Rhinqaviam,
2109 939 2418 1022 Bingana
2453 937 2599 1001 item
2637 934 2961 999 obsidione
3007 945 3074 999 et

1318 1044 1773 1130 expuqnatione
1789 1066 1909 1131 per
1946 1042 2392 1108 Wmarienses.

681 1233 789 1310 '.-{f'·
818 1205 834 1248 ἰ
938 1185 1162 1348 ἢᾷ)
1201 1233 1325 1296 Uo
1370 1234 1579 1296 eodem
1628 1243 1892 1316 tempore
1935 1233 2283 1315 Rhinguvia
2328 1252 2433 1313 per
2481 1227 2802 1291 Suedicam
2847 1223 3072 1304 irrup-

833 1338 841 1377 ”i
946 1338 947 1341 ’
1122 1350 1126 1352 “
1130 1397 1166 1430 r·
1233 1329 1459 1391 tionem
1490 1331 1770 1392 miserum
1808 1331 1868 1391 in
1908 1330 2153 1391 modum
2190 1328 2388 1390 subito
2422 1326 2538 1387 fnit
2569 1324 2862 1396 infestata,
2903 1341 3069 1380 cum

990 1473 1166 1542 μίαν
1130 1397 1162 1442 ··'
1232 1423 1391 1485 enim
1420 1445 1525 1506 per
1551 1434 1741 1487 totum
1763 1425 1938 1486 illum
1967 1432 2250 1499 tractum,
2278 1422 2397 1483 nisi
2423 1417 2786 1502 Moguntiae,
2805 1415 3069 1477 nullum

845 1514 873 1546 '''
934 1519 937 1520 ⁷
986 1506 1034 1546 ⁴
1034 1474 1166 1650 *ἐξ
1232 1517 1351 1581 lete
1378 1530 1531 1582 esset
1554 1521 1902 1601 praesidium
1925 1520 2289 1595 Caesareum,
2317 1538 2430 1579 nec
2453 1513 2854 1596 Hispanicum
2875 1523 3069 1573 extra

986 1639 989 1640 ⁷
1094 1598 1170 1650 ᾖ
1230 1615 1394 1695 quod
1422 1617 1659 1677 tuendis
1687 1616 2043 1697 quibusdam
2077 1616 2323 1676 urbibus
2352 1633 2423 1675 ac
2455 1608 2889 1673 munitionibus
2923 1616 3072 1668 erat

660 1705 1186 1784 pernecessarium,
1215 1722 1573 1793 nossentque
1594 1712 2024 1773 Wimarienses
2050 1721 2174 1771 tam
2200 1708 2396 1770 subito
2419 1707 2650 1787 aliquas
2673 1702 2878 1785 copias
2904 1723 3065 1763 eon-

664 1794 798 1856 fisri
835 1798 1077 1864 aliunde
1120 1824 1191 1865 ac
1235 1807 1381 1868 illuc
1417 1809 1636 1869 deduci
1673 1828 1795 1870 non
1835 1828 2041 1889 posse;
2093 1816 2346 1888 quatuor
2386 1805 2703 1884 derepente
2746 1798 3067 1881 Legiones

662 1888 1097 1960 Collaschicam
1134 1901 1386 1977 scilicet,
1428 1903 1832 1964 Moserianam
1875 1903 2194 1976 Scoticam‚
2227 1912 2290 1963 et
2316 1896 2878 1962 Widerholdianam
2928 1903 3064 1956 tra·

650 1987 819 2068 jecto
861 1990 1077 2055 Rheno
1113 1996 1351 2058 nemine
1392 1998 1700 2059 resistente
1725 1999 2132 2074 induxerunt,
2172 2006 2477 2077 totamque
2517 1994 2602 2055 ita
2633 1990 3066 2072 Rhingaviam

658 2084 826 2146 nullo
851 2106 1036 2169 prope
1062 2092 1303 2173 negotio
1328 2103 1718 2175 occuparunt.
1802 2094 2170 2157 Elabebatur
2195 2094 2422 2155 interea
2445 2090 2683 2153 abunde
2712 2086 2858 2149 satis
2893 2097 3060 2147 tem·

658 2180 823 2260 poris
872 2193 1192 2265 antequam
1250 2187 1564 2250 Bavarieae
1611 2189 1800 2270 copies
1851 2191 1932 2251 ad
1980 2190 2215 2271 Spiram
2274 2188 2601 2251 Nemetum
2655 2182 3061 2245 subsistentes

657 2277 1109 2357 advocarentur,
1153 2283 1521 2366 dabaturque
1561 2284 1715 2346 hosti
1757 2286 1931 2368 copia
1973 2296 2110 2347 ante
2154 2285 2395 2346 illorum
2433 2282 2757 2344 adventum
2792 2278 3058 2360 quidvis

658 2375 1022 2455 compilandi
1069 2387 1130 2440 et
1169 2379 1478 2442 efferendi.
1578 2382 1832 2444 Monitae
1879 2392 2078 2444 tamen
2124 2380 2453 2444 celerrimis
2497 2379 2666 2459 equis
2708 2375 3058 2457 Mogontia

657 2471 939 2549 dimissis,
969 2495 1089 2535 non
1117 2476 1225 2537 diu
1251 2478 1661 2552 substiterunt,
1688 2479 1796 2540 sed
1822 2498 2004 2560 quam
2031 2498 2172 2540 mox
2197 2487 2385 2539 strato
2409 2495 2515 2557 per
2541 2472 2822 2535 Rhenum
2854 2481 3051 2552 ponte

657 2568 855 2629 navali
883 2570 947 2630 in
974 2570 1311 2634 citeriorem
1339 2573 1529 2654 ripam
1560 2575 1890 2658 traJiciunt,
1916 2594 1989 2636 ac
2014 2574 2361 2636 festinanter
2395 2592 2502 2653 per
2528 2578 2775 2632 stratam
2800 2579 3050 2629 monta-

656 2683 797 2724 num
824 2665 1171 2728 brevissimo
1196 2677 1258 2730 et
1282 2670 1728 2749 expeditissime
1757 2671 1968 2732 itinere
2005 2669 2392 2753 Mogentiam
2423 2685 2612 2748 usque
2641 2665 3047 2736 descendunt,

655 2779 768 2822 nec
794 2761 961 2824 mora
986 2763 1047 2824 in
1077 2762 1306 2825 hostem
1338 2764 1601 2826 animose
1640 2775 1901 2848 pergunt
1915 2786 1935 2841 3
1976 2784 2115 2827 cum
2148 2785 2291 2826 vero
2325 2764 2428 2825 ille
2467 2782 2705 2824 omnem
2735 2761 2801 2822 in
2839 2761 3046 2822 Rhin-

656 2857 897 2940 gaviam
939 2859 1274 2942 ingressum
1318 2860 1540 2922 selecto
1580 2861 1770 2922 milite
1812 2872 2024 2923 contra
2063 2872 2296 2923 nostros
2336 2859 2709 2933 munivisset,
2747 2858 3040 2920 Bovarici

657 2954 848 3015 multo
874 2954 993 3016 alia
1018 2954 1267 3016 consilia
1292 2954 1616 3031 iniverunt,
1645 2976 1716 3017 sc
1737 2956 1850 3018 iter
1877 2957 2086 3019 relicto
2109 2955 2416 3018 ordinario
2443 2954 2610 3015 aditu
2631 2955 2713 3015 ad
2736 2953 3038 3024 dextram,

656 3069 733 3111 ne
752 3070 871 3130 qua
896 3052 1176 3132 praesidio
1200 3051 1584 3113 Wimariensi
1610 3053 2024 3129 innotesceret,
2045 3071 2278 3114 summo
2294 3071 2434 3112 cum
2454 3050 2690 3112 silentio
2714 3050 3032 3121 flexerunt,

653 3157 830 3226 atque
857 3169 963 3230 per
979 3149 1159 3210 aliam
1186 3147 1484 3210 occultam
1511 3149 1674 3210 viam
1700 3148 1844 3209 alibi
1871 3149 2205 3230 ingressum
2233 3148 2432 3209 rimati
2454 3155 2615 3222 sunt,
2632 3167 2764 3207 eam
2784 3146 3031 3226 quidem

654 3240 852 3302 hostes
894 3243 1156 3309 dimissis
1183 3243 1319 3326 jam
1358 3244 1790 3305 sufficientibus
1832 3245 2019 3326 copiis
2060 3244 2243 3305 etiam
2284 3243 2615 3324 praepedire
2656 3251 2719 3303 et
2759 3240 3030 3301 obsidere

654 3338 961 3418 parabant,
997 3341 1102 3401 sed
1138 3341 1344 3416 serius,
1379 3340 1567 3401 nostri
1602 3341 1760 3401 enim
1787 3342 1918 3421 jam
1950 3348 2393 3422 praeverterant,
2420 3339 2672 3419 illasque
2699 3336 2901 3418 copias
2927 3356 3029 3415 op·

652 3444 906 3516 portune
932 3436 1367 3517 interceperant
1392 3437 1477 3497 ita
1499 3445 1565 3497 ut
1588 3456 1700 3497 nec
1722 3436 1977 3497 nuncius
1997 3436 2242 3516 quidem
2265 3437 2344 3497 ad
2369 3435 2599 3497 hostem
2620 3435 2815 3496 redire
2834 3442 3030 3515 posset

652 3529 835 3592 index
877 3531 1066 3591 nostri
1108 3531 1430 3613 ingressus.
1516 3530 1657 3592 Hac
1699 3531 1886 3614 igitur
1929 3531 2168 3593 fortuna
2202 3531 2486 3593 Bavarici
2522 3529 2834 3592 erectiores
2870 3529 3026 3590 ultro

649 3628 941 3689 audenter
967 3637 1319 3709 promovent
1344 3637 1524 3708 atque
1549 3626 1617 3686 in
1651 3646 1832 3708 supra
1867 3636 2219 3688 memoratas
2256 3627 2547 3708 Legiones
2572 3634 2827 3706 quatuor
2857 3624 3025 3685 invo-

648 3723 793 3799 lant,
817 3744 965 3806 quas
991 3724 1072 3784 ad
1089 3734 1420 3786 extremum
1439 3722 1799 3785 dexterrime
1827 3722 2121 3805 persecuti
2148 3731 2288 3785 sunt
2308 3722 2793 3786 Rudisheimium
2820 3741 3021 3800 usque,
