3225 4700
486 345 906 417 IYINERARIUM.
1222 340 1285 403 353

10 484 67 549 nlut
83 485 297 555 eisoleunitas
305 494 519 575 duplicaretur.
531 499 569 561 de
581 498 708 583 Regina
717 521 836 582 quoque
846 501 1038 563 coronatione
1051 497 1163 561 multus
1173 493 1284 572 ubique

24 588 254 649 emebatur
269 610 377 666 sermo,
391 592 431 652 ad
450 613 542 673 quam
560 615 701 676 pompam
722 597 936 679 appromiserat
955 596 1022 658 Rex
1044 615 1112 657 cum
1134 589 1218 655 omni
1230 606 1285 649 sus

9 685 27 725 1³
45 692 90 737 &t
99 681 165 757 ila,
197 687 320 767 ipsoque
348 687 508 751 Cardinale
536 690 676 753 Ricbelio
702 692 891 775 praesentiam
907 715 915 755 ι
949 693 1188 755 sollicitabantur
1212 685 1284 749 verd

10 786 70 882 ΟΨ
82 782 198 843 nmmi
212 780 369 863 infimique
383 796 416 846 ut
428 786 468 846 ad
478 806 637 849 commuue
651 788 737 871 regni
749 790 892 872 gaudium
906 790 1001 852 animi
1016 784 1283 872 promptitudinem
1409 866 1412 875 .

9 884 106 938 astatuet
119 878 234 940 omnia
246 899 300 940 sua
309 880 451 962 obsequia
461 883 638 945 conferrent.

9 972 96 1033 caud
119 974 390 1039 Intercommunia
401 999 494 1062 regno
508 979 724 1063 gaudiaanuus
731 980 875 1063 paulatim
885 983 925 1045 ad
939 986 1051 1045 exitum
1064 976 1280 1062 precipitabat,

8 1065 140 1133 lllislrssec
154 1073 315 1155 quisquam
327 1076 455 1156 amplius
468 1076 625 1139 dubitabat
643 1078 682 1138 de
701 1078 890 1160 optatissimo
910 1079 1016 1140 lineet
1037 1076 1191 1138 laetiesimo
1209 1072 1281 1134 anni

86 1172 191 1232 uituri
205 1173 328 1233 exordio
345 1183 376 1235 et
394 1193 561 1255 progressu,
580 1173 649 1236 cum
665 1174 792 1235 obscura
805 1184 966 1257 tempestas
985 1194 1021 1235 ex
1042 1167 1280 1233 Eminentissimi

27 1266 258 1331 “oelardinslis
273 1267 402 1330 Riobelii
417 1270 500 1330 obitu
513 1269 656 1351 prolecta,
672 1290 793 1333 emnem
807 1272 919 1335 lretitiae
938 1270 1126 1333 serenitatem
1142 1264 1279 1334 obduxit,

8 1364 106 1425 aruns
121 1364 227 1425 aulam
242 1365 371 1446 Regiam
385 1386 496 1448 magno
508 1388 636 1430 moerore
648 1368 796 1431 confudit.
839 1369 911 1431 Fuit
925 1370 970 1431 vir
982 1388 1051 1430 acer
1069 1364 1202 1446 ingenio,
1216 1362 1282 1423 vita

9 1480 264 1543 sparaemperans,
279 1463 411 1525 moribus
424 1462 542 1546 integer
558 1474 587 1527 et
600 1476 710 1537 castus,
724 1466 755 1527 iu
774 1467 864 1528 rebus
882 1465 1021 1549 gerendis
1040 1460 1180 1546 vigilans,
1201 1458 1281 1539 Regi

8 1559 110 1621 dumet
131 1580 230 1642 regno
242 1559 331 1621 fidus.
374 1559 509 1621 Patriam
530 1561 558 1622 ei
576 1562 697 1625 dederat
718 1562 831 1638 Galba,
851 1563 1036 1625 nobilitatem
1058 1558 1204 1643 prosapie,
1220 1556 1281 1617 Ec·

8 1660 35 1717 eri
43 1656 176 1740 pelesia
192 1656 409 1719 sacerdotalem
424 1657 651 1738 professionem:
679 1659 711 1719 iu
726 1669 796 1741 toga
814 1660 854 1721 ad
871 1678 1025 1739 supremas
1043 1657 1205 1739 dignitates
1223 1653 1281 1715 sibi

7 1754 297 1835 nsdpraemunierat
309 1754 436 1825 aditum,
449 1754 480 1813 in
494 1774 566 1836 sago
583 1755 725 1836 expedita
738 1755 770 1815 in
784 1769 925 1838 promptu
937 1755 1066 1817 habebat
1079 1752 1214 1825 consilia,
1229 1770 1280 1811 seu

8 1849 171 1931 tuszregni
185 1860 285 1911 motus
300 1859 376 1910 esset
394 1851 629 1930 componendus,
647 1872 699 1912 seu
714 1852 754 1913 ad
772 1862 911 1915 externas
929 1852 1064 1913 nationes
1086 1848 1281 1931 propaganda

7 1957 59 2014 rin·
69 1966 187 2024 arma3
209 1947 248 2008 ad
262 1966 366 2028 pacem
381 1947 551 2027 bellumque
563 1949 811 2029 promovendum,
826 1950 943 2011 dotibus
957 1946 1142 2009 naturalibus
1153 1946 1280 2006 instruc·

8 2077 26 2113 n
36 2059 60 2113 n.
71 2054 129 2106 tus
142 2054 208 2105 erat
219 2044 343 2104 omuino
355 2043 567 2126 singularibus.
611 2044 694 2117 Quas
707 2046 780 2126 quin
792 2046 928 2107 conferre
941 2045 1098 2106 videbatur
1111 2043 1151 2103 ad
1165 2041 1281 2102 dissen-

7 2155 57 2211 ηε
71 2142 181 2202 aiones
189 2140 582 2203 iuterexteroscoucitandas
590 2143 697 2225 magis,
707 2143 797 2223 qudm
806 2144 847 2204 ad
855 2138 1278 2223 tranquillitatemsovendam,

7 2253 54 2310 Μὴ
75 2239 232 2300 invidiam
254 2238 281 2300 ei
300 2249 479 2321 pepererunt
497 2240 529 2299 iu
549 2240 713 2321 peregrinis
734 2240 835 2321 regnis
854 2239 1028 2307 maximam,
1048 2235 1278 2298 domesticorum

75 2336 176 2398 etiam
196 2334 357 2398 multorum
376 2336 448 2397 odia
466 2334 517 2396 vix
536 2335 669 2398 ferenda.
711 2335 914 2408 valetudinis,
929 2357 989 2417 qua
1008 2334 1184 2417 plerumque
1197 2330 1279 2392 tenui

6 2447 47 2504 ,3³3
77 2432 234 2504 utebatur,
262 2431 437 2493 afflictiones
463 2433 555 2494 sensit
577 2433 780 2515 gravissimas,
809 2434 840 2494 in
868 2435 976 2514 quibus
1002 2432 1137 2494 animum
1164 2447 1280 2509 semper

7 2545 42 2603 Su:
76 2540 217 2591 erectum
231 2528 370 2590 retinuit:
391 2530 512 2611 perdius
530 2542 561 2591 et
578 2551 687 2612 pernox
706 2531 737 2590 iu
754 2529 915 2592 laboribus.
958 2529 1069 2591 AEtatis
1083 2547 1196 2588 annum
1210 2527 1279 2587 atti-

7 2662 40 2700 ,2
76 2635 171 2710 gerat
183 2635 298 2687 sextum
311 2646 402 2707 supra
414 2627 708 2709 quinquagesimum,
720 2626 842 2707 quando
853 2627 950 2708 ipsum
961 2626 1103 2708 plurima,
1113 2643 1206 2704 eaque
1219 2621 1281 2685 fere

7 2743 36 2798 d.-
77 2724 229 2785 contiuua
241 2724 373 2805 corporis
386 2723 577 2784 incommoda
589 2723 629 2784 ad
644 2735 812 2785 extremum
832 2724 993 2784 adduxere.
1037 2721 1132 2783 Morti
1145 2719 1279 2780 vicinum

7 2857 33 2896 μς,
78 2818 188 2880 invisit
199 2818 344 2900 Majestas
356 2819 463 2902 Regia,
475 2820 524 2880 cui
538 2831 708 2900 promptum
718 2820 842 2882 omuino
852 2821 892 2881 ad
904 2828 1030 2882 mortem
1043 2817 1177 2880 animum
1189 2835 1280 2898 geue-

7 2958 29 2995 Ψ
81 2913 246 2976 rosissimis
259 2914 359 2976 verbis
371 2925 417 2977 est
434 2925 568 2978 testatus.
606 2915 737 2978 Dicebat
756 2917 836 2977 euim
857 2937 888 2978 se
903 2916 1030 2977 libenter
1047 2923 1171 2975 mortem
1190 2931 1281 2993 oppe-

7 3036 26 3093 p
80 3022 160 3082 tere,
181 3011 424 3092 quandoquidem
445 3012 536 3075 sciret
554 3033 587 3074 se
606 3012 727 3074 fidelem
749 3012 830 3094 Regi
850 3033 944 3093 usque
964 3012 1003 3073 ad
1022 3022 1188 3074 extremum
1210 3009 1281 3070 vitae

6 3155 21 3190 g
80 3109 226 3190 spiritum
240 3109 412 3190 prestitisse
430 3129 564 3190 operam,
578 3130 668 3191 quem
682 3110 784 3170 necin
807 3108 877 3170 ullis
898 3129 1031 3189 unquam
1052 3106 1282 3169 adversitatibus

6 3250 17 3287 :
81 3206 214 3266 consilio
233 3215 401 3288 opportuno
420 3206 611 3282 destituisset,
627 3217 658 3268 et
675 3207 758 3288 qudd
772 3206 888 3268 videret
908 3205 965 3266 sibi
983 3203 1185 3284 superfuturos
1204 3203 1282 3264 viros

7 3349 12 3383 -,
81 3303 174 3386 plane
188 3321 319 3384 sagaces,
334 3303 450 3383 sibique
462 3323 523 3366 non
537 3304 705 3378 dissimiles,
720 3303 773 3383 qui
787 3303 873 3384 regni
887 3311 996 3364 statum
1011 3300 1116 3361 intime
1129 3309 1282 3380 penetras·

81 3407 160 3473 sent,
175 3417 251 3478 quos
263 3399 406 3460 suadebat
418 3400 523 3461 crebro
536 3399 569 3460 in
586 3399 744 3462 consilium
763 3399 842 3480 Regi
856 3417 919 3460 esec
938 3396 1131 3459 adhibendos.
1170 3395 1282 3476 Impri-

82 3496 143 3557 mis
156 3495 228 3556 verb
245 3505 277 3556 et
294 3495 473 3556 nominatim
491 3497 721 3558 commendabat
736 3495 905 3557 Dominum
927 3494 965 3555 da
980 3492 1153 3574 chevigny,
1171 3501 1201 3554 et
1219 3491 1283 3553 Do·

82 3593 202 3654 minum
215 3592 255 3653 de
270 3591 399 3673 Noyers,
413 3593 467 3654 sed
478 3613 540 3674 pra
556 3593 694 3654 omuibus
712 3591 990 3654 Eminentissimum
1004 3587 1196 3652 Cardinalem
1211 3587 1283 3649 Ma·

82 3689 179 3752 zarini
205 3688 380 3752 dilaudabat
403 3688 519 3771 prolixo
544 3689 653 3773 elogio,
680 3709 808 3770 eumque
836 3688 866 3748 in
892 3686 991 3748 locum
1015 3705 1101 3746 suum
1127 3684 1284 3768 subrogari

687 3806 733 3846 ιι
