3225 4700
1489 750 1553 824 C
1567 748 1637 823 A
1650 749 1710 825 P
1728 748 1798 823 U
1812 748 1877 824 T
1948 747 2007 824 L
2022 748 2117 823 X.

1194 899 1301 968 De
1325 899 1505 966 rebus
1527 900 1720 988 gestis
1749 897 1838 965 ad
1869 895 2397 983 Wesenbuthum.

630 1053 1110 1161 &filh'24135-
1136 1063 1729 1128 USCEPERANT
1758 1062 2250 1173 Luneburgenses
2274 1060 2438 1122 circa
2462 1059 2593 1122 haec
2617 1060 2831 1121 eadem
2852 1070 3056 1120 tem-

647 1177 695 1253 'a‘
826 1141 1011 1302 '232
1094 1206 1100 1212 η-
1172 1181 1321 1244 pora
1358 1160 1669 1243 negotium
1708 1158 1954 1221 omnino
1986 1176 2301 1238 operosum
2342 1165 2403 1218 et
2431 1156 2682 1217 minime
2715 1164 3056 1238 opportu-

655 1257 679 1330 ’.γ
728 1293 747 1326 ⁷-
980 1177 1112 1374 &l
1174 1276 1343 1331 num,
1371 1257 1613 1337 quando
1639 1252 2207 1317 Wolfenbuthanam
2227 1252 2598 1314 obsidionem
2623 1252 2823 1313 moliti
2841 1261 3053 1312 sunt.

699 1382 711 1390 ’
775 1346 1091 1518 iffi]
976 1330 1108 1518 Ξῖ·
1176 1354 1371 1510 ῗὲἰῗὲ
1392 1362 1961 1559 ἒῖῗθῖἴζὲἓέἑῖ
1983 1324 3056 1558 gssssssffifi‘ssfflfflss‘ssz‘pss

617 1554 920 1626 receperat
945 1543 1275 1630 defensioni
1300 1544 1639 1620 militem,c
1603 1545 1706 1607 cui
1732 1565 1873 1607 cum
1900 1543 2153 1625 imperio
2171 1541 2490 1624 praefectus
2508 1542 2703 1603 fuerat
2729 1540 3050 1604 Ransch-

618 1642 940 1724 enbergius
967 1641 1061 1702 vir
1088 1640 1335 1703 consilio
1361 1650 1422 1704 et
1447 1641 1630 1703 armis
1655 1640 2149 1722 promptissimus.
2203 1637 2385 1710 Quod
2411 1639 2523 1700 etsi
2553 1638 3047 1720 Lunebnrgicos

618 1760 740 1800 non
764 1738 1006 1809 latebat,
1034 1738 1333 1800 desiderio
1361 1749 1558 1800 tamen
1596 1737 2022 1819 recuperandae
2056 1735 2452 1798 haereditarioe
2487 1734 2735 1796 ditionis
2770 1733 3046 1796 accensi

618 1835 989 1896 obsidionem
1027 1835 1274 1896 omnino
1303 1836 1778 1918 prosequendam
1816 1843 1943 1895 toto
1975 1841 2197 1895 conatu
2231 1840 2551 1914 putarunt:
2603 1831 3044 1893 existimantes

624 1931 789 1993 tanto
824 1930 1117 2013 gloriosus
1154 1931 1281 1992 fore
1315 1931 1576 2006 vincere,
1618 1930 1844 2013 quanto
1880 1928 2290 2013 gloriosiorem
2321 1928 2481 1990 nacti
2515 1928 2765 1990 fuissent
2797 1927 3047 1989 adver-

622 2026 868 2101 sarium,
917 2038 979 2089 et
1022 2026 1223 2089 locum
1277 2027 1656 2089 munitiorem
1710 2026 2106 2107 suscepissent
2147 2024 2639 2107 expugnandum.
2724 2024 3044 2106 Improbe

627 2123 813 2204 igitur
838 2123 1036 2185 labore
1064 2132 1124 2185 et
1149 2124 1447 2185 indefesso
1467 2123 1688 2199 studio,
1712 2123 1955 2185 mutatis
1977 2123 2278 2185 interdum
2302 2120 2678 2197 stationibus,
2697 2129 2758 2183 et
2776 2119 3043 2205 partitis

629 2216 692 2277 in
719 2216 919 2299 plures
943 2219 1239 2280 laboribus
1257 2217 1399 2279 illuc
1421 2238 1609 2299 usque
1629 2220 1932 2302 negotium
1956 2220 2381 2300 perduxerunt,
2407 2225 2473 2279 ut
2492 2237 2784 2297 aquarum
2804 2215 3036 2277 illuvie

627 2323 817 2376 totum
842 2325 1104 2378 castrum
1124 2314 1453 2392 inundarit,
1480 2316 1631 2379 adeo
1656 2323 1725 2378 ut
1750 2315 2153 2398 proesidiarius
2176 2315 2351 2377 miles
2375 2334 2495 2376 non
2523 2313 2639 2375 nisi
2659 2313 2724 2375 in
2743 2312 3033 2375 editiori-

629 2411 739 2471 bus
765 2411 909 2473 locis
936 2412 1241 2474 continere
1267 2432 1329 2473 se
1356 2422 1569 2494 posset.
1652 2413 1736 2474 Et
1759 2412 1901 2474 licet
1925 2412 2001 2473 ob
2037 2411 2340 2494 angustias
2365 2409 2747 2472 habitationis
2779 2410 3032 2472 incom-

638 2507 897 2568 modisse
924 2508 1189 2590 degeret,
1222 2528 1331 2570 nec
1361 2509 1469 2570 diu
1495 2510 1801 2571 videretur
1827 2511 2004 2571 rebus
2029 2510 2116 2570 ita
2140 2508 2430 2571 stantibus
2458 2528 2628 2590 posse
2659 2509 3031 2591 perdurare3

637 2603 862 2664 invicta
887 2612 1085 2665 tamen
1113 2605 1397 2686 patientia
1424 2605 1648 2667 ducum
1674 2625 2020 2666 communes
2046 2604 2311 2667 miserias
2336 2625 2476 2666 cum
2512 2605 2789 2687 gregario
2827 2604 3032 2665 milite

636 2698 1057 2780 perferentium
1084 2710 1145 2760 et
1171 2700 1571 2762 obsidentium
1599 2700 1915 2783 praefracta
1938 2700 2191 2762 audacia
2216 2701 2279 2761 in
2306 2700 2629 2783 perniciem
2646 2700 3033 2761 obsessorum

642 2805 765 2856 tam
797 2796 992 2858 valide
1019 2804 1080 2857 et
1106 2797 1349 2857 cordate
1376 2797 1679 2858 ruentium
1703 2797 2157 2872 existimulabat,
2187 2806 2252 2857 ut
2275 2806 2540 2859 extrema
2567 2797 2763 2878 potius
2787 2797 3032 2878 perpeti

642 2892 982 2967 resolveret,
1012 2911 1193 2973 quam
1220 2892 1409 2953 furori
1436 2902 1498 2953 et
1524 2892 1847 2954 calamitati
1874 2894 2106 2955 cedere.
2190 2893 2513 2955 Eminebat
2534 2894 2690 2955 inter
2709 2895 3030 2973 praesidia-

642 2989 760 3050 rios
786 2997 930 3050 tunc
957 2988 1106 3049 forte
1144 2988 1220 3047 ab
1256 2988 1443 3048 animi
1480 2987 1832 3050 fortitudine
1859 3008 2166 3069 nunquam
2193 2989 2334 3050 satis
2360 2989 2696 3051 laudandus
2729 2991 3033 3071 equestris

646 3085 934 3165 manipuli
978 3084 1267 3147 Centurio
1305 3082 1873 3164 (Immerniichtern,
1917 3104 2022 3144 seu
2058 3084 2301 3145 familiae
2335 3085 2594 3166 proprio,
2622 3105 2726 3145 seu
2769 3084 2806 3145 ὲ,
2846 3086 3032 3146 sociis

646 3179 857 3240 affecto
883 3180 1206 3263 agnomine
1234 3180 1629 3258 vocitabatur)
1657 3180 1762 3259 qui
1789 3199 1946 3261 saepe
1973 3181 2190 3262 saepius
2217 3189 2410 3242 castro
2436 3181 2706 3256 emissus,
2725 3201 2833 3263 per
2851 3183 3032 3243 cuni-

645 3274 811 3335 culos
849 3295 1300 3356 nonnunquam,
1344 3277 1696 3356 plerumque
1731 3287 1935 3357 aperto
1979 3297 2210 3359 campo,
2254 3276 2570 3338 vellicabat
2611 3276 2864 3353 hostem,
2909 3298 3031 3339 nec

644 3391 913 3451 unquam
940 3372 1172 3434 redibat
1197 3372 1509 3454 inglorius,
1537 3371 1685 3452 quin
1704 3371 1802 3434 vel
1822 3374 2089 3454 captivos
2107 3375 2434 3445 reduceret,
2459 3373 2556 3435 vel
2575 3393 2775 3434 ensem
2797 3375 3026 3435 recenti

645 3463 903 3525 hostium
931 3466 1220 3547 sanguine
1253 3464 1561 3526 rubentem
1589 3464 1852 3527 referret.
1909 3466 2116 3528 Rebus
2141 3469 2301 3530 hunc
2320 3469 2387 3530 in
2407 3471 2652 3532 modum
2682 3470 3026 3532 constitutis

643 3561 984 3623 metuebant
1021 3561 1209 3642 copiae
1250 3560 1562 3634 Caesareae,
1599 3581 1675 3621 ne
1711 3580 1830 3641 qua
1865 3561 2054 3624 nimia
2090 3566 2438 3628 necessitate
2475 3576 2885 3648 premerentur
2916 3568 3026 3628 ob-
