3225 4700
482 357 506 426 1
515 357 575 426 TI
583 359 808 430 NERARI
817 361 904 430 UM.
1243 367 1286 432 tt

84 509 206 582 teumb,
215 507 370 591 pstriique
381 510 538 579 diseedens
547 511 650 576 omnle
660 514 789 592 deserni,
802 524 838 578 nt
845 514 905 597 ipsi
916 523 979 577 tens
992 514 1025 576 in
1034 514 1180 598 prosperis
1191 515 1283 596 quim

84 605 226 668 sdversis
238 604 337 668 fidum
349 617 521 689 presterum
531 610 697 686 servitium,
716 611 735 673 i
747 615 833 690 enjus
845 611 949 686 intere,
962 631 1001 672 ex
1012 631 1073 692 quo
1085 611 1192 686 milito,
1204 631 1283 672 nun·

86 721 182 782 quem
200 703 335 778 diseessi,
350 723 407 766 uec
424 705 579 768 disoedsm
594 707 728 788 posthoc,
742 708 845 790 quood
856 707 957 769 vitulis
967 707 1091 789 spiritus
1102 707 1156 770 bos
1168 709 1284 770 doeeret

87 808 182 860 ortus.
222 799 317 862 Vobis
334 800 487 884 integrum
505 813 578 878 esto,
598 823 691 884 quem
707 804 797 870 vultis
817 804 903 885 sequi
919 805 1099 866 footiouemz
1127 802 1185 866 boo
1205 803 1282 864 mibi

87 896 279 973 sonuum,
293 897 386 978 iqui
398 900 545 962 seutentii
557 921 614 962 neo
626 901 691 982 ipsu
703 919 752 962 me
764 901 887 963 subdole
900 901 1073 965 dimovebit
1096 900 1160 965 Hlo
1174 900 1283 962 Butler

87 1003 204 1056 tantm
223 994 254 1055 in
269 1005 409 1058 exmeneo
429 997 627 1060 constentiam
649 998 871 1078 obstupescens,
889 997 1024 1058 euimum
1040 1018 1128 1060 suum
1146 997 1282 1060 similiter

88 1091 221 1170 speruit,
242 1090 392 1172 simulque
412 1093 543 1159 ednoeus
565 1095 583 1156 b
601 1093 672 1175 peri
689 1094 789 1156 literas
806 1094 864 1156 sibi
877 1094 897 1155 i
909 1093 1049 1156 Gsllnsso
1060 1115 1156 1177 nuper
1166 1095 1282 1168 rubeus,

87 1187 202 1268 quibus
215 1185 344 1248 militare
357 1188 517 1269 imperium
534 1210 589 1271 per
606 1189 756 1252 omnem
772 1189 937 1252 Fridlsndo
954 1190 1152 1273 abrogabatur
1163 1191 1202 1252 ob
1215 1211 1281 1272 pro-

87 1283 202 1344 ditorie
214 1283 340 1344 oonsilio
352 1303 413 1346 non
426 1285 469 1346 ite
482 1287 597 1367 pridem
608 1287 738 1352 deteote
771 1287 858 1349 Inter
869 1286 935 1348 haeo
947 1296 979 1347 et
989 1287 1100 1348 similis
1112 1288 1181 1349 duro
1194 1286 1282 1348 lucili

88 1379 249 1441 elebantur
261 1378 354 1456 horre,
369 1401 440 1442 oum
460 1401 531 1443 eoos
553 1382 608 1444 tibi
629 1381 723 1445 literoe
743 1382 912 1446 offeruntur
932 1382 951 1444 i
975 1381 1136 1446 Frsnoiseo
1155 1383 1282 1446 Alberto

90 1475 233 1538 fluonia
248 1475 337 1540 Duos
350 1477 390 1538 sd
404 1477 613 1555 Fridleudum,
631 1499 705 1560 ques
719 1479 782 1560 ipse
797 1479 915 1540 Melius
927 1485 1031 1561 (quem
1044 1499 1134 1561 penes
1147 1479 1199 1541 illu
1208 1489 1281 1540 tuno

89 1581 156 1634 eret
172 1573 260 1647 oum)
278 1573 397 1647 detulit,
418 1573 618 1657 legendosque
640 1575 659 1636 i
678 1573 843 1636 Fridlnndo
858 1576 999 1637 obtinuit.
1039 1575 1166 1638 Summe
1176 1576 1283 1658 scripti

89 1669 158 1730 beo
183 1679 261 1730 erut.
311 1669 502 1732 Beruurdum
524 1671 755 1734 Wimorieusem
782 1673 883 1753 oopiss
907 1691 974 1732 snos
989 1675 1079 1756 juxte
1104 1683 1192 1754 poete
1212 1672 1280 1754 jem

88 1765 184 1846 prope
197 1766 387 1848 conjunxisse
398 1767 523 1849 jamque
537 1767 569 1829 in
587 1779 702 1830 eertum
719 1768 820 1830 loeum
837 1767 857 1828 b
874 1768 1102 1830 Wnllensteinio
1114 1767 1171 1848 ipsi
1184 1768 1281 1829 nomi·

89 1871 196 1922 netum
206 1862 346 1944 progredi
354 1863 487 1944 cepisse,
498 1863 541 1924 nil
551 1884 583 1926 se
592 1865 683 1945 porrb
695 1864 834 1926 dubitare
841 1863 916 1943 quin
924 1862 1169 1925 Wellensteinius
1175 1863 1280 1923 desem

90 1959 227 2040 pediturn
236 1967 268 2020 et
279 1968 408 2040 quotuor
419 1961 554 2040 equitum
567 1959 663 2021 millio
675 1959 722 2021 bis
735 1960 932 2042 udjunotums
943 1959 992 2020 sit
1018 1956 1280 2020 Birokenleldium

90 2055 164 2116 verb
178 2075 249 2116 eum
267 2063 394 2136 quotuor
416 2055 548 2117 millibus
570 2055 774 2118 Poletinetum
790 2057 858 2138 jem
878 2075 942 2118 esso
960 2055 1137 2138 ingressum,
1151 2073 1207 2115 nee
1221 2054 1280 2116 nisi

91 2152 211 2213 duobus
226 2150 307 2234 Eget
321 2150 413 2214 leuois
425 2153 534 2214 obesw
569 2151 688 2235 Rogure
701 2153 827 2234 proinde
841 2150 1037 2214 Fridlnndum
1047 2150 1145 2212 utsibi
1156 2161 1279 2213 eentum

91 2248 219 2329 equites,
232 2249 285 2330 qui
291 2247 407 2310 solrnm
417 2250 600 2311 conductum
614 2250 728 2332 Egrern
741 2249 782 2311 od
794 2269 826 2309 se
839 2257 992 2330 prestent,
1004 2247 1112 2322 mittet,
1124 2245 1232 2310 tubere
1245 2270 1277 2310 n.

91 2366 158 2427 que
172 2355 287 2407 secreto
299 2366 370 2407 oum
383 2346 447 2408 solo
458 2346 546 2409 Duce
559 2356 716 2423 trocmet3
737 2346 874 2408 stetuisse
882 2344 1045 2407 eutemsub
1054 2343 1159 2405 horum
1168 2366 1278 2407 nouum

90 2442 269 2503 metutinem
286 2452 403 2525 postero
420 2462 507 2503 mene
524 2462 625 2505 eorem
642 2443 756 2505 edesse.
798 2442 898 2504 lectis
911 2442 1016 2517 literis,
1030 2441 1179 2522 quidquid
1192 2441 1278 2502 Wol-

90 2538 266 2601 lensteinius
286 2538 455 2620 pestilitatis
476 2538 629 2620 hucusque
647 2539 754 2600 intimo
773 2538 863 2599 eorde
881 2538 1047 2613 obdiderat,
1060 2558 1162 2598 eorem
1177 2536 1278 2599 Lbslio

91 2634 235 2708 evomuit,
248 2634 302 2715 qui
315 2636 401 2696 oeutb
414 2634 455 2697 ed
467 2635 568 2696 omnis
581 2635 735 2715 respondit
746 2635 830 2715 quod
842 2634 882 2695 ed
895 2653 958 2694 rem
972 2633 1139 2705 videbotur,
1153 2633 1279 2695 oonsilio

91 2732 183 2793 etiem
196 2752 276 2793 novo
294 2732 443 2815 suggessit
465 2732 676 2813 promovendus
691 2729 854 2812 proditioni
865 2729 1067 2791 uoeommods.
1106 2728 1227 2789 Interes
1238 2750 1277 2791 ne

90 2840 276 2889 momentum
289 2836 457 2901 ounototos,
472 2828 511 2889 od
523 2828 701 2891 Gordouum
715 2848 746 2889 se
759 2826 920 2901 transtulit,
934 2826 985 2887 oui
1001 2824 1094 2906 quim
1111 2824 1279 2906 periculose

90 2924 276 3007 ngimrwtur
288 2924 412 2987 consilis
424 2924 515 2986 liberb
533 2923 656 2999 detexit,
671 2924 784 2986 oddone
806 2923 851 2985 nil
871 2922 1037 3003 quidquem
1058 2920 1276 3001 expectendum

89 3040 153 3081 esse
167 3040 239 3081 oum
252 3022 290 3083 de
303 3020 383 3082 fumi
396 3021 526 3103 proprii,
541 3042 576 3083 no
593 3020 799 3082 incolumitate
817 3020 946 3083 Caeseris
958 3026 1075 3101 egetur.
1117 3016 1277 3078 Butler-um

90 3117 183 3200 igitur
201 3118 234 3179 in
252 3118 423 3180 societotem
442 3118 666 3179 oonsultetiouis
684 3127 850 3191 eoeemuut,
864 3115 917 3196 qui
933 3114 995 3176 und
1016 3122 1182 3177 statuerunt
1197 3114 1277 3175 melo

88 3234 152 3275 esse
176 3225 327 3297 potentem
347 3214 530 3282 medicinam
549 3213 779 3288 edmorendem,
800 3212 892 3274 etiem
909 3212 958 3273 rel
975 3231 1030 3271 sno
1051 3209 1099 3271 vel
1119 3208 1277 3271 Fridleudi

89 3311 219 3373 ndmisto
231 3310 387 3394 sunguine.
431 3311 477 3372 De
495 3310 567 3373 bino
585 3311 623 3371 de
641 3309 749 3371 mediis
764 3308 981 3382 disseruerunt,
1000 3316 1034 3367 nt
1050 3315 1146 3372 totum
1161 3305 1276 3367 melum

89 3406 178 3467 simul
200 3406 364 3482 tolleretur,
381 3428 419 3469 ne
436 3426 498 3489 que
520 3415 690 3469 truncetum
704 3406 813 3477 solum,
826 3403 987 3486 pullularet
1007 3403 1127 3465 iterum.
1170 3401 1277 3463 Primo

88 3514 152 3564 ent
170 3504 328 3581 sententie,
348 3505 381 3565 in
399 3524 490 3585 quom
509 3522 612 3564 omnes
630 3503 703 3579 iere,
722 3522 784 3563 esse
803 3502 843 3561 ed
856 3500 1020 3582 proditores
1033 3498 1166 3582 singulos
1178 3508 1276 3560 oertos

88 3600 178 3661 etism
196 3600 380 3683 eblegsndos
392 3600 513 3674 milites,
525 3600 579 3682 qui
591 3600 708 3661 vinctos
722 3599 829 3661 seourb
844 3598 876 3658 in
889 3596 1039 3659 munitum
1052 3596 1150 3677 primb
1162 3594 1273 3667 locum,

88 3706 190 3777 posteo
202 3697 244 3759 od
257 3697 410 3759 Caesmem
423 3696 619 3761 obducerent.
651 3694 813 3757 Moturunt
824 3704 925 3755 temen
933 3692 1022 3774 psulb
1033 3701 1099 3775 post
1111 3692 1145 3754 id
1156 3688 1276 3753 nonsibi
