3225 4700
499 337 523 400 Ι
531 333 905 402 TINERARIUM.
1229 323 1290 388 291

143 483 195 544 Ex
208 482 256 545 his
269 487 417 563 omnibus,
432 487 573 550 benevole
588 488 706 564 Lector,
721 489 840 550 ebuude
852 486 1010 566 liquebunt
1026 485 1096 544 vine
1113 501 1187 543 meae
1201 479 1290 542 retio-

94 599 155 640 nes
174 589 205 640 et
221 579 402 657 institutum,
417 602 605 672 pronumque
618 586 674 646 erit
685 585 757 646 hiue
767 567 906 664 judicare
921 580 1060 663 prudenti
1073 578 1180 652 cuivis,
1194 574 1291 656 qualis

91 675 210 738 fuerim
223 677 255 736 in
271 676 431 758 Hybernie
442 690 512 742 ente
526 701 615 762 quam
629 681 668 743 ad
682 680 845 742 exercitum
855 679 998 753 venirem,
1009 676 1121 756 quidve
1130 674 1244 756 egerim
1256 671 1288 732 in

92 770 167 852 ipso
179 772 313 834 exercitu
325 772 365 834 ad
378 773 443 834 hoeo
455 791 549 856 usqne
562 786 706 858 tempora.
748 775 843 836 Unde
855 773 991 854 quisquis
1002 772 1099 833 labem
1113 770 1201 832 summ
1214 787 1289 830 mene

95 867 280 950 adspergere
292 868 410 946 nititur,
424 870 468 931 nil
481 871 556 933 iacit
566 873 625 933 uisi
642 882 676 934 ut
689 893 719 934 se
734 871 982 933 calumniatorem
996 867 1155 948 pmsimum
1173 873 1291 926 suomet

94 963 268 1024 testimonio
281 966 393 1046 probet.
435 967 575 1030 Clament
588 967 751 1029 adversarii
765 967 826 1027 mei
838 975 942 1026 contre
953 983 1004 1024 me
1020 970 1167 1043 quantum
1178 959 1290 1032 volent,

92 1079 157 1142 ego
170 1061 210 1120 ad
223 1061 391 1123 testimonia
404 1083 471 1124 mea
484 1084 625 1144 provoco,
642 1073 672 1126 et
684 1064 760 1124 bene
778 1061 925 1122 sectorum
945 1057 1170 1129 conscientiam,
1184 1077 1244 1137 qua
1255 1056 1289 1117 in

92 1154 214 1217 mundo
226 1176 287 1216 uon
299 1159 445 1238 reperitur
457 1158 637 1222 luculentior
649 1159 741 1220 testis.
782 1157 894 1218 Vident
910 1135 1011 1236 qiivis
1028 1154 1078 1214 oui
1091 1153 1190 1233 potior
1206 1150 1292 1212 edhi-

94 1251 200 1312 benda
212 1252 252 1313 sit
264 1252 352 1327 fides,
362 1254 433 1326 illis,
446 1275 484 1316 uu
499 1255 564 1318 hisi
585 1256 664 1318 Sunt
674 1255 749 1316 mihi
758 1254 881 1336 quidem
892 1252 933 1313 sd
944 1271 1067 1311 manum
1077 1249 1137 1310 alia
1146 1248 1290 1309 nonnulle

93 1347 208 1428 scripte
221 1347 516 1429 praeclarissimorum
530 1358 560 1412 et
572 1353 655 1412 omni
668 1351 840 1432 exceptione
853 1349 1001 1430 majorum
1018 1347 1170 1419 virorump
1182 1343 1289 1424 quibus

94 1444 301 1506 innocentiam
314 1466 413 1506 meum
426 1446 494 1528 plus
507 1447 601 1509 nimio
617 1448 742 1530 probare
756 1467 883 1528 possem,
901 1445 954 1507 sed
967 1445 1038 1506 uolo
1050 1442 1134 1505 abuti
1146 1440 1291 1523 patientie

95 1541 222 1602 candidi
250 1541 395 1604 Lentonis.
437 1543 532 1606 Hisce
552 1544 645 1627 igitur
669 1544 829 1618 concludo,
848 1542 958 1603 iterum
977 1551 1144 1624 protestuns
1170 1558 1218 1599 me
1244 1537 1290 1598 nil

95 1637 265 1718 quidquam
282 1639 340 1700 hao
357 1659 425 1701 mee
442 1640 580 1722 apologie
593 1649 698 1702 eontra
710 1659 893 1721 quenquam
908 1656 998 1718 quam
1013 1636 1132 1698 invidos
1145 1655 1227 1697 meos
1240 1654 1289 1696 ee·

94 1734 293 1798 lumnietores
306 1735 405 1798 dicere
416 1737 589 1813 intendisse,
603 1746 634 1799 et
645 1738 670 1799 si
684 1737 759 1818 quid
772 1735 848 1796 forte
866 1732 1082 1795 vehementiori
1099 1731 1213 1793 ealumo
1221 1733 1289 1812 jus-

96 1831 271 1912 tissimeque
285 1833 360 1894 iruto
371 1833 441 1896 stilo
453 1833 609 1902 exciderit.
623 1834 771 1895 indictum
787 1832 1005 1910 inductumque
1018 1826 1106 1889 velle.
1147 1828 1289 1889 Obtestor

95 1926 188 1988 etiam
201 1928 356 1990 universos
368 1929 422 1991 hes
434 1929 583 1992 vindicius
596 1929 779 2011 inspecturos
791 1937 828 1989 nt
839 1927 866 1987 si
881 1946 943 2007 qun
957 1924 1073 2008 possint
1087 1922 1142 1984 sul
1159 1922 1288 1984 euotori·

95 2030 156 2084 tate
169 2032 200 2084 et
212 2024 339 2086 consilio
351 2024 545 2088 dehoneutur
558 2025 578 2087 i
591 2025 685 2106 ceptis
698 2024 912 2086 scommatibus
923 2041 1039 2084 memus
1051 2039 1144 2090 meos,
1155 2018 1202 2080 sin
1215 2017 1288 2078 vero
1404 2041 1418 2060 s

95 2117 154 2199 ipsi
164 2139 225 2180 nou
234 2119 445 2200 obsequentur,
455 2122 640 2185 detestentur
650 2130 681 2184 st
689 2129 866 2184 execrentur
873 2120 953 2201 ipsos
962 2139 1022 2180 non
1033 2116 1132 2177 minus
1141 2133 1176 2174 ae
1187 2113 1286 2194 ipsum

97 2213 256 2277 calumniae
269 2215 385 2278 villum.
421 2218 507 2280 Bene
521 2218 599 2295 vele,
614 2219 657 2281 mi
668 2219 780 2302 optime
795 2216 913 2292 Icelon,
927 2225 958 2277 et
970 2214 1068 2275 fruere
1079 2210 1181 2272 labore
1193 2229 1273 2270 meo.

133 2528 184 2623 ‘t'
291 2569 348 2648 ap
458 2539 592 2591 Ἡ*
666 2539 745 2648 stl5
833 2512 912 2645 ἦ
1043 2567 1100 2645 xp

194 2860 396 2941 SERIES
440 2864 829 2942 BUTLERIANAE
868 2858 1182 2938 PROSAPIAE.

467 3016 680 3104 Praeloquium
695 3016 737 3082 sd
753 3014 929 3081 Lectorem.

113 3369 180 3516 ἐξ
192 3437 224 3499 κ’,
280 3357 332 3502 εἴ
373 3415 490 3480 Jncobo
498 3411 692 3475 Butlerolw:
707 3331 1284 3490 inscrlpll,meatiqusnn013nlerisum

164 3511 211 3588 J
264 3495 278 3524 ⁴
374 3514 517 3583 Stemma,
535 3517 565 3570 et
582 3507 716 3569 Heroioe
730 3505 924 3568 Butlerorum
940 3498 1284 3564 faeuunosololibetlo

111 3613 173 3660 ³:
190 3595 245 3664 rsit
301 3608 318 3652 ἰ
372 3608 454 3671 adid
467 3614 606 3687 suscepto
618 3602 786 3685 complecti,
804 3600 831 3663 si
848 3598 965 3662 scilicet
980 3596 1172 3680 tranquillius
1188 3595 1283 3656 otium

17 3694 18 3705 ¹
95 3704 294 3768 neuoisoerer:
316 3707 398 3789 quod
416 3706 571 3785 hucusque
589 3700 715 3783 sdipisoi
729 3699 865 3761 noudum
886 3696 969 3779 potui
986 3695 1132 3758 bellorum
1149 3690 1284 3754 tumulti·

95 3802 146 3862 bus
158 3804 291 3865 noudum
307 3812 471 3883 exemptus.
513 3798 663 3871 Quoniam
678 3815 749 3858 vero
765 3794 917 3857 curiosum
938 3800 968 3854 st
984 3791 1107 3855 avidum
1127 3789 1281 3851 lectorem
