3225 4700
312 329 355 400 34
710 323 1117 395 ITINERARIUM.

313 494 359 547 tas
375 483 541 564 illaquam
555 481 785 544 Wallansteinio
803 480 915 544 fecerat
931 479 1099 542 absolutum
1116 477 1284 560 Imperium
1299 479 1382 559 qnod
1399 477 1507 560 tmpe-

314 592 395 644 rator
418 581 475 662 ipsi
499 579 707 654 commiserat;
737 578 897 640 accedebat
918 579 1000 658 quod
1021 578 1103 638 idern
1121 575 1238 657 Pyllius
1260 576 1335 638 duos
1355 577 1509 638 exereitus

315 677 441 739 Gasaris
457 677 572 739 scilicet
589 685 619 738 et
638 673 722 757 ligre
739 674 859 750 ducere,
876 683 907 735 et
924 674 1082 754 utrobique
1100 673 1267 756 providere,
1282 675 1321 735 ob
1337 673 1510 735 incidentes

312 775 345 836 in
364 774 483 857 singula
495 774 588 856 prope
601 779 751 834 momenta
764 771 954 833 difficultates
972 773 1053 852 segre
1068 780 1176 852 posset,
1191 781 1222 832 et
1238 771 1320 851 quod
1337 780 1429 851 caput
1439 779 1508 832 erat

313 872 458 947 omnium,
478 871 522 932 nil
539 870 603 952 ipse
620 868 695 951 penb
712 868 845 930 audebat
861 868 997 950 aggredi,
1012 869 1095 948 quod
1112 888 1174 930 non
1192 868 1275 948 prius
1293 869 1333 929 ad
1351 867 1506 930 Cesaram

313 979 365 1030 aut
380 969 464 1050 Ligae
478 966 694 1029 oonsoedemtos
706 964 868 1045 Principes
879 964 1012 1026 delatum
1025 973 1112 1040 esset,
1127 965 1180 1026 ubi
1193 966 1266 1026 dum
1281 965 1507 1026 consultabatur

313 1061 438 1133 diutius,
452 1062 644 1124 elabebantur
661 1059 783 1140 optime
804 1057 919 1120 hostem
940 1058 1080 1120 cedendi
1101 1061 1271 1123 occasiones
1291 1074 1451 1142 antequam
1471 1062 1507 1122 in

313 1160 439 1222 consilio
451 1161 559 1223 bellico
572 1161 738 1242 quidquam
752 1157 938 1232 definiretur,
949 1159 1122 1239 succusque
1136 1158 1174 1219 de
1188 1158 1283 1220 disin
1292 1158 1374 1219 diem
1386 1158 1509 1240 magnis

313 1259 447 1339 passibus
468 1257 677 1339 promovebat:
707 1255 783 1317 adeo
802 1275 897 1334 nsque
915 1264 949 1315 ut
967 1255 1135 1335 Imperator
1152 1255 1272 1316 infirmo
1284 1256 1390 1335 etjam
1403 1255 1510 1316 multis

313 1354 399 1417 bellis
421 1354 517 1416 fracto
532 1352 631 1434 Pyllio
651 1373 716 1412 sero
738 1352 859 1412 tandem
880 1359 1002 1413 coactus
1022 1352 1114 1414 fuerit
1126 1351 1387 1414 Wallensteiuium
1404 1352 1508 1412 denuo
1609 1404 1610 1433 ,

313 1451 344 1512 in
360 1471 455 1531 nuper
467 1458 582 1530 ereptas
595 1447 756 1530 dignitates
766 1448 887 1509 bellicas
900 1448 1087 1510 substituere.
1130 1448 1195 1509 Hic
1208 1447 1404 1509 Wallenstein
1416 1449 1509 1530 probb
1609 1440 1610 1501 Ϊ

313 1547 420 1607 videns
438 1545 584 1608 afflictum
602 1563 638 1605 ac
659 1545 752 1626 prope
774 1543 964 1625 desperatum
984 1543 1104 1626 imperii
1124 1555 1235 1607 statum
1252 1545 1336 1606 vafre
1352 1545 1509 1606 excusavit
1609 1554 1610 1599 l

313 1643 450 1704 laborum
477 1642 739 1722 molestiarumque
766 1643 885 1723 pondus
911 1643 1065 1714 dictitans,
1090 1642 1130 1704 ad
1155 1642 1288 1722 quietem
1314 1663 1346 1704 se
1368 1642 1507 1704 animum
1609 1672 1610 1709 i

313 1739 473 1820 appulisse,
494 1739 584 1800 malle
600 1738 860 1822 sedomiintogl
874 1759 965 1820 qnam
981 1739 1052 1800 belli
1066 1739 1098 1800 in
1112 1759 1184 1821 sago
1198 1739 1377 1820 Imperatori
1390 1739 1509 1800 subser-
1609 1754 1610 1801 t

312 1931 466 2013 potestatis
478 1931 695 2013 ingnominiam
709 1931 775 1992 alto'
785 1932 937 1993 conditam
950 1941 1078 2013 pectore,
1089 1931 1139 1992 val
1152 1930 1209 1993 hta
1222 1932 1337 1993 ratione
1350 1933 1508 1995 vindicare
1609 1954 1610 1957 ’

313 2024 425 2107 posset)
452 2025 540 2087 facile
564 2036 627 2087 erat
647 2028 789 2108 augurari
813 2026 938 2103 Gmsari,
961 2029 1034 2108 qaid
1058 2028 1321 2090 Wallansteinium
1341 2038 1506 2108 torqueret,
1609 2092 1610 2111 ἶ

313 2123 414 2202 itaque
431 2130 465 2183 ut
488 2121 641 2183 hominem
661 2126 815 2184 morosum'
831 2136 962 2205 pacaret,
984 2124 1170 2186 Fridlandioe
1193 2125 1347 2186 Ducatum
1368 2125 1507 2201 donarit,
1609 2116 1610 2183 i

313 2226 379 2279 tum
392 2218 500 2278 iterum
518 2219 653 2294 tentavit,
669 2219 693 2280 si
709 2219 857 2281 blandiori
875 2220 1008 2301 alloquio
1024 2221 1074 2282 vel
1091 2230 1165 2283 tuno
1181 2222 1325 2302 temporis
1338 2225 1507 2306 expugnari

176 2398 179 2403 1
313 2323 412 2395 posset
427 2313 486 2376 viri
503 2315 535 2376 in
549 2315 636 2376 rebus
654 2314 769 2377 bellicis
786 2315 902 2377 dexteri
918 2318 1049 2379 animus.
1089 2318 1211 2381 Annuit
1225 2328 1299 2381 tunc
1315 2319 1508 2399 quidemsed
1609 2314 1610 2317 '

315 2412 395 2491 agre
409 2410 457 2493 (ut
470 2411 585 2473 Caesari
606 2412 733 2492 gratiam
747 2413 901 2489 obtulisse,
915 2434 977 2475 uon
995 2414 1149 2477 tuasne
1160 2416 1309 2497 accepisse
1320 2416 1508 2499 censeretur)

315 2506 501 2569 Fridlandiae
521 2509 606 2581 Dux,
629 2508 684 2569 sub
705 2508 741 2570 eb
762 2510 986 2586 conditionasi
1008 2512 1259 2574 Generalissimns
1282 2534 1352 2575 cum
1371 2514 1509 2577 absoluat

313 2614 467 2684 potestate,
490 2604 554 2665 sine
572 2604 773 2685 dependentia
791 2607 829 2667 ab
845 2606 909 2668 ullo
927 2609 1149 2671 Germanorum
1170 2610 1361 2691 Principum,
1378 2632 1506 2692 praese

308 2700 476 2779 juberetur,
493 2701 536 2762 ita
548 2712 582 2763 ut
600 2720 690 2782 penes
703 2722 735 2763 se
752 2713 829 2764 esset
839 2704 892 2785 jus
908 2704 980 2767 belli
997 2706 1138 2787 pacique
1156 2707 1333 2783 condenda,
1346 2709 1430 2788 quod
1448 2728 1507 2771 noc

314 2796 377 2876 ipse
395 2797 510 2872 Caesar,
530 2799 722 2879 quantumvis
734 2798 836 2873 vellet,
857 2800 1043 2883 infringeret.
1084 2802 1170 2875 Quid
1187 2803 1237 2864 blo
1251 2802 1362 2866 faceret
1374 2804 1507 2885 optimus

314 2890 482 2973 Imperator
495 2892 578 2955 hoste
591 2895 726 2974 undique
738 2896 914 2976 premente?
932 2906 967 2957 ut
977 2897 1128 2959 hominem
1140 2898 1336 2961 sufficientem
1347 2900 1506 2963 hostilibus
1607 2917 1611 2943 ¹

313 2988 496 3048 successibus
514 3000 687 3070 opponeret,
708 2990 848 3053 omnibus
868 2993 1091 3055 conditionibus
1109 2996 1294 3077 subscripsit,
1315 3016 1444 3076 eumque
1464 2999 1506 3059 ad

315 3081 447 3143 Comitia
469 3084 532 3145 uni
544 3105 614 3146 cnm
634 3086 701 3148 aliis
716 3087 844 3169 Imperii
864 3089 1059 3171 Principibus
1074 3092 1219 3166 evocarit,
1233 3102 1267 3153 ut
1287 3093 1350 3154 illic
1367 3094 1505 3155 omnium

315 3178 495 3258 Principum
518 3182 731 3264 suffragatione
755 3192 930 3265 potestatem
953 3187 1109 3268 acciperet,
1133 3187 1377 3251 Wallensteinius
1402 3200 1505 3252 autem

314 3292 441 3335 renuens
454 3276 606 3337 decretum
617 3279 791 3341 auctoritate
811 3281 991 3364 Principum
1006 3284 1201 3345 annuentium
1219 3285 1343 3347 calculis
1358 3287 1503 3363 obtinere,

313 3368 397 3430 haud
417 3373 594 3452 comparuit,
612 3376 665 3436 sed
691 3376 731 3437 ad
758 3376 902 3438 Carolina
929 3377 1047 3441 Balnea
1066 3381 1233 3444 valetudini
1254 3384 1398 3445 curandae
1416 3384 1503 3458 abiit,

314 3465 366 3525 nbi
390 3486 523 3528 mensem
550 3469 699 3552 integrum
720 3472 831 3555 exegit.
888 3473 983 3535 Dicta
1009 3475 1126 3538 Balnea
1152 3477 1171 3538 d
1197 3478 1307 3541 Oarolo
1332 3479 1372 3541 V.
1398 3500 1505 3541 corum

314 3560 471 3623 inventore
484 3584 593 3626 nomen
611 3566 731 3644 babent,
746 3569 881 3651 quinque
898 3571 1040 3633 milliaria
1057 3572 1142 3655 Egra
1154 3576 1301 3639 dissident
1314 3577 1347 3637 in
1364 3576 1505 3638 confiniis

316 3657 479 3722 Saxonum.
522 3660 644 3743 Duplex
673 3664 736 3727 illic
762 3675 914 3746 spectatur
939 3688 1019 3731 vena
1039 3670 1126 3751 aquis
1149 3672 1273 3735 omnino
1299 3674 1506 3756 pugnantibus
