3225 4700
540 837 732 915 CAPUT
770 836 924 914 LXIX.

304 1013 358 1081 De
371 1017 469 1082 variis
483 1018 729 1104 expeditionibus
738 1041 798 1106 per
812 1019 987 1124 Imperium
1000 1020 1157 1103 susceptis.

398 1224 653 1288 UGNABANT
664 1227 833 1309 conjunctis
846 1226 938 1288 armis
952 1224 1046 1300 Galli,
1062 1223 1285 1293 Wimarieuses,
1298 1235 1329 1284 et

178 1411 183 1422 ,
362 1352 365 1355 ·
417 1320 529 1382 Hassi:
550 1324 603 1403 qai
617 1333 774 1405 postquam
787 1324 905 1387 diutule
916 1324 1025 1407 partim
1036 1322 1067 1385 in
1080 1320 1249 1395 Bethania,
1262 1340 1328 1402 par·

171 1425 198 1446 ‘⁷
246 1492 249 1508 ἓ
282 1426 341 1500 ,κζ
359 1431 366 1435 “
414 1418 469 1479 tim
482 1419 515 1479 iu
534 1420 768 1483 Monasteriensi
786 1421 973 1503 Episcopatu
990 1419 1156 1493 haesissent,
1169 1417 1328 1479 deficiente

371 1612 373 1616 ’
412 1612 568 1674 traducere
588 1615 690 1696 copies
709 1624 886 1676 statuerunt.
930 1612 1035 1692 anue
1055 1620 1176 1693 propter
1193 1613 1271 1674 saeta
1290 1614 1328 1674 ab

32 1765 38 1774 ,
138 1703 303 1768 Hollaudis
314 1708 529 1771 Wesalieusem
544 1710 674 1773 Pontem
686 1710 862 1772 transeundi
872 1710 968 1791 copia,
979 1708 1087 1770 Rheno
1097 1706 1170 1770 facti
1182 1720 1252 1771 suut
1261 1729 1329 1790 pro·

28 1834 32 1868 ;
137 1800 246 1881 piores.
288 1803 358 1876 Quo
376 1806 451 1867 dum
469 1807 701 1889 progrediuntur
720 1806 864 1870 Generali
883 1804 1041 1867 Gallorum
1057 1803 1171 1866 Comiti
1188 1806 1226 1867 de
1247 1805 1329 1867 Gue-

28 1933 40 1970 s
138 1898 234 1974 brian,
253 1911 284 1964 et
304 1898 472 1963 Hassorum
493 1903 607 1965 Comiti
626 1903 665 1964 de
689 1903 845 1964 Ebersteiu
866 1902 1043 1963 nunciatum
1063 1909 1118 1975 est,
1141 1900 1328 1982 Lamboyum

34 2055 37 2062 Α
139 2016 209 2055 cum
219 2017 272 2058 sao
281 1998 376 2059 milite
388 1999 421 2059 in
430 1999 641 2063 coloniensem
648 2000 819 2063 districtum
833 1998 933 2060 moliri
941 1998 1110 2073 transitum,
1121 2010 1210 2078 atqua
1220 1996 1328 2079 hyber-

139 2110 209 2152 nam
222 2092 291 2155 istic
305 2115 440 2175 quaerere
451 2098 617 2159 stationem.
658 2097 833 2159 convocato
852 2096 946 2179 igitur
961 2094 1086 2156 consilio
1104 2093 1210 2155 bellico
1224 2094 1329 2174 praeci·

28 2223 31 2257 1
138 2210 267 2269 puornm
280 2190 416 2267 Ducum,
425 2194 646 2270 concluserunt,
654 2204 759 2255 contra
769 2194 956 2273 Iamboyum
968 2191 1101 2253 eundum
1112 2210 1185 2264 esse,
1196 2189 1260 2251 etsi
1271 2209 1331 2269 qua

28 2334 33 2354 ›.
137 2287 261 2347 daretur
283 2291 400 2352 occasio
426 2291 668 2374 opprimendum,
687 2302 847 2373 autequam
877 2286 1075 2350 Hatzfeldicae
1102 2287 1197 2369 copiae
1223 2288 1329 2349 eodem

29 2419 32 2421 Δ
139 2386 297 2448 tendentes
317 2388 528 2470 jungerentur.
570 2394 620 2450 Ac
647 2409 717 2449 mox
740 2388 925 2470 Campenam
950 2407 1053 2448 versus
1077 2386 1224 2468 progressi
1248 2396 1328 2462 suut,

28 2515 34 2549 r
138 2481 313 2564 hostemque
336 2485 448 2547 ibidem
470 2486 578 2558 adorti,
603 2486 656 2547 sed
675 2486 774 2566 primo
793 2485 907 2565 impetu
930 2481 1040 2564 repulsi
1062 2503 1120 2543 uon
1145 2482 1209 2544 sine
1230 2482 1331 2562 aliquo

28 2611 35 2627 κ’
139 2580 263 2656 damno,
288 2602 348 2662 quo
368 2581 435 2644 loeo
459 2581 630 2663 Lamboyus
652 2583 684 2643 in
704 2582 803 2662 cupite
823 2599 960 2663 pugnans
980 2579 1139 2641 fortissime
1162 2578 1329 2640 dimicarit.

27 2709 33 2719 ι
140 2673 281 2735 Sedcum
293 2675 383 2756 paulb
394 2684 460 2758 post
468 2676 663 2738 confoederati
672 2676 821 2738 exercitus
832 2677 939 2759 majori
950 2676 1125 2738 fortitudine
1138 2685 1331 2738 renovassent

28 2835 29 2838 ,
140 2771 298 2852 impetum,
318 2771 456 2833 hostilem
477 2773 643 2834 exercitum
663 2772 783 2854 penitus
802 2772 1003 2847 extinxerant,
1025 2771 1127 2833 multis
1147 2773 1243 2846 caesis,
1262 2773 1330 2834 aliis

28 2929 29 2932 ,
140 2868 247 2948 captis.
290 2867 468 2930 Occisorum
489 2889 630 2931 numerus
650 2870 689 2931 ad
710 2878 756 2930 ter
775 2868 869 2942 mille,
890 2879 1043 2951 captorum
1064 2869 1104 2930 ad
1123 2877 1227 2949 quater
1247 2869 1330 2930 mille

28 3024 29 3031 ,
138 2964 230 3026 inisse
244 2966 423 3047 perhibetur.
466 2966 642 3028 Obteutaeo
656 2964 759 3048 praelio
771 2964 858 3048 signa
869 2965 1009 3028 militaria
1018 2975 1077 3027 tam
1089 2967 1223 3046 equitum
1237 2966 1329 3045 quam

139 3062 276 3143 peditum
290 3071 411 3124 centum
424 3062 626 3146 quadraginta
637 3083 700 3134 sex,
710 3071 859 3124 tormenta
872 3063 985 3144 majora
995 3082 1057 3132 sex,
1068 3073 1158 3142 atque
1168 3063 1230 3144 ipse
1242 3063 1330 3124 Lam·

140 3161 235 3240 hoyus
248 3180 318 3220 cum
332 3159 492 3241 precipuis
505 3161 632 3222 ducibus
644 3159 698 3240 qui
712 3169 838 3220 mortem
851 3169 1017 3233 evaserant,
1031 3169 1145 3240 captas.

180 3257 253 3317 Tam
269 3257 382 3338 insigni
395 3268 481 3338 parta
493 3258 630 3329 viatoria,
644 3255 747 3318 multae
760 3256 874 3317 circum
888 3255 1024 3317 civitates
1036 3267 1067 3318 et
1080 3275 1164 3317 arces
1180 3276 1211 3317 se
1225 3255 1330 3318 Gallo-

28 3332 38 3427 ,’
140 3354 391 3416 Wimarieusibus
403 3354 594 3416 dediderunt
636 3352 801 3416 Novesium
816 3361 973 3435 postquam
990 3353 1172 3433 postulatum
1188 3365 1265 3415 esset
1277 3374 1331 3434 per

139 3451 318 3523 tubiciuem,
329 3461 473 3513 statuerat
486 3451 608 3531 quidem
622 3470 653 3511 se
668 3451 890 3531 quoquomodo
903 3449 980 3510 tueri
990 3459 1020 3511 et
1034 3451 1189 3531 impetum,
1200 3449 1329 3531 bellique

139 3549 236 3611 aleam
254 3549 394 3632 experiri,
415 3550 468 3611 sed
486 3558 521 3611 ut
538 3547 641 3630 ignitis
658 3546 756 3630 globis
773 3556 803 3608 et
825 3545 987 3627 majoribus
1005 3545 1152 3608 machinis
1169 3546 1241 3607 urbs
1261 3565 1328 3629 gra·

139 3646 260 3709 vissime
274 3656 387 3709 tenuta
398 3657 453 3720 est,
467 3644 659 3726 sequentibus
672 3643 895 3705 conditionibus
908 3643 1093 3704 deditionem
1109 3642 1232 3725 pepigit.
