3225 4700
475 328 882 398 ITINERARIUM.
1217 336 1280 400 ³09

91 476 304 558 conflagrasse,
325 486 356 540 et
375 479 561 543 munimenta
580 482 679 545 diruta
699 504 771 555 esse,
792 504 893 545 coram
913 484 1106 565 inspexisset3
1136 485 1217 546 unde
1238 506 1282 547 se·

92 582 238 651 quantem
250 583 345 635 totum
365 575 445 636 diem
463 576 570 638 festum
591 598 653 639 esse
668 580 769 659 jussit,
787 600 823 640 ac
839 582 984 662 majorum
999 590 1211 643 tormentorum
1224 582 1283 643 dis·

92 666 229 747 plosione
243 668 378 730 laetitiam
391 690 475 732 snam
489 673 521 737 in
535 673 625 755 longe
639 675 757 737 dissitas
766 684 858 736 terras
868 675 1046 758 divulgarit.
1082 677 1155 743 Dux
1164 676 1282 738 interim

94 763 326 846 Luneburgicus
341 786 411 827 cum
425 766 544 829 Caesare
563 769 594 829 in
613 772 741 853 gratiam
760 772 860 843 rediit,
879 792 915 832 ac
930 772 1076 833 uniuersa
1095 774 1159 854 ejus
1180 774 1282 834 domui

93 858 247 939 quidquid
260 858 332 921 illuc
344 881 438 941 usque
447 864 610 926 admissum
619 865 717 927 suerat
726 867 832 948 culpae,
844 867 1071 929 clementissime
1082 868 1282 931 condonatum

520 1556 710 1632 CAPUT
746 1558 854 1634 LXI.

154 1718 208 1786 De
223 1716 401 1789 Rebellione
416 1740 524 1793 contro
538 1730 655 1817 Repcm
668 1732 837 1820 Hispania
850 1734 884 1798 in
901 1730 1095 1799 Catoluuniae
1110 1732 1227 1823 Repno.

107 1901 136 1981 f?
152 1894 161 1966 ἶ
171 1895 172 1902 ¹
225 1906 262 1978 ’ζ’
290 1897 329 1966 ”,·,
350 1906 437 1989 ΠΜ
457 1916 520 1969 totu
539 1927 630 1990 prope
650 1908 813 1971 Germania
829 1910 908 1973 bello
927 1910 1076 1993 flagraret,
1097 1912 1283 1987 audiendis,

196 2039 199 2048 ι
236 2039 270 2062 ’,ι
337 2031 346 2042 2
385 2004 530 2083 ejusmodi
544 2024 648 2087 regum
662 2015 692 2066 et
704 2006 873 2086 principum
886 2016 1073 2067 externorum
1088 2006 1282 2069 internorum·

127 2117 141 2152 a
179 2102 222 2180 ,“
250 2073 348 2203 'si-0)
384 2120 442 2180 que
455 2100 557 2181 aperti
569 2100 754 2181 occultoque,
767 2102 978 2164 fomentatione
991 2122 1050 2163 non
1065 2104 1283 2164 tantumnutri·

187 2204 190 2209 ’
219 2183 354 2274 ,⁶23ssss
384 2206 496 2271 rentur,
519 2197 682 2257 sedetiam
704 2198 874 2260 sanissimis
898 2198 988 2259 annis
1010 2197 1042 2258 in
1063 2196 1282 2261 Germanorum

130 2288 155 2339 ι’
187 2295 198 2334 '⁴
223 2309 228 2342 ῑ
294 2295 313 2346 ι’
324 2304 337 2357 ’κ
384 2292 546 2376 pernicicm
565 2302 819 2374 promoverentur,
840 2304 871 2356 et
887 2293 987 2372 indies
1005 2292 1094 2356 lau'us
1112 2304 1281 2376 serperent3

102 2391 134 2450 in
153 2391 331 2471 Hispaniam
348 2409 466 2471 quoque
482 2408 563 2450 sava
578 2397 737 2469 tempestae
756 2390 902 2464 incubuit,
923 2411 990 2471 quas
1010 2392 1131 2453 tandem
1149 2393 1180 2452 in
1195 2390 1283 2454 Cata·

101 2486 203 2547 launii
217 2497 418 2570 praegnantem
433 2484 519 2546 malis
531 2485 640 2546 nubem
654 2503 715 2544 non
728 2485 792 2546 siue
805 2485 982 2566 gravissimo
992 2487 1083 2548 totius
1097 2488 1182 2570 regni
1195 2509 1283 2550 sensu

103 2601 263 2643 exonerare
280 2581 369 2662 oepit.
411 2579 610 2659 Posteaquam
630 2579 710 2640 enim
722 2579 787 2658 ejus
806 2579 892 2661 regni
905 2580 1011 2643 incola
1030 2581 1123 2664 Regis
1137 2582 1285 2646 Catholici

104 2677 259 2738 Vicariurn
279 2677 372 2737 Anno
391 2674 561 2737 Christiano
580 2672 737 2733 millesimo
757 2674 969 2736 sexcentesimo
987 2677 1213 2758 quadragesimo
1232 2699 1284 2760 per

103 2790 254 2834 summum
266 2772 362 2833 seclus
373 2770 437 2832 virt
449 2768 632 2849 fortunisque
645 2768 804 2849 spoliatum
823 2769 855 2829 in
873 2771 1008 2832 ordinem
1025 2773 1217 2854 redegissent,
1231 2776 1284 2836 ad·

104 2869 175 2931 duci
188 2867 248 2929 huc
261 2887 354 2948 usque
368 2885 515 2946 nusquam
530 2873 700 2946 potueruut,
720 2873 756 2926 nt
772 2884 854 2925 arma
874 2865 1066 2945 deponerent,
1085 2868 1206 2949 regique
1219 2889 1283 2945 suo,

103 2985 157 3026 seu
169 2965 310 3027 damnato
322 2983 375 3024 scu
386 2971 526 3023 excusato
538 2960 647 3036 furore,
662 2961 878 3036 subderentur;
899 2971 929 3023 et
941 2961 1011 3024 licet
1027 2983 1080 3024 rex
1097 2963 1284 3040 adlaborarit,

103 3071 139 3122 ut
151 3059 341 3122 rebellionem
354 3057 466 3139 quanti
477 3066 574 3138 posset
587 3056 731 3118 modestia
743 3056 864 3136 sopiret,
876 3077 1030 3138 nunquam
1048 3069 1146 3120 tamen
1163 3061 1203 3120 ad
1217 3080 1286 3121 con·

104 3157 240 3219 siliorurn
252 3175 374 3218 suorum
385 3163 494 3215 metam
508 3152 605 3233 potuit
618 3152 802 3235 pertingere3
824 3153 903 3213 unde
917 3151 949 3212 in
962 3153 1142 3233 justissimas
1159 3155 1218 3217 iras
1234 3176 1286 3218 ex-

105 3253 188 3326 arsit,
200 3250 383 3332 collectoque
396 3249 490 3310 milite
503 3249 534 3309 in
548 3247 654 3329 Regia
667 3246 834 3329 Majestatis
846 3267 911 3310 reos
924 3249 1025 3310 valido
1035 3251 1166 3313 exercitu
1183 3255 1286 3330 morit,

105 3367 167 3408 non
180 3355 279 3407 tamen
291 3347 362 3407 saus
370 3344 499 3427 propitio
509 3342 628 3404 Marte:
649 3343 743 3424 copiae
752 3361 880 3423 namque
890 3341 949 3404 illas
959 3343 1141 3408 trebellibus
1150 3348 1285 3425 subditis,

9 3510 12 3517 ⁴
106 3441 208 3502 omnia
219 3441 327 3502 itinera
339 3448 369 3501 et
380 3441 480 3501 aditus
490 3435 606 3500 summi
619 3437 692 3498 curt
706 3448 736 3499 et
754 3437 954 3500 sollicitudine
971 3439 1193 3504 observantibus
1208 3463 1287 3506 novo

106 3537 224 3619 flagitio
246 3556 324 3598 coesa
344 3546 423 3598 sunt.
465 3535 507 3595 Et
525 3533 596 3615 quia
614 3532 756 3594 ridebant
778 3533 925 3614 ejusmodi
943 3554 1033 3596 ausus
1051 3556 1111 3597 non
1130 3557 1284 3619 passurum

108 3634 225 3717 Regem
244 3632 443 3708 catholicum,
462 3648 622 3714 pennasque
639 3629 860 3710 deposcitumm
878 3629 963 3694 novis
980 3630 1133 3695 submissis
1150 3633 1286 3710 ducibus,
