3225 4700
484 340 882 411 rrrnneaerorr.
1160 319 1163 323 ’
1233 350 1275 416 95

61 490 168 555 duxit
189 512 260 555 cum
279 492 405 575 imperio
422 491 595 559 Colonellus
618 497 790 570 Deveroux‚
812 496 865 577 qui
879 494 1036 577 'l'ripseum
1053 516 1155 558 versus
1173 496 1275 559 direx·

60 600 166 651 erunt
176 589 248 665 iter,
258 598 348 671 atque
358 610 427 651 cum
438 593 627 655 commodum
638 594 792 655 ductorem
800 592 881 654 nacti
890 601 988 653 esseut
993 592 1093 657 virum
1102 591 1275 668 militarem,

60 685 194 765 quique
207 686 281 748 olim
294 688 349 749 aab
363 686 460 749 Sueco
473 687 622 769 stipendia
635 698 795 765 meruerat,
809 689 863 751 sed
876 689 915 749 ob
930 688 1071 769 injuriam
1084 688 1141 749 sibi
1156 689 1226 751 istic
1238 690 1275 751 il·

62 780 181 856 latam,
197 781 370 843 missionem
383 782 552 845 obtinuerat
563 792 653 865 atque
667 785 707 846 ad
720 783 872 847 Caesarem
886 784 1054 859 transierat,
1067 784 1132 865 ejus
1148 784 1277 847 consilio

65 876 227 957 Scaphae,
241 897 368 959 quarum
381 878 493 939 auxilio
505 878 632 941 militem
645 900 700 961 per
710 880 824 942 flumen
837 880 1019 961 trajicerent,
1032 880 1169 942 curribus
1180 880 1276 943 laten·

65 982 118 1033 ter
133 973 322 1055 imposuere,
334 976 509 1055 concitoque
523 995 611 1037 cursu
623 974 807 1057 Tripsesiam
822 976 1008 1050 festinarunt,
1022 975 1112 1057 aquo
1127 996 1198 1038 cum
1213 997 1275 1039 non

64 1068 131 1129 uisi
151 1068 289 1132 dimidie
304 1070 439 1131 abuerit
452 1069 562 1145 leuel,
576 1071 782 1153 promiserunt
795 1072 939 1133 Iberuum
947 1070 1112 1154 Anglicaui
1123 1072 1276 1137 idiomatis

67 1184 223 1247 gnarum,
233 1166 287 1245 qni
300 1166 456 1228 nunciaret
466 1166 630 1250 legionem
642 1186 733 1229 uuam
746 1168 947 1250 suppetiatum
956 1167 1153 1248 Tripesianis
1161 1169 1276 1245 venire,

65 1261 233 1340 aperirent
254 1261 345 1323 modo
369 1272 468 1342 portes
490 1272 520 1325 et
542 1263 652 1325 amicos
672 1263 913 1326 intromitterent.
961 1262 1022 1325 His
1042 1263 1086 1325 ita
1106 1264 1276 1325 constitutis

67 1375 141 1435 pars
162 1356 349 1439 Dragonom
366 1359 525 1420 comitatur
541 1359 697 1421 ductorem
716 1359 870 1429 lbernnm,
884 1377 952 1440 pars
969 1358 1062 1420 altera
1078 1358 1201 1420 interim
1219 1379 1274 1441 par

67 1451 191 1527 flumen
206 1452 336 1529 ducitur,
348 1462 437 1533 atque
449 1454 522 1515 dum
534 1454 585 1516 isti
597 1456 637 1517 ad
650 1464 766 1537 portam
779 1453 1027 1517 Commendantis
1039 1474 1076 1515 ex
1089 1455 1162 1516 urbe
1175 1456 1275 1537 operi-

69 1557 168 1609 untur
182 1568 370 1631 responsum,
380 1549 412 1610 hi
428 1560 586 1631 utrumque
604 1548 861 1633 propugnaculum
870 1559 1028 1632 occupant,
1038 1550 1177 1612 omuibus
1190 1552 1223 1613 in
1237 1552 1276 1615 iis

69 1641 216 1705 hostibus
228 1645 376 1717 maeatis,
390 1645 481 1726 idque
496 1647 551 1709 sub
564 1647 660 1709 noctis
675 1645 895 1721 duodecimam,
909 1645 959 1705 die
971 1645 1079 1725 quinto
1092 1646 1276 1711 Novembris

72 1739 173 1801 Auno
189 1740 504 1805 M.Dc.xxxvn.
518 1742 670 1824 occupatis
685 1741 766 1803 hisce
781 1740 1014 1822 propugnaculis
1028 1740 1118 1803 facile
1131 1742 1191 1804 fuit
1204 1744 1275 1804 reli-

69 1854 150 1915 quos
165 1837 202 1897 iu
215 1837 398 1899 deditionem
411 1858 534 1921 eogere:
556 1838 680 1901 accensi
692 1837 771 1898 enim
785 1835 1275 1909 faoeudoonvenemtuttsociis

73 1932 217 2013 conspici
229 1942 337 2014 posset,
351 1934 384 1995 in
396 1934 541 1997 auxilium
555 1934 628 1995 alios
640 1932 835 2008 adrocdruut,
849 1951 886 1993 ac
898 1950 970 1993 mox
985 1930 1100 1991 duabus
1112 1939 1182 2011 post
1192 1930 1274 1993 horis

73 2036 168 2106 pacta
188 2028 269 2089 iuter
289 2030 451 2093 Dereronx
467 2038 498 2092 et
514 2029 716 2111 Tripsesiauos
735 2027 886 2103 conclusa,
902 2036 938 2089 nt
954 2034 1085 2107 quatuor
1101 2024 1274 2108 Anglorurn

76 2134 190 2187 turma
204 2144 276 2187 eum
289 2135 419 2207 quatuor
431 2126 587 2188 tormentis
602 2124 728 2197 bellicis,
741 2124 939 2204 omnibusque
955 2122 1178 2204 impedimentis
1189 2142 1275 2205 egre·

75 2220 236 2295 derantur,
248 2240 286 2283 ac
298 2221 331 2282 iu
345 2229 409 2285 tuta
419 2222 486 2283 loca
498 2222 727 2298 deducerentur,
738 2222 822 2302 quod
834 2230 866 2283 et
877 2220 1000 2281 factum.
1043 2216 1105 2279 Hic
1117 2238 1190 2280 cunr
1203 2239 1275 2302 cog·

78 2316 212 2378 novisset
223 2316 381 2380 Generalis
391 2317 521 2380 Bredarr
530 2318 569 2380 de
580 2317 739 2400 Urangelii
748 2316 843 2380 milite
850 2336 904 2398 per
914 2334 1004 2398 pagos
1013 2314 1168 2396 dissipato,
1178 2314 1275 2380 multd

76 2433 147 2476 curu
163 2413 383 2477 acceleratione
398 2414 431 2476 in
444 2435 496 2476 eos
507 2414 551 2476 ire
564 2414 689 2496 paravit,
702 2435 772 2476 cum
786 2433 859 2477 vero
866 2414 932 2494 jam
947 2412 1020 2494 ipsis
1032 2412 1071 2473 de
1085 2411 1275 2492 Tripsesiand

79 2509 238 2572 deditione
250 2509 435 2587 innotuisset,
444 2510 506 2572 suis
515 2510 630 2572 viribus
639 2510 682 2570 ita
693 2509 802 2590 sparsis
812 2507 904 2570 diffisi
915 2516 996 2582 sunt,
1007 2516 1096 2588 atque
1105 2506 1139 2568 iu
1148 2507 1274 2568 immani

78 2605 207 2687 planitie
223 2626 255 2668 ae
268 2608 505 2689 conjunxerunt:
534 2607 599 2668 Hie
615 2625 666 2668 eos
683 2604 879 2667 nihilomiuus
896 2602 1067 2665 Caesareaui
1085 2601 1275 2676 adoriuntur,

79 2701 290 2782 proliumque,
301 2723 363 2764 non
373 2702 538 2764 minoribus
549 2701 679 2766 hostium
691 2701 809 2775 animis,
820 2699 1030 2762 committunt:
1050 2697 1193 2779 quoniam
1204 2697 1276 2759 vero

79 2796 253 2860 conmuni
266 2799 499 2879 pertinacissime
509 2809 615 2862 contra
625 2799 739 2860 hostem
751 2797 879 2870 stabant,
891 2815 949 2858 nac
961 2795 1069 2877 pedem
1080 2795 1161 2857 retro
1174 2813 1276 2856 more·

80 2905 157 2970 rent,
172 2893 215 2955 ad
232 2913 336 2956 eorum
353 2905 452 2976 partes
468 2895 596 2957 victoria
612 2893 789 2968 inclinavit3
814 2892 848 2954 in
866 2889 920 2953 ina
940 2890 1029 2973 plane
1046 2889 1276 2972 sanguinolentd

81 2993 187 3077 pugna
207 2992 319 3074 primes
339 2991 409 3054 tulit
427 2989 584 3052 Generalis
605 2989 745 3066 Bredarr,
767 2989 821 3070 qui
843 2987 960 3071 primm
978 2987 1012 3048 in
1033 2984 1098 3048 acie
1118 2985 1275 3048 decertans

82 3089 194 3152 educto
212 3088 325 3173 gladio,
345 3086 461 3148 hostem
480 3085 582 3148 enesim
599 3086 735 3169 punctim
754 3086 863 3148 seriens
879 3083 1004 3146 multmn
1021 3081 1119 3142 edidit
1131 3090 1273 3163 stragem,

82 3201 206 3244 suorum
215 3181 287 3244 rard
300 3180 414 3242 animos
426 3177 535 3240 miram
548 3188 692 3258 quantum
704 3177 809 3240 erexit.
850 3176 1018 3239 cumeani
1031 3175 1141 3238 vexilla
1152 3176 1276 3240 omniuo

84 3277 200 3354 decern,
215 3275 374 3357 exquibus
386 3273 536 3355 equestria
550 3293 668 3349 uorem,
681 3274 719 3336 ab
732 3273 817 3336 hoste
832 3272 1007 3349 retulerunt,
1020 3271 1158 3354 horisque
1173 3292 1275 3353 pome-

84 3376 208 3440 ridianis
220 3373 356 3457 ejusdem
368 3372 429 3434 diei
440 3372 481 3434 ad
495 3369 585 3433 Kilso
597 3371 654 3454 ipsi
667 3390 729 3433 suoe
741 3369 875 3432 victoria
886 3368 991 3430 nuncii
1003 3368 1192 3452 appulerunt,
1204 3389 1276 3452 cap-

86 3471 162 3534 tivos
189 3489 308 3552 quoquc
335 3469 524 3531 adduxerunt
546 3467 623 3530 Vice
646 3465 847 3539 Colonellum,
867 3463 980 3546 vigiliie
1003 3464 1179 3546 praetectum
1205 3485 1276 3526 cum

87 3567 187 3632 multis
199 3565 266 3628 aliis
281 3565 430 3638 Duorlrus,
444 3562 599 3626 Oaesorum
612 3582 753 3626 numerus
766 3560 837 3623 iniri
849 3579 910 3622 non
923 3559 1030 3641 potuit.
1070 3561 1194 3644 Reliqui
1206 3560 1275 3622 hos·

88 3663 160 3728 tium
173 3661 394 3727 Stralsundiam
407 3659 510 3744 fugam
522 3659 705 3723 direxerunt.
