3225 4700
476 310 898 382 ITINERARIUM.
1216 314 1280 381 303

88 462 224 545 captivos
241 464 430 540 reducerent,
450 466 523 529 ulios
545 467 625 529 ferro
644 466 860 529 exenimerent.
891 466 971 529 ·Hls
990 468 1172 531 necceseibus
1191 468 1281 549 pnulb

88 561 281 623 animosiores
294 562 409 638 militis,
424 563 480 625 risi
495 572 565 625 sunt
573 564 614 625 ed
624 564 738 644 majore
747 562 915 639 educendi,
937 584 1030 645 enque
1039 575 1159 646 propter
1166 566 1282 646 placuit

89 654 244 718 Bennerio
257 657 452 718 Betisbonem
465 658 554 740 pleno
566 659 723 730 exercitui,
736 658 846 734 nescio,
861 679 900 721 eu
914 660 1085 722 tentendem
1099 662 1226 736 eminus,
1243 683 1281 723 en

87 752 281 835 spectandum
294 754 415 836 propius
428 755 578 817 exhibere.
609 755 757 828 Quemvis
765 755 853 817 multi
863 776 924 817 non
935 756 1138 837 improbeliter
1147 759 1281 834 eredunt,

88 847 248 910 eonsilium
260 865 296 910 ec
309 849 497 931 potissimum
510 860 667 931 spectesse,
681 858 716 912 ut
728 851 778 912 vel
790 851 905 913 Cereri
918 852 985 913 istie
1005 852 1142 932 presenti
1160 854 1282 915 insultu·

88 952 146 1020 ret,
174 946 225 1007 vel
248 946 398 1028 principes
411 947 652 1029 principiumque
673 946 825 1029 delegetos
848 948 881 1008 in
904 967 1062 1009 commune
1082 950 1282 1011 consultantes

87 1041 256 1121 dissiparet.
279 1042 392 1104 Utrum
405 1043 544 1117 voluerit,
558 1062 667 1123 euoeps
679 1052 733 1118 est,
748 1043 884 1105 neutrius
897 1044 978 1105 certe
991 1042 1131 1104 effectum
1142 1045 1280 1107 obtinuit.

89 1138 174 1199 Nem
187 1137 291 1200 Oresur
308 1160 370 1199 non
388 1140 509 1200 umbras
525 1147 680 1215 metuere3
703 1158 759 1199 nec
777 1138 926 1201 ludicrum
943 1139 1171 1201 ostentationem
1186 1143 1282 1223 suspi-

86 1252 166 1308 cere,
180 1231 234 1294 sed
247 1234 368 1296 aciebus
381 1235 514 1311 viromm
526 1234 649 1296 fortium
661 1254 693 1296 se
706 1235 837 1316 objicere
850 1235 968 1310 doctus,
983 1255 1039 1297 nec
1056 1235 1163 1316 pedem
1176 1237 1279 1312 movit,

86 1350 145 1391 nec
171 1330 309 1392 mutendi
333 1331 491 1393 stetionem
509 1330 560 1392 vel
579 1331 762 1393 levissimum
783 1332 1000 1413 cogitationem
1024 1332 1157 1394 udmisit.
1184 1332 1280 1413 Cujus

87 1426 257 1488 constentid
269 1427 420 1508 principes
432 1427 540 1508 reliqui
553 1428 695 1502 roboreti,
713 1427 781 1507 plus
797 1430 837 1489 de
854 1430 1063 1509 promovendis
1082 1429 1213 1491 consiliis
1226 1448 1282 1490 nn·

87 1543 142 1605 per
167 1522 274 1604 ceptis,
299 1524 391 1604 quim
417 1523 457 1585 de
482 1522 631 1585 mechinis
650 1523 773 1605 gloriosi
797 1524 888 1586 militi
906 1525 1085 1605 objiciendis
1105 1526 1281 1588 deliberent·

88 1619 168 1691 Quae
180 1620 256 1681 dnm
268 1629 398 1702 eguntur
411 1620 557 1682 Caesereae
570 1619 691 1680 interim
704 1618 837 1700 legiones
848 1624 969 1693 coeunt,
983 1628 1017 1681 ut
1031 1620 1141 1682 festum
1160 1621 1280 1683 Benue·

85 1717 142 1776 rici
156 1714 261 1777 militis
273 1716 396 1777 elidunt
420 1715 491 1777 Hoc
503 1714 625 1797 cognito
634 1714 760 1776 consilio
774 1714 864 1777 Suooi
874 1734 975 1777 cerum
987 1724 1152 1777 turmarum
1164 1718 1281 1781 Ductor

88 1812 197 1874 (lustru
209 1811 327 1873 Obemb
339 1832 441 1872 versus
453 1811 609 1892 disposuit,
624 1830 660 1872 eo
673 1809 775 1871 omniu
787 1811 903 1872 nircum
915 1808 981 1871 loce
996 1810 1200 1873 exactionibus
1213 1814 1280 1875 feti·

88 1908 193 1989 gevitt
213 1906 405 1969 Colonellnm
418 1908 489 1969 verb
503 1906 637 1988 Scblnng
650 1906 750 1969 virum
763 1907 795 1967 iu
809 1906 914 1988 primis
931 1907 1037 1967 sortem
1056 1916 1087 1967 et
1106 1906 1279 1971 bellicosum

89 2002 288 2084 Neoburgum
295 2003 421 2079 dimisit,
431 2012 467 2064 ut
475 2003 631 2065 stationem
639 2002 724 2064 illem
732 2002 877 2084 tuntisper
886 2002 1064 2079 observaret,
1073 2010 1278 2085 tuereturque;

87 2098 171 2179 qnod
187 2107 410 2177 constaretque
425 2118 458 2160 se
476 2117 627 2159 umorum
644 2098 887 2161 Caemreenorum
903 2098 1032 2179 impetus
1049 2098 1201 2161 flecteret:
1226 2102 1279 2181 qui

86 2194 133 2257 nti
152 2194 292 2274 opinione
308 2194 397 2254 citius
415 2194 538 2276 ingruit,
556 2194 599 2255 ite
617 2194 771 2256 Bennerio
787 2195 918 2273 aliquem
936 2194 1061 2255 incussit
1076 2196 1224 2271 timorem,
1241 2218 1280 2259 ne

87 2309 150 2371 qun
160 2289 266 2352 divisis
278 2288 297 2350 d
308 2309 340 2349 re
353 2289 442 2350 sociis
454 2288 649 2370 periculosius
658 2290 854 2373 pugnandum
864 2302 949 2352 esset.
974 2288 1008 2352 si
1019 2290 1182 2354 Ceserieni
1191 2302 1279 2375 cepto

88 2405 202 2468 pugnes
214 2386 352 2460 oonsssio,
367 2385 592 2448 insolescerent.

130 2483 297 2544 Heerebent
309 2481 359 2543 bic
378 2481 641 2563 Imperstorierum
653 2481 806 2563 copierurn
820 2481 1077 2562 Oempiductores‚
1095 2483 1169 2563 quid
1182 2486 1280 2566 potius

87 2579 207 2640 condlil
217 2587 416 2660 capesserent,
427 2576 629 2639 consultiusue
638 2577 716 2638 soret
725 2577 757 2637 in
766 2577 865 2658 ipsum
875 2577 1008 2657 primum
1018 2578 1278 2664 Archistretegum

88 2677 185 2738 eciem
210 2686 336 2750 vertere,
357 2695 396 2736 nn
417 2674 516 2755 potins
535 2673 616 2734 illem
637 2692 727 2754 quum
748 2672 920 2734 Colouellus
947 2673 1125 2756 Scbluugius
1152 2677 1280 2740 ducebet

87 2782 205 2854 purtem
217 2771 370 2833 insedere.
398 2770 506 2831 Visum
520 2770 641 2832 tendem
654 2768 830 2830 examinetis
843 2769 993 2850 utrimque
1009 2769 1173 2832 rationibus
1187 2772 1280 2836 tutius

87 2869 151 2930 fore
166 2869 364 2950 Neobugum
377 2865 459 2928 recti
470 2865 659 2938 contendere,
671 2872 703 2926 et
718 2863 914 2947 psuoulornm
930 2865 1135 2947 suppressione
1149 2867 1280 2929 militum

88 2966 206 3027 unimus
219 2963 350 3025 ommi
363 2961 469 3023 militis
482 2961 522 3022 ed
534 2961 685 3022 fortiorem
697 2979 830 3043 pugnem
842 2979 958 3022 enuere.
1000 2962 1032 3024 N
1033 2981 1068 3022 eo
1078 2981 1161 3042 spem
1176 2963 1281 3027 fefellit

87 3070 222 3123 eventne
264 3059 346 3122 Nem
363 3067 521 3138 postquem
542 3057 582 3118 ed
604 3057 650 3118 bis
669 3055 752 3117 mille
772 3055 1044 3138 Sublungienorum
1067 3058 1281 3138 oppressissent

88 3158 156 3219 eliis
168 3157 265 3232 coesis,
279 3155 346 3217 eliis
364 3155 397 3215 iu
413 3153 617 3234 onptiritetcm
633 3153 783 3229 ebductis,
800 3153 967 3234 promptior
984 3153 1107 3214 omnino
1125 3153 1183 3215 init
1196 3155 1280 3217 miles

89 3254 245 3316 Gesnreus
258 3251 298 3312 ud
310 3249 548 3332 prosequendum
560 3249 728 3323 victorium,
741 3257 771 3310 et
784 3267 891 3329 perum
901 3247 1024 3310 honesti
1034 3247 1107 3332 lugd
1116 3249 1280 3312 elabentem

88 3350 207 3412 bostem
219 3347 449 3427 insequendum.
469 3345 516 3406 Re
529 3344 623 3428 igitur
635 3344 762 3407 feliciter
773 3346 813 3407 sd
824 3345 1020 3427 Neoburgum
1033 3344 1164 3426 percuti,
1176 3346 1280 3408 datum

89 3456 135 3507 est
146 3443 302 3526 negotium
313 3463 366 3504 sex
384 3439 685 3522 ostophrnctnriorum
702 3441 864 3522 manipulis
881 3441 1051 3503 deducemi
1068 3441 1202 3522 ceptis-oe
1219 3443 1280 3505 Re·

88 3543 250 3602 tisbonnm.
290 3539 367 3600 Eret
383 3547 450 3620 port
465 3536 623 3598 meridiem
642 3535 716 3598 born
734 3537 854 3598 circiter
871 3536 959 3598 urtie
976 3535 1097 3616 quendo
1116 3537 1157 3598 ed
1176 3539 1281 3600 urbem

87 3635 272 3719 appulerunt
279 3634 403 3718 ceptiri,
418 3635 495 3697 inter
504 3641 671 3714 quererent
680 3631 831 3696 colonelli
840 3641 978 3715 qustuor,
989 3641 1092 3715 utpote
1103 3633 1282 3718 Scblsugius
