3225 4700
491 877 681 955 CAPUT
716 880 872 957 XLIX.

68 1055 264 1145 Fridbergo
286 1054 479 1125 Wetterouiu
493 1070 524 1126 et
538 1058 814 1148 Bruunsclsiumd
828 1060 1080 1128 Womorieasibm
1091 1020 1293 1150 occupatum.

127 1157 301 1223 Annorum
331 1180 450 1247 quoque
481 1160 699 1248 lupe-iulium
727 1161 940 1244 Suedisorum,
973 1164 1208 1248 saxonicorum,
1240 1190 1278 1232 uc

126 1260 484 1350 Brundeuburgeusium
499 1261 670 1361 Successore

95 1611 100 1619 .
155 1600 158 1612 .
367 1560 484 1621 tissima
500 1580 537 1622 ex
552 1568 637 1642 parte
656 1560 688 1621 iu
701 1560 927 1637 Wetteravium,
945 1572 1062 1625 etcum
1078 1563 1276 1651 Fridbergam

222 1695 256 1766 p..
312 1681 325 1694 ἣ
367 1657 429 1719 suis
437 1656 571 1719 consiliis
578 1666 678 1739 uptam
687 1677 750 1719 esse
757 1657 913 1734 vidissent,
922 1658 1014 1720 minis
1022 1666 1276 1744 peitentavernut,

96 1747 134 1826 «ἰ
145 1793 155 1826 p
203 1853 207 1858 ν
235 1739 329 1889 R,
366 1752 455 1815 facile
466 1752 524 1815 fuit
531 1753 599 1835 jum
607 1753 956 1913 ιῖιίωροτὶἓὲἫωο
969 1756 1118 1912 ε]ωέοῗ
1129 1760 1278 1871 muohinis

75 1946 157 2009 dere
168 1948 264 2029 perati
274 1954 359 2010 erent
366 1859 763 2029 ixgirffiagzitgblbomtiriuipit
772 1946 880 2010 merito
890 1859 1045 2010 dim
1054 1864 1277 2023 ιωιῖξιὲοᾟ,

75 2042 229 2124 quonism
241 2043 265 2105 ii
276 2044 330 2125 qui
343 2043 516 2105 immediate
530 2043 656 2125 imperio
668 2043 806 2118 subsunt,
819 2050 882 2106 tum
895 2043 1041 2106 malevole
1056 2064 1127 2106 oum
1141 2044 1276 2108 hostibus

76 2138 250 2212 colludant,
260 2141 371 2223 quique
380 2139 574 2223 Imperatoris
583 2140 747 2223 Legionem
761 2160 824 2202 uno
835 2140 873 2202 ab
886 2140 958 2201 bino
969 2160 1048 2202 enno
1057 2149 1172 2203 mmeta
1185 2142 1274 2203 etium

78 2255 178 2297 manu
191 2245 295 2298 eontra
302 2238 423 2319 jussum
439 2236 570 2298 Oaesuris
582 2236 658 2299 urbe
671 2235 829 2318 prohibere
841 2236 939 2319 parati
952 2245 1040 2300 erant
1055 2238 1114 2301 uisi
1131 2258 1222 2321 sagax
1238 2260 1277 2301 ex

77 2353 153 2395 aree
168 2332 336 2397 Proel'eotus
354 2332 527 2410 obstitisset,
542 2354 624 2395 nuno
641 2332 754 2396 nullam
768 2353 888 2416 prorsus
902 2333 964 2395 uim
977 2334 1016 2397 ub
1031 2334 1150 2417 imperii
1163 2336 1275 2418 eapitu-

78 2429 162 2490 libns
179 2429 312 2493 iuimiois
328 2431 503 2494 sustineant.
547 2430 676 2493 Deoimo
691 2431 793 2512 itaque
811 2431 953 2493 anuurii
970 2431 1080 2513 patulis
1099 2434 1193 2514 portis
1208 2433 1276 2495 wi-

77 2526 245 2588 marienses
258 2527 353 2610 oopiae
367 2526 545 2590 intromissis
558 2536 645 2589 sunt:
668 2525 772 2588 dedita
785 2526 859 2588 urbe
872 2525 961 2588 facile
974 2525 1034 2590 fuit
1047 2528 1187 2610 Burgum
1202 2549 1276 2610 quo-

77 2643 143 2704 que
156 2623 323 2685 nocueris
331 2643 388 2706 ope
397 2643 433 2686 ao
442 2624 608 2686 sufficiente
618 2621 715 2685 milite
724 2622 902 2684 destitutum
911 2622 951 2684 ed
961 2623 1144 2687 deditionem
1156 2644 1274 2707 eogere,

78 2719 132 2781 vel
145 2718 245 2801 potius
257 2721 445 2802 persuadere.
487 2719 645 2782 Insidebat
658 2718 774 2781 dietum
788 2718 931 2801 Burgum
944 2718 1127 2802 capitaneus
1139 2722 1275 2803 quidam,

78 2835 153 2878 oum
167 2815 387 2900 quinquaginta
399 2825 434 2879 ut
447 2815 541 2897 aliqui
554 2825 701 2892 asserunt,
712 2814 762 2878 vel
774 2823 810 2878 ut
821 2815 874 2876 alii
887 2836 958 2878 oum
966 2817 1158 2899 paucioribus
1172 2840 1276 2902 grego-

95 1433 105 1528 ζ
139 1439 159 1554 j
183 1434 318 1673 W)
348 1462 797 1527 uooussusruunum
811 1463 1278 1553 egressae-wimarum

80 2911 137 2974 riis
147 2912 310 2990 militibus,
323 2913 374 2976 oui
387 2913 481 2976 dubio
492 2911 598 2994 prooul
616 2932 676 2974 non
694 2912 859 2974 admodum
875 2913 1005 2975 mdunm
1019 2913 1124 2977 fuisset
1140 2915 1277 2996 aliqnan-

77 3009 181 3072 tulum
201 3009 332 3072 bostium
351 3008 574 3072 sollicitationes
594 3008 730 3090 rejicere,
749 3018 802 3070 eut
820 3007 967 3091 impetum
987 3011 1144 3073 contrariis
1162 3012 1277 3074 viribus

80 3105 258 3188 propulsare
276 3107 430 3190 tantisper,
445 3107 546 3188 quood
560 3104 728 3168 subsidium
745 3105 870 3168 aliunde
884 3106 990 3169 fuisset
1001 3107 1191 3170 submissum.
1231 3111 1277 3174 At

80 3222 142 3265 neo
155 3201 205 3264 hle
218 3202 282 3284 ipso
294 3203 351 3265 diu
364 3203 542 3286 tergiversut
553 3211 608 3278 est,
619 3201 674 3264 sed
687 3221 778 3282 qnam
791 3221 863 3263 mox
876 3203 990 3264 exitum
1004 3224 1073 3265 oum
1087 3205 1148 3266 suis
1160 3219 1277 3287 paetus,

80 3299 185 3360 loeuru
197 3299 359 3381 osetsroqui
372 3307 436 3361 arte
449 3307 481 3362 et
491 3307 600 3361 nature
612 3299 732 3361 abunde
745 3299 907 3374 munitum,
915 3299 948 3361 in
961 3299 1091 3362 bostium
1101 3311 1276 3383 potestatem

81 3395 223 3459 tradidit.
265 3395 412 3469 Quemvis
427 3395 491 3476 ipse
503 3404 617 3477 postes,
629 3414 738 3457 verene
752 3414 792 3456 eu
805 3393 890 3478 pullii
902 3395 1033 3478 iguavioe
1045 3417 1107 3460 suae
1116 3399 1277 3461 obtexendi

83 3494 195 3576 gratia,
206 3494 318 3569 neseio,
329 3493 430 3576 Burgi
446 3492 604 3568 Dominus,
615 3491 695 3553 viros
707 3490 833 3568 nobiles,
841 3501 873 3554 et
884 3492 1032 3575 imprimis
1044 3502 1179 3557 strenuos
1191 3497 1277 3558 ineu·

84 3589 199 3652 severit
211 3590 293 3670 quod
312 3589 412 3651 looum
426 3589 446 3650 d
458 3587 625 3650 neoessorio
641 3589 789 3663 domeetu,
804 3597 836 3650 et
851 3589 1114 3654 armamentarium
1127 3590 1147 3652 d
1162 3591 1279 3672 reliqua

86 3685 267 3762 munitione,
283 3707 344 3768 qno
361 3685 425 3748 sine
444 3683 521 3748 nibil
539 3683 678 3747 effectum
697 3683 797 3758 datur,
815 3692 924 3746 temere
940 3684 1138 3748 destituerint.
1181 3687 1228 3750 Ut
1245 3699 1279 3752 ut
