3225 4700
518 377 541 442 I
547 377 603 444 TI
609 375 825 446 NERARI
832 377 919 445 ΗΜ.
1251 387 1312 450 261

107 544 238 588 cernere
251 525 493 608 Rempublioam,
508 529 621 610 quique
634 529 675 591 ad
686 529 820 592 turbelas
830 530 897 592 nati
909 550 973 592 esse
986 531 1176 606 videbantur,
1191 544 1313 598 oaetero-

109 641 181 683 rum
202 623 339 684 omnium
360 643 420 684 vox
444 633 518 701 erat,
542 626 627 688 vivat
650 625 900 689 clementiaeimus
923 628 1077 691 Dominus
1097 639 1207 707 noster,
1228 632 1312 694 vivat

106 739 241 802 magnus
256 719 476 784 Ferdinandus.

154 816 239 879 Huic
254 826 337 879 tanto
350 811 547 880 beneficio'ne
561 819 673 902 ingrati
687 830 795 895 ament,
811 821 951 904 Principi
964 823 1047 902 pacis
1060 822 1079 884 d
1091 843 1153 903 quo
1165 844 1224 905 pax
1236 845 1309 888 vera

105 933 203 994 quam
223 915 353 976 mundns
374 915 446 976 dara
466 935 526 978 non
548 925 654 998 potest,
675 917 788 1000 primas
808 918 926 978 deferre
945 919 1057 1001 gratias
1076 921 1305 984 constituerunt.

107 1008 220 1072 Clarus
238 1010 339 1092 itaque
357 1013 506 1093 adquam
525 1023 639 1095 spectat
656 1013 687 1074 in
711 1013 803 1075 sacris
822 1013 903 1096 leges
921 1015 1071 1089 ordinare,
1091 1017 1216 1080 consilio
1232 1019 1308 1081 inito

104 1111 214 1172 staurit
226 1111 376 1193 publicam
391 1112 639 1194 supplicationem
654 1132 707 1194 per
719 1111 803 1174 urbis
818 1113 949 1194 compita
960 1121 990 1172 et
999 1111 1119 1193 templs,
1130 1113 1306 1176 solennitate

105 1227 169 1287 qua
186 1217 285 1290 posset
303 1209 437 1270 maxima
454 1209 619 1284 instituere,
641 1209 681 1270 ad
699 1228 790 1290 qnam
809 1208 968 1270 universus
980 1207 1110 1270 civitatis
1122 1208 1252 1289 populus
1267 1212 1305 1272 ab

103 1303 214 1365 infimo
227 1304 267 1366 ad
280 1325 430 1366 summum
444 1326 547 1368 omnes
558 1327 614 1388 pro
626 1306 823 1368 concionibus
835 1304 1023 1380 invitaretur,
1037 1305 1122 1386 qnod
1132 1321 1205 1366 mox
1217 1304 1305 1368 effac-

101 1411 170 1464 tum
190 1402 306 1474 datum
326 1423 382 1463 neo
403 1403 493 1464 credo
512 1402 603 1465 fuisse
623 1405 655 1464 in
677 1404 749 1465 urbe
771 1403 973 1475 Sacerdotem,
994 1403 1050 1483 qui
1069 1421 1133 1462 non
1155 1402 1197 1463 ad
1219 1423 1302 1464 mam

101 1497 219 1559 faciens
233 1518 287 1580 pro
300 1507 385 1560 tanta
396 1500 519 1562 obtenta
529 1495 628 1582 'gratia
643 1500 712 1561 Deo
724 1498 960 1580 tranquillitatis,
970 1499 1002 1560 in
1013 1501 1100 1580 cnjus
1110 1520 1202 1561 mauu
1212 1499 1305 1562 corda

102 1595 276 1671 bominum,
290 1595 527 1677 pacificatoriam
541 1595 661 1658 offerret
674 1597 812 1660 hostiam.

146 1693 226 1755 Haec
239 1693 394 1755 matutinis
407 1692 498 1765 boris,
512 1713 583 1756 oum
595 1694 765 1777 itaqnejsm
777 1693 796 1754 a
807 1694 876 1754 Deo
887 1690 1043 1754 duxissent
1051 1691 1147 1769 initia,
1159 1693 1305 1774 putabant

102 1809 195 1870 porro
207 1789 359 1870 integrum
373 1790 431 1852 sibi
445 1791 518 1865 fore,
534 1790 560 1850 si
573 1790 641 1851 aliis
654 1809 773 1871 quoque
787 1789 882 1872 siguis
895 1789 927 1848 iu
941 1786 1095 1871 publicum
1109 1791 1305 1870 procederent

101 1885 217 1967 gaudio
230 1885 412 1947 exultantem
426 1887 571 1962 animum,
586 1888 643 1948 snb
654 1907 810 1968 vesperam
821 1887 914 1968 igitur
924 1884 1026 1946 omnia
1038 1893 1187 1946 tormenta
1196 1885 1304 1946 bellios

101 1991 166 2043 tam
180 1984 296 2063 majora
313 2002 405 2062 quam
423 1984 541 2044 minora
557 1983 631 2046 festo
649 1983 819 2046 fistularum
835 1982 962 2064 strepitu
975 1991 1184 2052 exonerarunt,
1202 1982 1302 2044 festivi

102 2079 177 2139 dein
191 2079 276 2162 ignes
294 2088 385 2141 totam
399 2082 498 2141 arsere
512 2089 641 2156 noctem,
655 2099 694 2142 ne
707 2099 767 2160 qua
777 2081 907 2141 tenebra
918 2089 980 2141 tam
992 2079 1179 2141 luculentum
1189 2077 1301 2140 laetitia

100 2175 293 2255 splendorem
306 2173 515 2238 obfuscarent:
537 2177 638 2250 verbo,
653 2177 755 2239 omnia
764 2177 839 2238 festo
848 2175 1031 2250 alludebant,
1042 2176 1083 2237 ad
1094 2195 1187 2256 usque
1198 2175 1302 2239 debre-

101 2269 192 2353 pidas
205 2290 289 2344 anus,
303 2272 517 2355 fructuumque
530 2282 716 2334 maturorum
734 2272 905 2344 institrices,
924 2293 993 2355 quta
1014 2274 1045 2334 iu
1063 2274 1169 2336 latitia
1181 2273 1303 2355 publica

99 2368 228 2431 minime
248 2370 366 2431 desides
387 2371 511 2451 reperiri
530 2370 699 2447 voluerunt,
718 2390 790 2433 oum
810 2370 892 2431 enim
909 2372 993 2434 aliud
1010 2371 1043 2433 in
1061 2374 1181 2455 signum
1196 2373 1300 2455 gandii

98 2484 163 2525 non
183 2474 304 2546 possent
323 2467 449 2529 maturis
468 2467 618 2529 fructibus
637 2476 735 2529 totum
753 2468 854 2529 forum
874 2476 1084 2542 conseverunt,
1103 2468 1208 2529 corbes
1227 2487 1301 2529 vero

97 2561 217 2623 festivis
241 2563 362 2645 ignibus
386 2563 525 2627 fovendis
547 2564 731 2627 obtulerunt.
782 2552 930 2625 Accinuit
949 2562 1054 2625 Mum
1075 2581 1184 2644 poeana
1207 2563 1299 2629 totins

96 2658 185 2719 urbis
198 2678 238 2720 ess
252 2680 442 2741 campanum,
458 2678 514 2722 nec
527 2660 696 2742 quidquam
709 2660 941 2743 pretermissum
952 2668 1006 2735 ast,
1021 2659 1104 2739 qnod
1113 2660 1153 2721 ad
1163 2660 1298 2722 laetitiam

97 2756 336 2837 promovendam
359 2757 588 2839 augendamque
608 2756 729 2819 faceret.
781 2757 932 2838 Sequente
954 2756 1005 2818 dis
1025 2776 1094 2836 quse
1114 2755 1174 2819 fnit
1192 2757 1299 2838 quinta

95 2851 122 2913 J
124 2850 180 2913 ulii
193 2851 350 2933 optimates
363 2853 446 2914 urbis
458 2874 513 2935 pro
526 2852 639 2915 foribus
653 2854 766 2916 edium
778 2874 897 2915 mansas
909 2863 1041 2916 stravere
1053 2873 1089 2914 ao
1101 2854 1298 2934 sumptuosis-

96 2948 184 3010 simis
194 2949 323 3029 dapibus
332 2950 504 3026 oneravere,
516 2950 640 3031 adquae
650 2951 850 3014 accumbendi
860 2952 1000 3013 omnibus
1008 2950 1134 3013 advems
1144 2947 1298 3014 liberrima

96 3046 180 3107 facta
192 3056 237 3109 est
250 3046 345 3126 copia.

138 3142 293 3205 Vicesima
305 3144 329 3206 J
332 3142 385 3204 ulii
399 3143 583 3225 proscriptus
597 3164 657 3204 non
670 3143 713 3205 ita
726 3143 844 3225 pridem
856 3143 970 3207 (ionem
984 3143 1171 3214 Plenevaux‚
1185 3142 1295 3209 Laodi·

7 3260 8 3315 3
95 3261 149 3301 nm
166 3239 350 3321 postliminio
367 3240 468 3313 rediit,
485 3240 539 3301 sed
557 3260 627 3301 mox
645 3240 752 3302 iterum
775 3260 829 3321 per
849 3241 997 3321 quosdam
1014 3260 1137 3302 suorum
1155 3239 1295 3301 adversa·

94 3338 221 3410 riorum,
239 3338 321 3419 pacis
334 3337 531 3409 turbatorum,
546 3358 581 3398 ao
596 3336 737 3412 hostium,
752 3338 874 3399 civitate
888 3337 1066 3418 pulsasset:
1088 3336 1127 3397 de
1144 3356 1206 3417 quo
1223 3357 1294 3401 oum

96 3434 237 3495 nonnulli
260 3434 517 3516 antagonistarnm
535 3434 708 3495 dubitarent
725 3435 935 3496 excessisseme
957 3435 1031 3495 urbe
1055 3453 1161 3507 necne,
1183 3442 1298 3496 mmata

6 3528 8 3537 ⁴
93 3550 188 3591 manu
203 3530 234 3591 in
248 3531 328 3592 ades
342 3532 407 3611 ejus
420 3532 604 3613 irruperunt,
625 3552 787 3613 omnesque
805 3530 931 3615 angulos
948 3531 1080 3593 studiose
1093 3530 1193 3591 rimati
1207 3539 1294 3591 sunt:

7 3684 9 3711 ,
93 3648 164 3689 cum
178 3648 250 3689 vero
262 3648 322 3689 noa
337 3629 524 3709 reperissent,
535 3648 629 3709 puero
642 3629 763 3690 auidam
772 3624 991 3710 persuaserunt,
1004 3636 1039 3689 ut
1047 3627 1105 3689 iret
1115 3634 1294 3707 vocaretque

93 3724 133 3784 ad
146 3724 243 3786 sancti
259 3724 406 3800 Severini,
422 3724 543 3787 intimos
557 3725 633 3787 duos
651 3726 779 3789 Consnli
797 3726 921 3801 amicos,
939 3725 1021 3787 viros
1039 3722 1292 3805 praeolmnsimos,
