3225 4700
336 347 402 411 334
728 340 1151 410 ITINERARIUM.

331 510 365 560 tu
378 498 502 579 quidem
513 498 583 559 vitm
597 508 657 559 tuse
670 518 793 559 cursum
804 498 887 559 brevi
898 508 994 559 morte
1008 515 1229 570 consummans,
1241 496 1295 556 sed
1308 494 1435 577 gloriam
1452 504 1538 553 tuem

332 595 417 657 nulla
428 614 562 675 unquam
576 604 648 656 aetas
660 595 830 675 abrumpet.
863 593 911 654 Ite
922 594 994 655 verb
1002 614 1056 654 ros
1067 612 1149 653 nunc
1163 592 1264 674 Reges
1277 612 1313 653 ac
1328 590 1496 670 Principes
1510 598 1540 648 ct

331 693 362 752 in
378 690 556 753 Straffordio
566 700 668 753 nostro
678 691 795 764 discite,
806 711 899 771 qnam
910 690 1010 751 brevis
1023 690 1062 751 sit
1071 689 1162 771 hujus
1174 690 1283 750 muudi
1293 688 1409 771 gloria3
1430 686 1537 747 erudi·

332 788 418 863 mini,
433 789 540 850 mnndi
552 796 679 869 sceptra,
693 798 725 850 et
737 789 824 871 regni
837 808 995 870 purpuras,
1009 789 1049 849 sd
1060 786 1180 849 felicem
1194 786 1422 848 arvioernitatem
1436 795 1538 846 trans·
1588 792 1589 805 ¹

332 887 420 947 ferre.

373 982 494 1045 Obtulit
505 982 645 1057 Thomas,
663 993 733 1044 aute
746 1002 831 1043 suam
846 992 983 1057 mortem,
993 980 1121 1063 jrmiriae
1135 980 1248 1041 vicario
1261 989 1377 1041 eertum
1391 978 1532 1059 pecuuiae

332 1080 477 1161 precium,
490 1088 524 1140 ut
536 1080 665 1141 intactas
676 1080 736 1141 sibi
749 1088 847 1141 restes
861 1080 1053 1159 relinqueret,
1073 1088 1105 1140 et
1122 1097 1231 1139 munus
1252 1098 1340 1139 suum
1354 1098 1416 1137 non
1430 1076 1535 1137 minus

330 1177 456 1249 sortiter,
469 1176 563 1256 qubm
576 1177 681 1238 dextre
693 1185 902 1257 exequeretur,
913 1177 995 1256 qnod
1009 1184 1169 1256 utrumque
1182 1184 1213 1236 et
1225 1176 1327 1236 morte
1340 1176 1532 1235 observatum

331 1284 361 1334 et
374 1273 432 1333 rite
445 1272 559 1334 factum
572 1284 626 1333 est.
669 1272 763 1334 Obite
774 1282 886 1345 morte,
898 1292 1006 1353 corpus
1021 1272 1082 1333 und
1094 1292 1163 1333 cum
1178 1272 1277 1353 capite
1290 1271 1394 1331 essedo
1409 1270 1532 1351 imposi-

331 1380 407 1443 tum,
423 1368 496 1430 illuc
509 1369 643 1430 delatum
656 1377 712 1437 est,
731 1369 814 1430 uude
829 1370 898 1430 vitm
911 1369 1038 1430 duxerat
1055 1369 1228 1451 primordia
1268 1368 1365 1449 Cujus
1377 1366 1444 1427 loco
1460 1366 1531 1447 Hy-

330 1466 442 1527 bernire
457 1465 573 1526 Prorex
587 1465 759 1526 nominatus
775 1474 821 1527 est
833 1466 943 1528 Comes
960 1468 998 1528 de
1012 1467 1183 1547 Ieycsster,
1204 1485 1295 1547 quem
1313 1464 1418 1525 Gallia
1434 1482 1531 1543 nuper

332 1563 449 1624 viderat
462 1562 620 1645 Legatum.
663 1561 702 1622 Iu
716 1562 810 1644 qudm
819 1564 918 1643 justas
934 1564 994 1625 iras
1009 1563 1058 1625 hee
1072 1561 1379 1626 Parlamentariorum
1397 1562 1531 1621 actiones

333 1658 523 1739 Hyberuiam
544 1658 736 1730 deduxerint,
758 1679 890 1740 pronum
910 1670 955 1721 est
968 1660 1119 1742 judicare.
1163 1660 1204 1720 Et
1223 1659 1317 1730 certe,
1338 1676 1428 1718 nemo
1447 1656 1530 1736 quis·

331 1776 422 1836 quam
435 1755 504 1827 fuit,
518 1756 572 1837 qui
585 1776 646 1816 uon
656 1756 834 1831 vindictam,
843 1766 905 1817 tam
917 1756 1081 1839 praeeipitis
1093 1757 1125 1816 iu
1134 1755 1300 1837 Proregem
1310 1774 1397 1815 suum
1409 1764 1529 1813 seuten-

331 1852 394 1927 tiae,
406 1866 513 1915 contra
525 1852 671 1934 Angliam
685 1854 822 1934 spiraret.
852 1854 1060 1914 Laneiuabaut
1071 1852 1193 1913 interim
1206 1852 1301 1933 Regis
1314 1850 1451 1911 animum
1465 1864 1525 1909 tam

332 1950 440 2011 infesta
458 1968 621 2032 regnorum
635 1948 714 2010 iuter
726 1970 759 2010 se
780 1950 992 2012 dissidentium
1012 1950 1093 2025 odia,
1115 1949 1190 2011 adeo
1213 1948 1318 2009 utrix
1338 1946 1397 2007 alis
1416 1947 1528 2007 subiret

331 2056 464 2108 ruentem
477 2045 631 2128 cogitatio,
649 2045 741 2125 qubm
755 2046 794 2107 de
810 2048 901 2109 modo
921 2047 1197 2129 componendorum
1216 2055 1362 2118 motuum,
1382 2054 1475 2123 utque
1497 2056 1527 2104 ut

332 2143 525 2205 consiliarus
538 2142 724 2203 commodius
743 2142 852 2223 exequi
866 2153 976 2224 posset,
994 2155 1085 2225 atque
1100 2142 1291 2223 Hyberniam
1311 2141 1351 2202 ad
1370 2140 1527 2222 pristinam

331 2240 533 2302 obedientiam
547 2248 578 2300 et
594 2239 812 2319 subjectionem
832 2260 982 2317 revocare,
999 2240 1134 2301 decrerit
1151 2240 1215 2319 ipse
1228 2240 1269 2299 ad
1282 2238 1449 2318 Hyberuos
1461 2256 1527 2319 pro·

332 2337 508 2400 sectionem:
522 2336 562 2398 de
575 2335 632 2398 hec
646 2344 680 2397 ut
692 2335 825 2398 innotuit
835 2337 1093 2413 Parlsmentariis,
1102 2334 1337 2415 uibilantiquius
1350 2334 1527 2413 babuerunt,
1562 2381 1565 2387 .

331 2455 421 2515 qnam
435 2443 470 2495 ut
483 2434 540 2496 iter
548 2433 643 2516 Regis
656 2433 848 2514 impedirent,
859 2437 1031 2497 metuebant
1044 2433 1164 2507 etenim,
1177 2434 1279 2494 nesab
1289 2444 1437 2514 pretextu
1447 2434 1528 2515 paci·

331 2529 490 2604 ficatiouis,
503 2527 563 2590 elia
575 2528 700 2590 masilia
712 2541 932 2610 coquerentur3
953 2532 1074 2592 undeet
1086 2529 1167 2611 apud
1177 2529 1292 2611 Regem
1302 2530 1485 2606 institerunt,
1495 2541 1527 2591 ut

331 2648 370 2688 ue
381 2626 520 2687 Ioudino
534 2625 677 2686 remotior
689 2624 785 2698 fieret,
798 2627 837 2687 ob
851 2627 967 2690 milities
982 2627 1283 2688 administrationem.
1313 2625 1444 2698 Quodsi
1458 2647 1526 2688 vero

332 2724 400 2785 Rex
413 2734 522 2805 praeter
535 2722 708 2803 opinionem
722 2722 843 2804 longiis
856 2725 1010 2786 discedere
1024 2733 1233 2806 presumeret,
1242 2742 1302 2783 uon
1316 2723 1488 2795 miraretur,
1501 2725 1524 2783 si

331 2821 390 2901 ipsi
402 2819 548 2881 militibus
561 2820 634 2900 jura
646 2828 677 2879 et
689 2816 771 2900 leges
784 2820 989 2882 decernerent.
1033 2820 1095 2881 Sed
1108 2819 1155 2879 his
1168 2819 1307 2880 omnibus
1320 2840 1378 2880 uon
1395 2821 1524 2892 attentis,

331 2917 400 2978 Rex
418 2916 450 2976 in
467 2915 615 2977 sententia
627 2913 820 2996 profectionis
836 2933 898 2975 sure
913 2913 1051 2994 perstitit.
1092 2911 1154 2984 Qui
1173 2923 1207 2972 ut
1220 2913 1415 2993 praemuuiret
1433 2913 1525 2973 felici-

331 3034 414 3075 orem
425 3012 655 3093 expeditionem,
669 3011 816 3093 praemisit
828 3010 961 3090 diploma
973 3030 1035 3091 quo
1052 3009 1175 3070 rebelles
1191 3009 1391 3070 interminatis
1403 3011 1523 3070 atrocis·

331 3112 415 3172 simis
427 3110 583 3192 suppliciis
597 3110 635 3170 ab
648 3109 740 3170 armis
750 3107 974 3168 dehortabatur.
1017 3107 1078 3167 Sed
1089 3117 1206 3167 tautum
1220 3105 1316 3166 abfuit
1326 3117 1359 3166 ut
1369 3117 1523 3186 conceptas

332 3207 391 3268 iras
409 3206 562 3288 mitigaret
575 3205 649 3285 quin
663 3212 693 3264 et
706 3202 859 3285 graviores
876 3201 1044 3264 animorum
1059 3201 1292 3264 exulcerationes
1306 3202 1389 3283 apud
1404 3203 1522 3282 Hybsr·

334 3323 388 3364 uos
402 3304 546 3364 censerit.

373 3399 441 3462 Nec
463 3401 535 3460 saue
550 3400 618 3481 jam
639 3396 769 3480 amplius
791 3396 856 3478 ipss
881 3395 1051 3457 Britanniae
1074 3395 1194 3477 Regina
1217 3395 1376 3457 rebellibus
1396 3397 1519 3458 subditis

332 3497 460 3559 fidebat:
491 3516 586 3576 eaque
606 3506 727 3577 propter
749 3513 820 3554 curu
841 3492 872 3552 in
894 3512 999 3574 regno,
1022 3491 1074 3552 ubi
1096 3492 1162 3552 tutb
1185 3492 1370 3564 consisteret,
1394 3514 1454 3553 uon
1480 3513 1520 3553 re·

332 3595 453 3676 periret,
474 3594 506 3654 iu
529 3592 730 3654 Hollsndiam
751 3589 812 3650 nub
833 3609 903 3650 cum
924 3589 1008 3670 regia
1026 3587 1091 3650 filia
1111 3588 1215 3650 movit.
1258 3589 1333 3650 Dici
1353 3609 1413 3649 nou
1432 3603 1521 3670 potest

331 3713 422 3773 quam
435 3689 598 3773 magnifice
611 3689 654 3750 ibi
664 3696 789 3768 accepta
801 3687 851 3748 sit.
894 3685 1031 3766 Uterque
1044 3685 1123 3768 euim
1140 3683 1288 3767 Princeps
1298 3687 1442 3748 Auriacus
1455 3707 1518 3747 oum
