3225 4700
337 331 402 396 338
739 319 1149 391 ITINERARIUM.

341 480 446 542 Suecis
467 477 645 541 Glocoviam
666 496 746 538 novo
767 476 909 559 praesidio
931 476 1060 551 munire,
1088 473 1205 555 aliaque
1225 472 1395 535 neccssaria
1421 470 1543 533 tuende
1584 490 1585 543 3

342 578 409 638 urbi
424 576 544 637 inferre.

383 674 486 734 Rebus
495 682 556 733 tam
571 671 698 733 feliciter
709 669 767 731 hoc
780 670 847 731 loco
861 669 952 752 gestis
964 666 1218 729 Dorstcnsolrnius
1231 686 1321 749 porro
1333 666 1497 727 simulavit
1517 666 1544 725 in

344 769 522 830 Bohcmiam
537 769 705 839 transitum,
725 768 812 849 cnjus
829 766 945 853 consilii
967 766 1076 826 famam
1100 764 1210 845 passim
1232 764 1406 846 pervulgari
1425 764 1543 833 voluit;

342 866 484 926 credebat
494 866 575 926 enim
584 864 747 938 Caesarecs,
758 863 920 944 exploratis
933 861 995 922 suis
1007 862 1151 936 consiliis,
1162 865 1377 944 anticipaturos
1391 883 1501 924 omnes
1515 862 1543 922 in

344 962 523 1024 Bohcmiam
538 962 647 1034 aditus,
663 960 779 1041 sibique
793 960 849 1021 hac
865 960 979 1020 ratione
993 959 1111 1039 copiam
1127 959 1270 1031 futuram,
1284 960 1376 1020 libere
1391 960 1423 1020 in
1439 960 1543 1020 Mora·

343 1060 424 1121 viam
447 1070 477 1120 et
499 1058 689 1119 Olomutium
708 1058 865 1140 pergendi,
884 1068 914 1118 et
934 1054 1166 1117 Olcmncensem
1183 1058 1369 1119 obsidionem
1392 1056 1542 1127 solvendi,

342 1158 534 1236 obsessosque
548 1176 585 1216 ex
599 1155 753 1236 inopinato
765 1152 966 1236 opprimendi.
1010 1152 1072 1213 Sed
1084 1172 1154 1213 cum
1169 1154 1310 1229 Caesarei,
1329 1175 1381 1214 scu
1404 1154 1542 1215 fraudem

343 1253 515 1327 sentientes,
530 1253 618 1312 rebus
632 1252 693 1311 suis
707 1272 822 1311 moram
836 1250 932 1332 magis
946 1249 1130 1331 profuturam
1145 1252 1331 1323 arbitrantes,
1348 1250 1444 1311 bostis
1459 1250 1542 1311 lateri

345 1350 536 1431 pertinaciter
546 1349 747 1415 adhaeserunt,
762 1348 924 1409 adversarii
939 1346 1010 1407 verb
1028 1366 1099 1407 cum
1118 1348 1255 1409 viderent
1275 1348 1339 1409 istis
1357 1348 1388 1408 in
1406 1348 1541 1428 partibus

344 1446 446 1508 deesse
455 1446 544 1507 militi
554 1444 663 1506 alendo
671 1442 867 1505 sufficientem
880 1452 1091 1513 commeatum,
1100 1444 1140 1504 ad
1146 1444 1250 1506 Albim
1260 1454 1358 1505 castra
1366 1466 1541 1526 promovere

344 1552 521 1605 statuerunt.
563 1543 630 1603 Nec
654 1542 751 1602 multo
770 1552 848 1623 post,
867 1540 924 1600 hcc
943 1548 998 1612 est,
1012 1550 1119 1619 quarto
1132 1540 1250 1601 decimo
1269 1540 1411 1603 Octobris
1426 1542 1540 1621 Torga-

344 1640 425 1700 viam
439 1640 613 1720 attigerunt,
627 1638 681 1698 ubi
693 1637 848 1720 explorata
860 1656 946 1717 aquae
957 1636 1116 1697 altitudine
1130 1636 1243 1698 flumen
1255 1640 1460 1719 pervsdcrunt
1472 1658 1539 1699 cnm

345 1735 427 1795 omni
441 1736 585 1815 equitatu,
601 1749 632 1797 et
645 1734 885 1815 impedimentis:
907 1732 960 1793 sed
974 1752 1029 1793 nec
1043 1731 1110 1794 istic
1123 1754 1272 1795 annonam
1286 1744 1370 1797 tanto
1384 1735 1477 1796 militi
1491 1756 1538 1816 op·

346 1844 505 1913 portumm
520 1843 703 1913 repererunt.

387 1929 549 1990 Premebat
565 1928 685 1990 interim
704 1927 862 2010 providum
882 1938 913 1989 et
929 1928 1035 1990 militis
1051 1930 1098 1991 sui
1114 1938 1263 1991 amantem
1281 1930 1538 2011 campiductorem

346 2026 460 2086 instans
473 2027 579 2100 biems,
601 2035 632 2087 et
645 2026 797 2086 laboribus
812 2024 923 2086 aestivis
941 2025 1083 2109 fatigatus
1098 2026 1255 2097 exercitus,
1269 2027 1356 2107 cujus
1369 2028 1538 2089 deducendi

345 2124 376 2182 in
396 2124 556 2183 commoda
572 2122 700 2184 hiberna
717 2121 834 2183 nullum
850 2122 972 2183 videbat
991 2124 1125 2200 modum,
1142 2124 1195 2185 sed
1217 2145 1273 2185 nec
1296 2126 1472 2188 declinandi
1489 2128 1538 2188 im-

346 2221 487 2280 minentis
501 2220 520 2281 d
532 2230 618 2303 tergo
634 2220 766 2284 Coesarei
785 2219 901 2281 militis.
945 2220 1031 2282 inter
1050 2222 1104 2282 has
1124 2242 1211 2283 curas
1230 2223 1332 2283 statuit
1351 2224 1477 2285 tandem
1495 2224 1538 2284 vel

345 2318 510 2400 pugnando
524 2317 655 2392 vincere,
670 2318 719 2379 vel
732 2317 891 2401 gloriosam
904 2331 1032 2380 mortem
1046 2328 1202 2401 oppetere:
1224 2332 1312 2400 atque
1326 2340 1363 2380 ne
1379 2320 1539 2402 imparibus

345 2415 469 2475 omnino
476 2415 591 2476 viribus
605 2416 848 2497 congrederetur,
855 2415 1053 2478 advocavitin
1064 2416 1211 2477 auxilinm
1218 2417 1538 2498 Kbuingsmarckium

347 2509 540 2591 Lipsiamque
559 2521 640 2571 recta
660 2531 834 2592 progressus
854 2521 908 2586 est,
929 2532 1020 2593 quam
1039 2513 1138 2574 subita
1156 2523 1186 2575 et
1206 2513 1370 2595 improvisa
1389 2516 1540 2576 obsidione

346 2608 452 2682 cinxit,
467 2628 596 2688 cumque
610 2608 671 2688 qud
683 2608 843 2681 criniculis,
861 2610 922 2689 qud
935 2611 1090 2671 tormentis
1104 2618 1245 2671 tentasset
1257 2609 1394 2681 feliciter,
1415 2612 1540 2673 aditum·

348 2727 406 2786 que
420 2727 474 2786 per
487 2707 598 2767 moenia
610 2706 782 2788 aperuisset,
805 2705 950 2786 impetum
973 2706 1003 2766 in
1025 2707 1130 2768 urbem
1150 2706 1239 2767 militi
1259 2707 1418 2786 imperavit
1439 2729 1538 2790 parurn

346 2802 481 2885 proficuo
494 2813 614 2877 conatu,
633 2802 686 2863 illa
699 2803 780 2863 enim
794 2801 975 2872 incursione,
992 2822 1052 2863 non
1066 2813 1182 2864 tantum
1196 2803 1234 2864 ab
1248 2803 1320 2863 urbe
1337 2803 1476 2884 repulsus
1488 2817 1537 2874 est,

345 2901 399 2962 sed
412 2909 442 2961 ct
454 2899 572 2961 cladem
586 2899 743 2980 sexaginta
752 2896 839 2959 facile
851 2900 994 2980 capitum,
1006 2909 1036 2960 et
1050 2921 1087 2960 ex
1100 2899 1148 2960 his
1160 2899 1304 2961 Praefecti
1318 2901 1452 2981 supremi
1466 2903 1539 2985 vigi·

345 2997 405 3068 liis,
420 2996 530 3057 retulit
833 3013 835 3018 ·

387 3094 469 3155 Haec
492 3093 565 3154 dum
587 3102 730 3174 aguntur,
750 3092 954 3173 exploratores
973 3093 1118 3167 referunt,
1138 3092 1291 3155 Caesareas
1311 3092 1412 3174 copias
1437 3095 1538 3157 Albim

344 3190 507 3259 transiisse,
524 3202 557 3250 ut
569 3189 618 3250 vel
631 3189 787 3250 obsidione
801 3189 935 3270 Lipsiam
949 3189 1119 3262 liberarent,
1134 3190 1194 3261 vel,
1212 3190 1237 3250 si
1251 3209 1312 3269 qua
1325 3190 1401 3252 soret
1414 3193 1538 3260 occasio,

344 3286 512 3346 obsidentes
526 3306 563 3346 cx
577 3286 740 3367 improviso
753 3285 952 3346 adorirentur.
996 3285 1088 3346 Unde
1104 3285 1369 3357 Dorstensohnius,
1384 3287 1490 3348 relicto
1502 3289 1536 3348 ad

345 3381 499 3462 Lipsiense
519 3383 693 3463 praesidium
713 3381 914 3442 cohibendum
936 3381 1101 3442 sufficiente
1115 3382 1221 3454 milite,
1243 3403 1313 3443 cum
1328 3383 1446 3463 reliquo
1460 3405 1538 3444 exer·

343 3481 406 3539 citu
421 3480 452 3538 in
466 3479 642 3558 apertiorem
657 3499 809 3560 campum,
829 3497 867 3538 ne
886 3497 945 3558 qna
957 3478 976 3539 d
990 3477 1135 3540 Caesareis
1156 3489 1187 3540 et
1206 3479 1279 3539 urbe
1300 3479 1418 3539 medius
1438 3481 1538 3561 depre-

342 3574 534 3647 henderetur,
552 3575 664 3649 evasit3
686 3594 865 3654 omnemque
880 3575 1043 3636 exercitum
1058 3575 1087 3634 in
1103 3575 1198 3637 aciem
1212 3575 1369 3656 disposuit,
1384 3575 1536 3638 Caesareos

342 3690 401 3731 non
417 3670 507 3753 longe
520 3670 641 3732 dissitos
652 3683 825 3752 expectans.
