3225 4700
1324 1031 1871 1111 BENEVOLO
1922 1032 2386 1110 LECTORI.

687 1213 748 1329 ¹:
791 1237 794 1240 ⁵
968 1265 1004 1313 -’
1088 1221 1136 1329 ’,μ
1161 1253 1223 1314 X
1249 1273 1369 1334 quo
1394 1254 1508 1316 iter
1532 1255 1812 1318 meditari
1838 1264 1899 1317 et
1923 1255 2161 1338 ingredi
2196 1255 2375 1337 coepi,
2419 1254 2804 1317 Itinerarium
2839 1276 3052 1317 meum

855 1357 948 1441 Ξ
984 1350 998 1405 -’
1073 1363 1099 1381 ⁴
1124 1349 1128 1353 ’
1199 1350 1387 1412 tribus
1412 1351 1658 1413 omnino
1681 1353 2031 1414 stationibus
2056 1347 2402 1414 absolvere
2373 1371 2506 1434 Jam
2534 1351 2678 1413 inde
2698 1353 2775 1413 ab
2795 1353 3053 1413 exordio

695 1449 735 1538 '¹¹
923 1482 924 1485 =
1012 1486 1056 1538 ,-
1201 1447 1712 1531 Peregrinationis
1739 1468 1888 1510 meae
1918 1449 2096 1511 Divis
2131 1448 2425 1511 caelitibus
2458 1447 2796 1510 faventibus
2836 1448 3050 1509 decre·

847 1662 863 1674 *
912 1650 924 1674 ¹
1137 1643 1140 1646 ”
1195 1659 1331 1701 meo
1356 1649 1550 1722 gestas
1574 1640 1705 1702 orbi
1731 1641 2123 1722 spectandas'
2104 1660 2170 1702 ιη
2194 1639 2390 1703 lucem
2416 1639 2680 1722 vulgavi.

742 1735 927 1799 Nunc
955 1738 1192 1799 tertiam
1217 1737 1459 1798 tandem
1493 1736 1674 1798 veluti
1700 1736 1970 1798 laborum
2009 1756 2273 1799 meorum
2306 1745 2524 1798 metam
2560 1744 2620 1797 et
2652 1733 2769 1796 vioe
2808 1732 3045 1794 exitum

661 1828 797 1892 Deo
821 1832 1059 1913 auspice
1086 1842 1146 1895 et
1171 1842 1493 1895 conatuum
1519 1852 1788 1894 meorum
1815 1833 2104 1895 directore
2131 1833 2393 1908 adorn03
2435 1850 2567 1892 eam
2607 1828 3044 1891 benevolentiae

658 1935 798 2004 tuae,
828 1929 1019 1991 amice
1045 1929 1232 1991 lector
1257 1930 1412 1991 bona
1439 1929 1544 1991 tua
1567 1929 1747 1990 venis⁴
1772 1929 2080 2011 consigno,
2104 1938 2270 1990 tuam
2288 1927 2717 1989 humanitatem
2737 1925 3045 1986 obtestans

658 2037 727 2089 ut
748 2028 979 2092 animus
997 2039 1137 2093 tuus
1153 2030 1358 2092 multis
1377 2030 1723 2091 semitarum
1744 2029 2100 2111 defatigatus
2119 2028 2483 2089 anfractibus
2505 2024 2836 2087 innumeris
2852 2024 3041 2086 bello-

658 2145 792 2186 rum
822 2126 1340 2207 periculorumque
1367 2125 1679 2187 eventibus
1710 2134 2121 2188 consternatus
2154 2122 2499 2206 inexplebili
2540 2122 2872 2186 Christiani
2905 2142 3044 2183 san·

657 2220 861 2301 guinis
886 2220 1180 2301 profluvio
1206 2221 1340 2303 plus
1365 2220 1554 2281 nimio
1581 2229 1898 2297 saturatus,
1925 2221 2053 2282 sine
2080 2219 2346 2297 vulnere,
2371 2228 2534 2281 metu
2552 2228 2614 2282 et
2630 2219 2854 2295 labore,
2874 2218 2938 2279 in
2968 2238 3042 2279 ea

660 2317 1010 2379 suavissime
1035 2319 1437 2400 conquiescat.

741 2415 806 2478 N
809 2435 886 2476 on
908 2424 986 2491 te,
1016 2436 1141 2490 oro,
1161 2415 1471 2476 hominum
1491 2414 1991 2476 maleferiatorum
2011 2423 2071 2476 et
2089 2413 2606 2478 infestissimorum
2624 2412 3036 2475 tenebrionum

659 2511 832 2571 finnae
854 2531 1003 2571 meoe
1032 2511 1485 2573 obtrectationes
1511 2522 1812 2587 moveant,
1843 2531 2095 2592 quorum
2123 2510 2359 2572 obscuri
2393 2519 2639 2571 conatus
2673 2510 2752 2570 ad
2778 2508 3034 2570 clarissi-

659 2625 821 2665 mam
864 2606 1128 2667 veritatis
1167 2606 1365 2667 lucem
1404 2606 1570 2670 velut
1609 2607 1990 2669 caecutientes
2033 2606 2348 2686 Pyraustae
2400 2606 2826 2680 occubuerunt,
2868 2615 2929 2667 et
2966 2605 3030 2665 in

660 2701 924 2762 favillam
951 2722 1021 2763 ac
1047 2702 1279 2763 fumum
1309 2721 1429 2764 non
1458 2703 1587 2764 sine
1618 2703 1744 2763 Dio
1773 2703 2040 2765 Numine
2066 2704 2505 2784 disparuerunt.

741 2798 1024 2859 Potentes
1048 2798 1294 2859 omnino
1329 2798 1487 2859 sensi
1519 2798 1909 2874 adversarios,
1946 2820 2022 2860 ex
2055 2800 2272 2880 quibus
2306 2798 2410 2860 alii
2445 2806 2802 2879 proematuro
2841 2798 3027 2860 Letho

658 2894 927 2969 extincti,
954 2894 1141 2956 vitam
1167 2894 1333 2975 prius
1355 2894 1417 2955 in
1448 2894 1766 2956 calumniis
1791 2904 2115 2976 posuerunt
2149 2915 2331 2977 quam
2365 2894 2592 2955 nomini
2628 2915 2762 2957 meo
2785 2895 3023 2977 nigrum

654 2990 821 3052 theta
871 2990 1299 3073 appingerent3
1363 2989 1469 3051 alii
1506 2991 1663 3052 inter
1700 2991 1872 3052 vivos
1910 2991 2147 3072 reliqui,
2186 2991 2404 3073 impios
2440 3000 2502 3052 et
2546 2991 2742 3053 irritos
2780 3003 3022 3056 conatus

656 3105 793 3147 suos
818 3086 1011 3148 elusos
1037 3088 1461 3167 dequeruntur‚
1491 3105 1796 3166 novasque
1829 3087 2062 3149 cudunt
2097 3087 2367 3167 strophas
2401 3085 2584 3148 simili
2604 3097 2824 3150 eventu
2853 3089 3020 3150 dissi-

656 3182 921 3262 pandas3
990 3181 1095 3242 alii
1148 3181 1398 3243 infamia
1449 3180 1691 3263 propria
1727 3182 1802 3242 ab
1841 3183 2284 3245 obtrectationis
2331 3181 2582 3244 consilio
2618 3184 2903 3260 deterriti,
2941 3187 3018 3247 ad

653 3277 947 3338 saniorem
975 3286 1234 3340 mentem
1258 3287 1319 3340 et
1335 3277 1568 3339 libellos
1585 3296 1749 3338 meos
1767 3278 2093 3355 redierunt,
2114 3287 2345 3340 suamet
2363 3277 2730 3342 confessione
2756 3280 3015 3362 ingenui,

653 3372 745 3433 nil
769 3392 894 3434 esse
919 3375 1287 3455 carpendum
1312 3395 1387 3435 ex
1412 3374 1488 3435 iis
1514 3393 1649 3454 quse
1674 3373 1772 3434 vel
1798 3373 1913 3455 ipsi
1939 3374 2160 3436 imitari
2187 3375 2433 3450 nollent,
2473 3377 2592 3455 vel,
2630 3377 2795 3458 quod
2821 3378 3012 3440 verius

654 3469 909 3532 dixerim
935 3478 1214 3551 praestare
1241 3491 1361 3532 non
1388 3478 1648 3553 possent.

732 3568 868 3650 Ego
897 3566 1123 3627 Divam
1148 3568 1382 3649 appello
1408 3566 1718 3629 veritatem
1755 3573 1984 3641 testem,
2011 3586 2107 3628 me
2141 3568 2293 3629 nulli
2331 3589 2543 3632 nocere
2577 3589 2837 3652 unquam
2870 3590 3010 3652 prae-

650 3664 986 3746 sumpsisse,
1015 3683 1127 3724 nec
1153 3664 1231 3725 ad
1256 3665 1610 3745 scripturam
1636 3663 1930 3725 calamum
1969 3663 2265 3747 appulisse
2301 3665 2416 3728 nisi
2452 3687 2650 3730 amore
2679 3667 2828 3744 veri,
2855 3669 3003 3750 quod
