3225 4700
464 358 905 428 ITINERARIUM.
1238 361 1275 428 ll
1323 407 1327 416 ·

88 514 227 578 ordinem
252 514 403 576 contrario
428 513 514 574 fluxu
539 533 577 575 ex
600 514 754 576 occidente
775 515 807 575 in
831 515 976 576 orientem
998 514 1129 590 labitur;
1163 513 1277 576 ducena

88 613 301 696 saturiginem
310 612 439 692 primam
450 631 487 672 ex
498 611 623 673 Arnoba
634 621 747 684 monte,
755 611 786 671 in
802 610 949 673 Hercinii
960 609 1054 691 Sylvi
1063 613 1155 692 prope
1164 631 1276 692 pagum

89 708 249 792 lloaesiug
269 709 337 782 sito,
352 707 552 788 allabitur-que
569 707 769 769 nobilissimae
784 707 925 770 Bavariae
937 717 969 768 et
980 709 1113 769 Austris)
1127 707 1274 782 civitates,

84 805 139 866 sibi
152 825 272 886 semper
284 805 483 888 cognominis,
498 805 599 885 quoad
612 825 643 866 se
656 825 821 866 exonerans
834 805 866 864 in
883 805 1030 866 Illiricurn
1043 824 1152 865 nomen
1165 814 1273 876 mutat,

85 900 222 982 Isterque
235 902 359 964 dieitur.
402 901 496 963 Hunc
510 902 585 962 dum
599 901 713 964 Suecus
731 901 870 984 trajicere
886 921 955 962 oum
972 901 1068 963 milite
1082 901 1141 962 sibi
1153 901 1274 962 subdito

84 999 223 1059 omnibus
244 998 361 1058 viribus
384 999 558 1074 connititur,
584 1019 621 1060 ex
643 997 769 1060 edversd
792 997 891 1079 portis
910 1006 994 1078 parte
1017 997 1165 1078 oppositas
1181 996 1273 1078 Tyllii

84 1092 248 1177 phalanges
259 1092 375 1156 fortiter
388 1097 547 1176 trajectum
557 1095 652 1175 ipsius
658 1095 767 1176 viginti
781 1103 909 1174 quatuor
922 1093 1003 1155 horis
1012 1093 1199 1174 perhibentes
1207 1094 1272 1156 ani·

84 1190 488 1270 madvertit.quoadtandem
496 1191 566 1272 pilis
575 1191 722 1272 plumbeis
729 1190 948 1270 ultrboitroque
955 1189 1071 1251 emissis
1078 1189 1272 1253 fortissimum

84 1283 235 1366 leffi’onum
253 1285 494 1349 Castrianorum
511 1285 676 1349 Ductorem
693 1287 837 1368 Tyllium,
850 1285 953 1347 lethali
966 1286 1090 1347 vulnere
1107 1287 1221 1360 stravit,
1234 1307 1273 1347 ex

83 1399 141 1462 quo
152 1401 216 1442 non
231 1383 327 1444 multo
341 1394 407 1466 poet
425 1383 646 1466 ingolstadinm
663 1384 780 1446 delatus
797 1384 928 1444 animam
944 1382 1012 1444 Deo
1024 1382 1169 1456 reddidit,
1182 1391 1272 1463 atque

84 1489 226 1540 aternam
240 1490 309 1560 post
321 1501 353 1541 ae
365 1481 551 1555 memoriam,
560 1491 606 1543 tot
617 1480 746 1542 hostium
755 1479 950 1560 victor,epud
962 1499 1058 1542 seram
1071 1479 1272 1562 posteritatem

83 1574 213 1656 reliquit.
269 1576 394 1638 Sublato
416 1577 515 1658 campi
538 1577 674 1652 ductore,
701 1577 789 1638 focile
812 1588 858 1638 est
877 1577 925 1637 vel
947 1575 1120 1659 conjecturt
1142 1577 1270 1656 esseqm,

82 1671 191 1750 quanti
206 1671 358 1734 celeritate
372 1693 403 1734 se
422 1675 487 1756 ejus
506 1673 655 1734 exercitus
673 1673 705 1733 in
723 1674 833 1734 tutiore
847 1674 914 1734 loca
930 1673 1083 1754 receperit,
1102 1693 1191 1752 quem
1209 1693 1271 1734 nou

82 1768 212 1848 segniter
222 1770 374 1830 insecutus
385 1769 589 1841 hostis,totam
603 1770 663 1831 late
678 1769 839 1830 Bavariam
850 1768 1010 1842 infestavit,
1020 1769 1190 1849 injectoque
1200 1768 1271 1850 igne

83 1884 182 1945 pagos,
192 1865 306 1947 oppida
319 1886 355 1926 ae
368 1867 455 1927 urbes
468 1867 641 1940 exurendo;
656 1885 753 1926 sacras
765 1864 835 1925 Deo
843 1863 982 1944 divisque
993 1864 1272 1935 oedes‚mouasteria

83 1959 224 2034 virorum,
238 1963 490 2043 foeminarumque
504 1962 711 2024 Parthenones
733 1960 952 2042 depopulando,
968 1959 1136 2021 secerdotes
1151 1968 1183 2020 et
1201 1959 1271 2020 reli-

83 2055 178 2138 giosos
198 2058 343 2120 miserum
365 2059 397 2119 in
418 2059 542 2120 modum
563 2059 734 2128 mactando,
752 2058 821 2120 Deo
835 2057 958 2118 devotas
978 2055 1111 2138 virgines
1126 2054 1270 2139 sacrilege

84 2151 266 2228 insectando,
279 2155 402 2216 tandem
421 2155 607 2237 Iogolstadio
620 2175 739 2217 omnem
758 2155 923 2216 exercitum
938 2173 1027 2215 sunm
1044 2152 1194 2228 admovit3
1216 2153 1270 2234 qui

84 2257 153 2310 tunc
167 2251 328 2312 munitioni
342 2251 387 2312 illi
405 2270 475 2313 curu
495 2261 637 2333 potestate
651 2261 810 2332 preerant,
825 2251 905 2312 baud
919 2249 1047 2311 multum
1060 2249 1098 2309 ab
1111 2249 1195 2311 hoste
1209 2250 1270 2311 dis·

84 2347 237 2423 cedebant,
259 2349 309 2409 cui
328 2349 418 2411 etiam
436 2368 503 2411 eam
521 2348 713 2411 tradidissent
731 2349 814 2410 omni
832 2346 934 2410 bellici
950 2356 1109 2429 apperutus
1128 2347 1270 2409 munitio·

83 2462 189 2525 resque
200 2464 311 2528 genere
321 2446 591 2521 intructissimam‚
601 2446 660 2506 nisi
670 2444 797 2527 tempori
805 2443 1077 2505 fruuslidelioribue
1086 2443 1268 2524 quibusdam

85 2538 218 2602 Ducibus
232 2541 348 2603 detecta
363 2542 485 2617 iuimet3
508 2541 637 2624 conjecti
653 2551 725 2603 sunt
736 2543 768 2602 in
782 2540 904 2603 vincula
917 2540 1094 2622 proditores,
1108 2540 1269 2619 exquibus

83 2638 202 2715 quidam
227 2638 362 2700 Brussioe
386 2640 495 2702 Comes
519 2640 558 2700 de
581 2638 779 2714 Farensbacb,
804 2639 949 2719 quicum
974 2637 1078 2699 Suecis
1099 2636 1267 2698 colluserat.

85 2732 204 2796 hubas
215 2746 289 2798 tnnc
303 2734 418 2798 bostern
431 2736 470 2797 de
485 2735 562 2797 dolis
575 2736 711 2810 detectis,
726 2756 795 2797 oum
810 2736 879 2796 urbi
897 2736 959 2815 ipse
976 2733 1173 2815 approximat,
1187 2744 1268 2813 port·

84 2848 169 2910 toque
182 2832 323 2893 consulto
335 2842 469 2913 patentes
479 2831 657 2914 ingreditur,
667 2832 720 2893 sed
732 2851 800 2893 mon
807 2832 830 2892 d
838 2831 984 2912 disposito
992 2829 1165 2891 Caesariano
1174 2828 1268 2891 milite

84 2926 210 3008 quinque
223 2928 274 2990 vel
287 2949 340 2991 sex
353 2928 448 2989 millia
460 2928 592 3009 capitum
607 2928 650 2989 nil
664 2928 724 2989 tale
737 2928 924 3011 opinantium
938 2936 1121 2988 sternuntur.
1163 2925 1224 2987 Sed
1237 2936 1268 2988 et

82 3021 142 3102 ipse
161 3022 316 3087 Gustavns
335 3025 494 3107 Adolpbus
513 3026 678 3087 Succorum
698 3024 766 3086 Rex
781 3024 888 3106 capitis
904 3024 1071 3106 periculum
1090 3022 1174 3098 odiit,
1193 3022 1266 3084 dum

83 3118 158 3180 enirn
180 3121 318 3202 proprior
340 3123 444 3183 urbem
464 3122 574 3183 moenie
594 3122 775 3204 speculatur,
798 3122 905 3205 globus
926 3141 965 3182 ex
984 3121 1058 3181 urbe
1079 3120 1213 3195 libratus,
1234 3120 1267 3181 iu

83 3226 168 3297 capnt
188 3218 271 3298 equi,
293 3218 347 3299 qui
370 3217 486 3301 Regem
504 3218 641 3294 vehebat,
664 3218 851 3302 impingitur.
903 3217 973 3290 Quo
993 3217 1116 3297 quidem
1133 3215 1267 3298 periculo

83 3314 233 3393 perculsus
246 3313 369 3376 soluisse
381 3316 567 3377 obsidionem
582 3326 768 3395 quantocyus
780 3324 913 3396 putatur.

122 3408 190 3471 Hoc
222 3410 328 3471 eodem
362 3432 441 3473 anno
467 3411 716 3474 MDCXXXII.
745 3410 996 3473 Generalissimus
1026 3408 1265 3471 Cresmienarum

85 3506 244 3585 copiarum,
267 3508 540 3569 numerosissimum
562 3508 687 3571 militem
709 3508 740 3568 in
756 3527 897 3587 campum
919 3507 1033 3582 eduxit,
1055 3505 1267 3584 civitatemque

86 3599 266 3685 Pregenseru
290 3603 422 3685 Imperio
444 3605 588 3681 reddidit,
613 3606 704 3686 idque
726 3606 827 3666 biduo
846 3612 916 3665 aute
939 3602 1152 3677 Pentecosten
1172 3600 1267 3682 pubis

85 3696 149 3759 dein
169 3700 233 3762 tota
252 3699 400 3763 Bohemii
419 3701 575 3765 hostilibus
592 3702 697 3784 copiis,
710 3702 743 3765 in
763 3702 947 3784 superiorem
966 3698 1172 3763 Palatinatum
1183 3712 1266 3759 com·
