3225 4700
506 324 901 395 irruunsnruus.
1232 329 1288 393 ror
1324 297 1328 313 '

72 490 182 535 onem
205 480 358 558 coegerat,
374 477 555 559 ulteriusque
572 501 781 563 progressurus
797 491 879 556 eret3
901 501 970 543 cum
983 479 1054 543 verb
1072 480 1189 541 videret
1205 498 1289 560 mug-

75 592 166 631 num
180 573 250 633 suis
261 575 465 656 progressibus
478 596 588 656 ponere
601 577 849 657 impedimentum
863 576 1082 652 Fontembiem,
1092 576 1183 636 ermis
1196 575 1290 655 impe·

77 678 153 730 tere
168 680 204 731 et
218 690 391 752 expugnare
404 681 481 733 stere
495 673 606 735 statuit.
647 673 722 734 Toto
735 674 829 753 igitur
842 694 912 735 cnm
925 674 1067 747 exercitu,
1081 672 1164 733 omni
1176 672 1210 733 in
1222 691 1290 732 enm

81 786 155 827 rem
169 766 303 829 subsidii
315 788 424 849 genere
438 768 592 844 instructo,
607 770 761 831 civitatem
774 771 872 853 cingit
883 784 914 831 et
926 770 989 831 ucri
1000 769 1153 831 obsidione
1166 767 1287 848 premit,

83 883 190 943 eoque
206 864 274 943 jam
293 884 466 946 progressus
482 864 579 927 fueret
600 866 708 947 purtim
728 866 833 947 ignitis
854 866 1011 941 machinis,
1031 865 1140 946 purtim
1157 864 1287 925 militum
1389 887 1394 896 ⁸

85 956 257 1033 industrii,
272 968 306 1021 ut
319 961 546 1043 propugnacula
560 961 675 1043 aliquot
690 962 771 1023 certi
785 982 838 1043 spe
851 983 882 1023 se
895 962 1028 1024 obtinere
1041 970 1167 1043 putaret.
1208 960 1288 1021 Cum

83 1056 217 1116 veroid
239 1056 371 1138 Hispani
384 1057 532 1132 siderent,
547 1058 696 1139 probeque
714 1068 927 1141 cognoscerent
943 1068 1055 1138 quento
1074 1057 1108 1119 id
1120 1056 1212 1131 urbis,
1226 1056 1288 1116 imb

85 1152 186 1213 totius
204 1152 319 1213 Petrioe
332 1154 444 1215 demno
458 1153 594 1218 futurum
612 1163 696 1230 esset,
711 1154 850 1217 omnibus
863 1154 977 1215 viribus
992 1163 1097 1215 contre
1110 1153 1166 1214 uiti
1178 1161 1288 1213 sune·

87 1256 164 1311 runt
175 1270 185 1309 r
208 1250 263 1311 Ad
275 1250 443 1311 octodecim
453 1250 552 1331 itaque
565 1250 661 1311 millis
673 1250 851 1313 selectorum
860 1250 991 1311 militum
1004 1250 1035 1310 in
1051 1249 1180 1311 Frsncie
1191 1257 1290 1310 cestre

84 1345 241 1421 educunt,
255 1366 291 1407 ec
305 1346 431 1427 septimo
450 1346 634 1428 Septembris
651 1348 727 1422 (erut
741 1346 766 1410 is
780 1346 870 1407 Netoe
889 1346 1010 1409 Meum
1022 1346 1159 1428 Virginis
1176 1344 1288 1427 pridie·

89 1444 163 1518 nus)
177 1451 265 1503 tento
275 1441 389 1523 impetn
404 1442 520 1505 bostem
534 1442 581 1505 sui
595 1442 736 1524 propositi
750 1452 780 1503 et
796 1440 931 1504 stationis
945 1442 1168 1504 tenscissimum
1181 1462 1287 1525 eggre-

89 1538 233 1613 diuntur,
247 1547 282 1600 ut
294 1538 419 1601 confuso
431 1539 561 1620 primum
574 1540 721 1601 exercitus
729 1539 846 1613 ordine,
857 1547 921 1601 tum
931 1539 1033 1600 multis
1044 1540 1176 1601 militnm
1189 1539 1286 1613 caesis,

90 1656 163 1695 eum
179 1634 302 1695 tundem
312 1636 345 1696 in
357 1636 459 1717 iugum
470 1634 642 1697 effuderint.
674 1635 893 1717 Sempiternnm
903 1636 1024 1699 leudem
1033 1637 1132 1697 hocin
1142 1635 1288 1697 conflictu

91 1732 175 1807 tulit,
192 1731 324 1793 Senioris
342 1731 495 1811 Principis
513 1731 660 1796 Generosi
678 1732 818 1794 Parentis
836 1732 975 1805 Gondoei,
995 1752 1056 1792 uon
1074 1732 1229 1811 degeneris
1241 1752 1288 1793 so-

91 1828 173 1889 bolis
186 1827 278 1911 legio,
290 1848 358 1908 quse
371 1836 434 1889 tem
446 1828 562 1889 fortiter
575 1847 607 1889 se
621 1827 768 1909 Hisponis
780 1827 951 1909 opposuisse
965 1826 1088 1901 dicitur,
1102 1836 1137 1887 ut
1149 1827 1207 1887 nisi
1219 1826 1287 1888 uliae

92 1925 166 1987 dure
180 1924 339 2006 legiones,
354 1923 596 1986 Meillereidieue
606 1924 722 1987 scilicet
735 1933 766 1986 et
775 1924 880 2000 eltern,
894 1923 1037 2003 quamde
1051 1941 1161 1984 corone
1173 1922 1285 1983 vocite-

93 2022 178 2097 buut,
193 2022 226 2083 iu
239 2020 344 2104 fugem
357 2021 509 2094 ebiisseut,
517 2020 610 2083 dubio
621 2017 726 2101 procul
736 2020 821 2081 irrito
830 2030 940 2082 conntu
954 2040 1014 2081 non
1028 2019 1093 2081 sins
1105 2018 1201 2080 multo
1213 2019 1287 2081 His-

93 2136 244 2198 penorum
260 2117 406 2199 sunguine
423 2118 624 2179 recedendum
642 2115 756 2179 fuisset.
800 2116 871 2177 Hoc
885 2116 918 2175 in
929 2118 1092 2199 congressu
1103 2116 1143 2177 ud
1158 2115 1287 2197 quadre-

95 2214 182 2295 gintn
192 2213 301 2275 Franci
315 2212 429 2275 nobiles
443 2213 586 2275 occidisse
600 2213 752 2275 dicuntur.
793 2212 1045 2293 Arcbiepiscopus
1056 2212 1288 2296 Burdegulensis

96 2320 127 2374 et
141 2308 308 2393 Episcopus
322 2308 506 2374 Arelatensis
525 2310 591 2391 (qui
605 2309 711 2374 melium
728 2308 845 2372 oslemo
858 2318 889 2371 et
901 2308 1039 2390 precibus
1051 2318 1156 2373 contre
1167 2310 1287 2392 spiritu·

96 2407 158 2469 eles
169 2407 267 2470 bostes
280 2405 426 2469 Ecclesioe
438 2408 634 2488 pugnassent)
647 2408 727 2488 egre
740 2404 817 2468 salsi
829 2418 996 2468 eraserunt.
1030 2406 1181 2469 Condaeus
1195 2407 1288 2468 Prin·

97 2525 168 2586 ceps
180 2505 228 2567 vir
240 2503 378 2566 militsris
390 2512 422 2564 et
438 2503 469 2564 iu
484 2503 587 2585 pugni
604 2502 661 2565 bic
676 2503 801 2584 primus,
817 2523 894 2583 equo
909 2503 1037 2564 fluvium
1050 2505 1191 2576 tranavit,
1205 2523 1241 2564 nc
1254 2524 1287 2565 se

98 2602 241 2666 unicum
254 2599 417 2662 Cerdintde
431 2599 471 2662 de
487 2599 517 2660 le
529 2599 657 2675 Velette,
672 2598 791 2662 Comite
809 2599 1000 2673 Grsmmont,
1016 2599 1193 2661 Moschione
1205 2599 1288 2663 dele

99 2698 202 2773 Fores,
218 2695 396 2758 Murcbioue
409 2695 447 2756 de
462 2695 572 2770 Gente,
585 2694 710 2774 aliisque
725 2695 873 2776 Bejcnem
887 2696 1017 2757 retruxit
1060 2695 1237 2758 Occubuere
1249 2717 1287 2758 ex

100 2793 243 2856 militibus
255 2792 338 2854 mille
351 2791 509 2874 quingenti
522 2791 651 2866 circiter,
667 2789 826 2873 quingenti
838 2792 928 2872 cepti,
942 2802 1088 2854 tormento
1103 2793 1211 2854 bellice
1223 2813 1287 2855 me·

96 2893 164 2972 juro
176 2890 299 2972 triginta
311 2897 435 2970 septem,
443 2887 603 2968 omnisque
613 2887 839 2967 impedimento,
851 2887 928 2948 inter
940 2908 1008 2967 quae
1021 2908 1125 2950 currus
1133 2889 1288 2971 ipsiusmet

102 2986 226 3050 Gondtei
242 2985 396 3067 Principis
411 2992 535 3068 urgento
550 2984 696 3062 rebusque
716 2982 858 3064 preciosis
873 3004 989 3064 gresen
1007 2984 1049 3045 ed
1065 2985 1288 3067 quadringente

103 3093 305 3148 norouetorum
316 3081 413 3142 millis
421 3081 559 3142 sestimeti
569 3079 678 3142 nostris
691 3079 796 3140 relicte
804 3088 885 3142 sunt.
919 3079 1040 3161 Captivi
1049 3091 1161 3162 postes,
1173 3082 1213 3148 eb
1226 3083 1288 3145 Rc-

103 3186 177 3264 gum'
189 3177 404 3240 humanissimo
426 3177 582 3258 Philippo,
600 3195 704 3238 omnes
724 3175 755 3236 in
775 3175 932 3257 pristinem
951 3175 1118 3238 libertatem
1135 3177 1201 3240 sine
1217 3178 1288 3240 lituo

104 3276 226 3338 mutnti
239 3283 320 3350 sunt,
335 3283 370 3334 ut
383 3273 513 3354 primum
523 3273 561 3334 de
576 3273 716 3353 Principe
731 3271 812 3352 Regi
822 3270 958 3332 Franciae
968 3291 1071 3334 recens
1084 3284 1155 3335 neto
1167 3275 1199 3334 in
1215 3274 1289 3336 His·

104 3371 196 3456 psuiis
207 3371 345 3432 auditum
357 3378 412 3430 est.

145 3467 249 3529 Plures
267 3467 389 3527 iuterim
408 3465 551 3547 legiones,
566 3465 605 3528 de
619 3466 729 3526 nocuis
747 3463 779 3524 in
799 3463 980 3524 Pomernuii
997 3475 1091 3542 sexto,
1109 3467 1246 3548 septimo,
1260 3476 1290 3527 et

105 3574 205 3625 octnvo
226 3562 344 3643 Aprilis
362 3563 537 3622 mundatum
554 3571 735 3644 occeperunt
753 3560 927 3622 transeundi
949 3560 1074 3623 Albim:
1101 3565 1205 3624 eodem
1227 3563 1289 3622 fere

108 3671 231 3741 tempore
247 3657 444 3720 invictissimi
456 3658 648 3740 Imperatoris
659 3659 752 3720 nostri
762 3657 948 3719 Ferdinnndi
960 3657 1027 3718 111.
1038 3658 1168 3739 Conjux,
1181 3678 1289 3739 magno
