3225 4700
483 294 508 360 1
513 295 570 361 TI
576 295 787 364 NERARI
795 297 881 363 ΠΜ.
1222 304 1281 367 125

120 449 242 509 Fames
254 448 343 527 porrb
356 456 418 508 tum
431 446 615 511 incredibilis
627 449 695 524 suit,
709 459 744 510 ut
753 450 914 511 difficulter
923 450 1051 511 describi
1067 460 1166 531 queat.
1191 451 1281 514 Certi

63 544 176 605 nulls
186 564 321 624 unquam
334 544 366 603 in
379 544 509 624 antiquis
521 552 552 605 et
564 546 731 607 recentibus
742 545 872 606 historiis
879 546 985 607 saevior
992 557 1093 608 notete
1102 556 1155 609 est.
1179 549 1216 608 ln
1225 548 1281 611 hec

64 641 246 702 obsidione
263 660 324 700 uno
342 640 391 700 die
411 649 479 700 octo
494 641 579 720 pueri
593 641 701 722 perditi
713 649 793 716 sunt,
806 642 849 702 itu
862 652 896 702 ut
909 662 1062 723 nunquam
1074 653 1141 724 post
1153 643 1208 705 hec
1222 644 1282 707 sint

67 738 160 813 visi,
168 745 308 797 constans
317 736 397 796 inme
412 746 443 796 et
459 736 620 816 probabilis
637 737 767 817 suspicio
779 737 847 811 fuit,
864 758 913 799 eos
930 740 969 798 ud
979 739 1126 799 lanienam
1136 749 1165 801 et
1180 741 1280 801 cibum

67 831 247 893 hominum
254 841 364 913 reptos.
386 832 502 893 Mortui
509 832 907 912 triduaniqusdridusnique
915 832 994 894 terrie
1001 833 1105 895 effossi
1114 835 1189 896 eruti
1200 846 1279 906 sunt,

69 938 110 989 et
127 928 166 987 in
179 928 287 989 fruens
302 927 421 989 dissecti
435 937 465 989 et
478 928 510 988 in
528 928 630 1009 epulus
651 929 786 1010 appositi.
822 929 939 990 Milites
946 930 999 1009 qui
1006 929 1044 988 ob
1052 929 1200 991 delictein
1216 934 1279 994 vin·

69 1024 167 1085 culis
183 1026 322 1107 egebunt,
335 1024 414 1085 sume
433 1024 629 1105 compellente
642 1025 784 1086 cdceme
802 1024 915 1106 pariete
926 1023 1062 1084 avulsum
1075 1026 1277 1091 comederunt.

72 1120 151 1181 Sed
161 1140 219 1181 nec
231 1121 310 1181 ieme
323 1120 540 1182 tabescentibus
552 1140 684 1201 parsum,
698 1140 773 1199 quos
784 1120 884 1194 eride,
899 1138 936 1179 ne
949 1118 1041 1180 simili
1050 1120 1129 1181 mulo
1137 1122 1278 1202 perirent,

70 1217 166 1277 socii
182 1216 353 1296 conceptivi
372 1215 563 1277 deverierunt.
607 1215 669 1276 Vix
687 1215 800 1277 ultimis
817 1214 1042 1278 hebdomatibus
1057 1214 1120 1275 ulle
1136 1218 1279 1296 preteriit

70 1332 159 1385 nox,
172 1312 247 1393 quin
261 1314 366 1375 decem
379 1312 412 1372 in
419 1311 548 1393 publicis
555 1312 630 1374 vicis
639 1312 718 1373 ieme
724 1312 848 1373 extincti
856 1312 1065 1394 reperirentur.
1085 1311 1279 1374 Vendebstur

72 1410 211 1471 modius
224 1408 353 1491 siliginis
372 1408 571 1489 quadraginta
590 1409 712 1469 omnino
732 1407 853 1471 florenis
863 1431 872 1484 ;
898 1408 1026 1480 Hordei,
1043 1408 1277 1488 quatuordecim,

72 1524 205 1577 evenoe,
217 1504 378 1565 duodecim
392 1503 605 1584 imperialibus.
645 1504 769 1564 Modius
781 1504 912 1585 pisorum
925 1506 1019 1566 stabat
1029 1525 1137 1566 novem
1145 1504 1276 1581 florenis,

72 1600 209 1661 modius
220 1599 308 1660 furris
323 1600 428 1660 mistus
443 1600 537 1660 tribus
552 1599 702 1687 furfurum
716 1599 824 1660 modiis
845 1608 961 1679 emptus
974 1608 1018 1660 est
1030 1611 1152 1661 centum
1168 1602 1278 1683 viginti

72 1695 221 1757 florenis.
269 1695 344 1756 Vini
364 1716 503 1756 mensura
522 1696 612 1756 unice
628 1703 659 1756 et
677 1695 762 1775 punis
779 1694 871 1754 trium
892 1694 1047 1767 librarum,
1063 1714 1153 1756 aureo
1168 1698 1277 1758 annulo

73 1812 162 1853 cnm
174 1792 340 1873 Mmgeriti
352 1792 486 1872 preciosi
498 1812 587 1871 quem
599 1792 787 1853 adamantem
795 1791 939 1851 vocitent.
988 1789 1063 1860 Quis
1075 1789 1142 1851 haec
1154 1792 1278 1853 credsti

75 1888 153 1949 Sed
171 1890 286 1969 majore
302 1887 419 1948 offerro.
452 1888 581 1968 ‚Butyri
597 1888 675 1948 libre
689 1896 818 1965 quatuor
834 1885 955 1947 florenis
971 1885 1186 1963 aestimabatur,
1200 1883 1277 1947 lardi

74 1985 209 2045 duobus
221 1993 252 2045 et
263 1985 363 2046 medio
374 1984 514 2058 florenis3
535 1984 614 2058 selis,
627 1984 742 2044 floreno
754 2003 834 2058 uuo;
857 1982 945 2058 cessi,
961 1982 1059 2062 sesqui
1074 1980 1207 2057 floreno;
1224 2001 1277 2062 po-

76 2100 174 2141 mum
188 2100 249 2141 non
260 2080 423 2141 admodum
436 2081 562 2161 grande,
570 2080 697 2140 dimidio
704 2080 838 2153 floren03
853 2078 1018 2153 cucurbita,
1026 2086 1138 2158 septem
1145 2076 1276 2138 florenis.

78 2176 183 2236 Libra
190 2195 251 2237 unu
257 2176 374 2256 equinae
381 2176 480 2236 cernis
487 2176 586 2237 medio
592 2174 720 2249 floreno;
729 2183 836 2255 quarte
843 2194 910 2256 pers
917 2173 1010 2249 cenis,
1017 2184 1130 2253 septem
1138 2172 1275 2247 florenis;

80 2272 193 2333 Glires
213 2271 335 2355 singuli,
358 2270 485 2354 singulis
496 2272 637 2347 florenis3
659 2271 795 2332 ritulinae
809 2270 924 2331 exuviae
937 2269 1063 2352 singulm
1077 2269 1208 2349 quinque
1221 2269 1277 2330 flo-

78 2371 170 2430 renis
186 2389 247 2430 nou
264 2370 364 2430 minus
376 2377 485 2449 emptae
498 2376 577 2430 suut.
621 2368 682 2429 Sed
695 2368 770 2448 quid
786 2366 834 2428 his
844 2378 905 2428 tum
915 2367 1048 2428 tristibus
1057 2365 1217 2426 immoror?
1237 2365 1276 2426 sd

79 2466 149 2527 ulia
160 2466 398 2547 progrediemur.

125 2562 264 2624 Obtenti
276 2561 413 2637 victorii,
426 2571 457 2624 et
465 2560 587 2642 ecceptd
596 2561 628 2621 in
642 2561 825 2622 deditionem
839 2561 922 2634 urbe,
947 2567 1106 2639 postquem
1116 2555 1277 2638 magnifice

82 2668 152 2719 tum
167 2657 285 2722 Brisaei
299 2678 390 2739 quem
402 2659 435 2719 in
449 2657 560 2719 Galliis
572 2656 787 2738 triumphatum
804 2665 858 2728 est,
879 2655 976 2716 omnis
993 2653 1141 2736 cogitatio⁴
1150 2661 1180 2713 et
1193 2652 1277 2714 labor

80 2753 116 2815 in
136 2754 172 2815 id
189 2753 336 2830 incubuit,
356 2763 390 2814 ut
398 2754 557 2815 sufficienti
577 2761 744 2814 commeatu
761 2752 811 2813 hic
831 2753 913 2813 locus
934 2752 1110 2824 muniretur,
1125 2748 1278 2827 multaque
1398 2757 1402 2766 '

82 2871 160 2912 mox
172 2849 268 2910 millis
280 2871 423 2912 curruum
436 2850 586 2912 frumento
600 2858 774 2910 onustorum
785 2849 819 2909 in
832 2850 937 2910 urbem
951 2847 1033 2908 illete
1041 2853 1121 2919 sunt,
1140 2844 1181 2905 ite
1196 2854 1229 2904 ut
1245 2845 1277 2906 in

81 2946 200 3008 multos
212 2967 306 3008 ennos
318 2956 502 3009 commestus
514 2946 671 3008 sufficeret.

126 3043 281 3124 Impsusae
304 3044 337 3103 in
354 3043 432 3104 hunc
449 3043 634 3104 obsidionem
652 3040 815 3114 collocate,
834 3040 874 3101 ed
891 3040 1031 3102 undecies
1042 3049 1167 3101 centens
1184 3040 1279 3102 millis

82 3138 291 3220 imperialium
305 3141 499 3201 aestimsntur.
516 3195 519 3200 .
542 3137 659 3199 Milites
678 3137 750 3198 verb
768 3137 821 3216 qui
838 3137 987 3216 utrimque
1000 3135 1208 3216 quadrimestri
1220 3137 1277 3198 hec

83 3235 245 3296 obsidione
266 3235 451 3303 cecideruut,
472 3234 638 3297 octodecim
654 3232 749 3294 millia
764 3232 923 3294 excessisse
942 3232 1094 3293 dicuntur.
1143 3232 1222 3294 Hsee
1239 3233 1277 3294 de

84 3331 227 3406 Briseco,
241 3333 282 3393 sd
294 3333 353 3393 slis
365 3332 438 3394 alibi
451 3339 535 3413 geste
546 3340 740 3392 bunsesmus.

139 3426 204 3488 Sub
220 3427 398 3490 vicesimum
412 3427 579 3490 secundum
598 3425 787 3499 Decembris,
805 3422 985 3503 Imperetrix
994 3422 1074 3484 felici
1084 3433 1172 3505 pertu
1180 3424 1277 3486 lilium

85 3523 266 3604 Principem
279 3525 368 3586 enixe
380 3533 434 3597 est,
447 3543 536 3604 quem
549 3522 692 3604 appellari
704 3520 800 3582 voluit
814 3518 1059 3581 Maximilianum
1071 3519 1226 3581 Thomem.

128 3619 236 3681 Nostri
250 3620 369 3702 interim
383 3621 493 3682 milites
506 3622 558 3699 qui
571 3619 604 3680 in
617 3617 803 3700 Westphslid
817 3627 847 3678 et
860 3615 974 3678 circum
988 3616 1069 3678 circs
1078 3617 1279 3690 morabantur,
