3225 4700
485 353 895 425 JTJNERARIUM.
1226 354 1287 419 221

90 510 345 595 segregationem,
368 532 468 576 meum
491 533 553 576 non
573 522 618 577 est
638 512 697 576 boe
720 512 788 575 looo
811 510 948 594 pluribus
975 502 1152 593 moepare,
1173 516 1291 590 tempus

89 608 197 670 omnia
209 609 324 691 aperiet
336 628 427 691 quam
440 620 521 674 rente
533 630 625 692 quam
635 610 738 691 inique
751 608 878 690 quisque
891 606 997 689 egerit.
1039 605 1107 668 Nae
1115 614 1204 668 antea
1216 605 1290 668 dum

90 704 269 785 conjunctis
284 724 355 768 eum
370 706 499 789 imperio
516 706 630 769 viribus
643 712 839 788 pugnaretur,
853 722 928 785 opus
940 711 1004 765 erat
1016 702 1164 785 ejusmodi
1176 710 1289 784 protes·

88 800 267 863 talionibus.
308 802 361 863 Ad
380 821 427 864 ma
444 802 529 884 quod
545 802 652 865 attinet
664 802 754 883 juxta
775 798 886 862 belliue
905 798 1043 862 instituta
1062 798 1203 880 posthae
1219 820 1289 861 enm

90 894 286 960 Exoelleotia
297 916 361 974 sna,
375 908 407 961 et
419 918 489 961 oum
505 897 570 960 istis
582 896 721 959 domibus
731 914 784 958 aen
793 895 914 957 illarum
924 895 1079 978 copiarum
1090 895 1300 959 Generalibus*

89 1000 223 1055 traotare
236 1014 292 1077 pro
304 1012 393 1076 oequo
405 1001 436 1057 st
448 995 528 1056 bono
540 1012 601 1055 nou
616 992 825 1055 intermittam.

134 1089 263 1151 Domini
285 1089 414 1153 Comitis
435 1090 475 1152 de
497 1088 609 1151 iloditu
629 1086 778 1164 officiarii,
800 1086 914 1167 aliique
937 1086 977 1148 da
1003 1086 1069 1169 ejus
1091 1087 1207 1151 familia
1226 1110 1288 1153 non

89 1184 321 1260 detinebuntur,
334 1186 389 1249 sed
402 1196 436 1248 nt
449 1184 580 1267 primum
594 1184 654 1247 buo
668 1183 806 1247 venerint
818 1183 859 1245 ad
871 1193 971 1245 vestra
983 1192 1080 1245 eastra
1087 1186 1290 1249 transmitten-

89 1292 155 1360 tur,
177 1292 262 1345 extra
283 1282 483 1366 capitaneum
503 1281 768 1356 locumtenentem,
784 1280 825 1343 (le
845 1299 906 1361 qno
920 1280 988 1362 jam
1008 1300 1072 1343 snae
1094 1279 1290 1343 Exoeilmtioe

89 1378 215 1442 abunde
227 1379 375 1442 constabit
388 1377 538 1460 quomodo
550 1378 617 1461 ejus
628 1398 661 1441 se
670 1397 719 1440 res
728 1376 868 1451 habeant,
878 1395 964 1458 spero
973 1397 1059 1440 suam
1070 1375 1290 1439 Excellentiam

90 1474 210 1537 nullam
227 1476 260 1537 in
278 1474 337 1538 boo
355 1476 395 1538 de
412 1475 510 1558 eapite
528 1476 593 1559 ejus
610 1492 751 1557 praeessu
774 1471 963 1553 iniquitatem
984 1484 1181 1557 reperturam.
1221 1474 1291 1537 Neo

91 1571 217 1635 Nobilio
232 1572 256 1636 J
257 1572 373 1649 uronis,
394 1571 487 1655 Sparr
504 1572 615 1647 dietus,
635 1568 813 1634 retinebitur
828 1567 848 1629 a
864 1568 961 1644 nobis,
979 1570 1006 1631 si
1025 1571 1148 1652 quidem
1168 1570 1291 1636 iainter

90 1687 177 1730 meos
190 1668 331 1751 supersit,
346 1668 385 1731 de
397 1687 460 1750 quo
472 1667 586 1749 inquiri
598 1665 717 1729 faniam.

132 1764 288 1828 (laterum
299 1763 389 1846 plane
401 1774 526 1827 autumo
537 1763 709 1826 hesternum
720 1762 849 1825 lvestra
858 1761 1096 1826 Excellentiaad
1105 1784 1154 1826 ms
1163 1765 1288 1828 missum

90 1860 273 1923 'lbrbieinem
289 1882 376 1924 suam
393 1860 575 1943 legationem
588 1878 649 1922 nou
662 1860 734 1923 satie
747 1858 925 1942 peremisse,
935 1858 1179 1942 quandoquidem
1190 1872 1291 1924 vestm

94 1955 285 2019 Exoellentia
293 1966 353 2019 tam
368 1956 495 2018 diversis
507 1964 630 2039 nmque
642 1956 719 2018 bene
732 1955 887 2018 nannetis
898 1954 1077 2018 exercitibus
1089 1964 1240 2033 auotaeat,
1251 1978 1290 2020 ex

92 2072 155 2134 quo
173 2052 263 2115 facile
276 2052 373 2115 rideri
392 2060 519 2134 poterat,
533 2072 582 2115 me
600 2052 672 2116 solis
684 2052 831 2117 Gnsmeis
843 2051 945 2135 oopiia·
954 2051 1045 2135 longe
1057 2050 1239 2123 inferiorem,
1252 2075 1290 2116 ex

93 2148 159 2213 loeo
173 2147 279 2211 tutiori
293 2147 421 2211 sedendi
431 2148 547 2211 nullam
559 2148 696 2211 babuisse
706 2168 845 2212 oanmmz
866 2148 1093 2232 quodsitumsu
1105 2169 1168 2211 snae
1181 2149 1291 2213 Excel-

93 2243 195 2307 lentiae
211 2243 311 2306 adhue
327 2242 454 2305 biduum
467 2245 567 2326 quoad
581 2245 740 2311 Bavarioae
752 2246 848 2329 oopioe
863 2265 934 2309 cum
947 2245 1056 2307 nostris
1070 2264 1103 2307 se
1117 2248 1290 2330 oonJ‘nnxis·

95 2350 172 2418 sent,
199 2348 357 2423 expeetm
383 2338 528 2418 libuisset
553 2362 613 2405 non
640 2342 801 2406 defuissem
826 2342 935 2425 utique
951 2342 1027 2405 meis
1048 2342 1183 2425 partibus
1203 2345 1290 2408 robis

94 2437 298 2521 oompurendi,
322 2437 407 2518 quod
427 2436 524 2521 ipsum
547 2438 669 2503 fortuna
691 2449 722 2502 et
742 2449 861 2522 tempus
883 2438 984 2502 adbuc
1005 2438 1066 2502 alio
1086 2440 1120 2501 iu
1143 2441 1211 2504 looo
1233 2464 1290 2525 pro

95 2534 320 2616 opportunitate
332 2533 425 2596 dabit.
455 2533 548 2607 Quod
561 2535 695 2617 responsi
707 2535 774 2598 loeo
786 2555 872 2598 suam
887 2535 1106 2599 Exoeilentiam
1117 2537 1214 2601 celare
1227 2559 1289 2601 non

93 2628 191 2703 volui,
206 2627 329 2692 Divina
344 2627 531 2692 Proteetioni
544 2632 627 2693 omni
640 2651 678 2693 ex
690 2642 774 2713 parte
787 2651 843 2694 nos
859 2632 1084 2695 oommendaua.
1126 2633 1243 2697 Datum
1255 2636 1288 2697 iu

95 2724 213 2789 Castris
226 2724 354 2789 Cauris
367 2726 408 2789 ad
421 2725 617 2790 saalfeldiam
633 2730 681 2790 13.
694 2728 784 2792 Junii
798 2730 863 2790 An.
880 2731 969 2791 1640.
1138 2773 1145 2781 -

736 2827 844 2888 Vestra
857 2826 1051 2888 ascelinae
1063 2827 1171 2888 Sernes

1044 2922 1247 2986 Psoororsrrrr.

613 3026 768 3112 cosm,

95 3165 278 3224 litterarum
295 3164 687 3228 Generalis-losantanas&
700 3166 970 3246 Lanebarpeasium
987 3169 1145 3245 Copioram
1162 3172 1288 3231 Joouaia

317 3261 460 3340 (lamonia
473 3262 610 3344 Ktitzinp
623 3264 665 3324 od
681 3263 821 3324 &mitem
836 3264 1070 3325 Pioaloma'aiam.

96 3385 284 3451 Perillustris
296 3387 406 3453 Comes
420 3390 568 3473 imprimis
580 3391 910 3552 ogserranZDomiue
921 3391 1078 3456 Generalis
1088 3393 1288 3459 Muresoballe

622 3489 715 3570 ampi,
776 3532 785 3549 .

98 3595 343 3751 LIl'l'ERAE
354 3607 462 3662 vestrae
480 3599 675 3712 Expellantioe
691 3621 767 3683 quaa
784 3603 825 3665 ad
842 3601 938 3686 Regia
959 3601 1086 3666 Suebiae.
1127 3603 1287 3667 Generalis

180 3692 374 3758 Maresoballi
383 3695 600 3759 Excellentram
608 3697 632 3760 J
633 3699 946 3762 oannemBannirium
955 3700 1046 3777 misit,
1056 3701 1141 3764 nobis
1150 3701 1285 3784 legenda)
