3225 4700
347 328 414 395 208
745 320 1143 389 ITINERARIUM.

386 478 507 540 Interea
520 475 571 537 vix
584 474 750 556 quidquam
768 471 898 555 intelligi
919 481 1037 554 poterat
1056 494 1094 535 cx
1108 474 1156 548 iis,
1169 492 1237 555 qua
1254 481 1339 535 tam
1360 468 1595 553 frequentibn

344 572 550 635 Conveutibns
577 572 785 652 Norimbergae
808 568 1052 631 consultabantor
1075 580 1128 631 aut
1149 571 1480 631 concludebantur:
1514 568 1595 647 quod

342 669 444 730 multis
459 668 623 731 admodum
636 667 826 750 probabatur.
868 665 1116 746 Dicebantnrque
1132 687 1236 728 omnes
1255 665 1326 747 qui
1346 664 1395 725 ad
1416 665 1595 726 secretiora

340 764 889 838 consiliaadhibebantur‚sacramento
898 762 1116 823 sesuhinitimn
1123 763 1213 843 primi
1223 782 1416 823 consessus
1425 762 1595 821 obstrinx-

339 862 406 937 isse,
422 871 456 923 ut
469 862 618 942 quidquid
632 872 731 922 actum
745 870 823 920 esset
832 860 864 919 in
874 859 990 919 arcanis
999 858 1207 920 collationibus
1216 878 1329 938 quam
1341 857 1590 919 studiosissime

338 957 447 1041 vulgus
460 957 592 1038 aliosque
605 958 657 1038 qui
672 958 710 1018 ad
720 957 913 1018 consilianon
922 958 1166 1030 admittebantur,
1176 956 1361 1028 celaretur,
1370 956 1588 1037 quodipsnm

334 1054 536 1129 juramentum
556 1052 683 1135 singulis
695 1053 864 1134 quibusque
877 1053 1075 1115 conventibus
1087 1054 1119 1114 in
1134 1053 1331 1115 memoriam
1348 1053 1415 1114 toti
1433 1051 1585 1133 collegio

337 1149 549 1212 Consultorum
564 1148 768 1211 revocabatur.
793 1149 903 1229 Itaque
915 1148 960 1209 nil
972 1150 1138 1231 quidquam
1152 1149 1259 1211 resciri
1278 1158 1421 1231 poterat
1435 1148 1503 1209 nisi
1517 1148 1583 1209 sola

334 1247 496 1329 propositio
509 1265 599 1327 anper
610 1265 672 1325 qua
680 1245 839 1327 conscripti
852 1245 1246 1328 Patresdeliberarentquae
1260 1244 1404 1307 hissera
1414 1244 1578 1327 capitibus

333 1344 518 1406 subsistebat.

375 1440 404 1501 I.
426 1438 497 1511 Qua
510 1436 623 1499 ratione
634 1438 780 1519 quibusve
794 1438 890 1501 modis
901 1439 1026 1501 Sacrum
1037 1440 1210 1502 Romanum
1220 1439 1420 1520 Imperium
1432 1439 1476 1501 ad
1484 1438 1567 1520 pris-

332 1536 425 1597 tinam
439 1542 469 1596 et
481 1542 665 1596 constantem
680 1534 793 1597 Pacem
808 1536 942 1597 revocari
955 1546 1063 1617 posset.

373 1630 418 1691 ΙΙ.
441 1630 510 1702 Qua
520 1629 569 1691 via
578 1631 669 1693 Suaci
682 1652 719 1693 ax
732 1632 892 1714 precipuis
901 1632 1118 1721 munitionibus
1126 1632 1291 1715 abigendi,
1302 1641 1339 1695 et
1348 1633 1557 1715 imposterum

329 1725 452 1787 meandi
465 1735 571 1787 essent.

369 1822 436 1882 III.
459 1820 612 1893 Quoniam
629 1822 686 1885 hoc
705 1843 805 1884 rarum
822 1832 901 1885 statu
914 1824 1014 1887 media
1026 1825 1199 1908 pecuniaria
1210 1824 1354 1887 omnino
1368 1823 1550 1895 deficerent,

327 1939 388 1999 qno
403 1917 463 1979 alio
479 1918 579 1979 medio
597 1919 701 1981 Snacis
719 1940 755 1981 ac
772 1920 921 2001 imprimis
942 1922 1213 2005 Brandenbnrgico
1233 1922 1386 1983 Electori
1404 1918 1550 1982 satisfieri

325 2015 365 2076 ad
378 2013 498 2076 interim
512 2022 618 2094 posset.

366 2109 517 2191 Scriptum
530 2108 627 2171 fuerat
640 2111 839 2173 sabinensem
854 2111 1052 2175 Februarium
1064 2114 1082 2175 d
1093 2114 1304 2197 congregatis
1319 2114 1544 2195 Norimbargae

327 2204 457 2287 Legatis,
472 2203 512 2265 ad
527 2204 623 2267 varios
638 2204 767 2267 Romani
787 2207 911 2288 imperii
927 2207 1097 2292 Principes,
1116 2219 1147 2272 et
1163 2211 1245 2272 inter
1263 2220 1400 2273 caeteros
1416 2228 1539 2292 qnoque
1593 2236 1594 2251 π

323 2302 362 2364 ad
382 2300 603 2382 Landgraviam
630 2302 759 2380 Hessius,
780 2305 821 2366 ad
838 2324 888 2366 aas
905 2304 1020 2368 litteras
1042 2306 1114 2370 inde
1133 2308 1222 2370 avide
1243 2309 1475 2391 expectabatur
1492 2326 1537 2367 re-
1593 2299 1594 2312 ¹

323 2417 474 2480 sponsum,
488 2398 542 2460 sed
556 2399 594 2460 de
607 2400 657 2462 die
671 2401 701 2462 in
716 2401 795 2463 diem
815 2421 875 2462 non
892 2401 957 2463 sine
978 2402 1159 2486 legatorum
1180 2405 1390 2468 admiratione
1412 2403 1534 2466 differe·

321 2495 418 2566 batur,
433 2493 533 2574 quoad
547 2494 669 2558 demum
681 2517 782 2560 mense
796 2497 911 2559 Martio
925 2497 1119 2583 Principissae
1132 2501 1242 2564 litteras
1256 2501 1315 2586 huj
1320 2523 1356 2565 ns
1369 2501 1434 2564 l'ere
1448 2511 1532 2563 teuc·

321 2591 363 2651 ris
375 2589 472 2652 allatas
486 2599 566 2654 sunt.
