3225 4700
349 331 413 395 ‘266
741 323 1146 394 ITINERARIUM.

352 482 411 543 nisi
427 479 491 542 dux
508 481 635 542 nimlum
653 489 760 542 mutus
777 481 948 543 retraxisset
963 478 1215 563 indignabundus,
1234 478 1316 540 sorte
1333 477 1410 560 quis
1424 478 1539 558 spenbu

353 577 416 639 iore
435 584 469 638 nt
487 576 567 639 ultro
585 577 769 640 deditionem
790 577 935 650 iacerent,
956 578 1034 640 forte
1052 577 1126 658 quis
1145 576 1270 638 nolebat
1290 584 1357 636 turn
1378 573 1540 635 nobilemet

353 673 477 734 cherum
496 689 619 735 snorum
638 673 769 735 militum
787 674 966 756 sanguinem
987 674 1132 736 funderet
1165 673 1293 734 Interea
1312 679 1345 734 ot
1362 671 1386 733 ii
1405 671 1458 752 qni
1477 671 1539 731 iutn

351 769 464 832 moeuiu
478 779 573 846 erent,
586 787 678 850 seque
686 771 752 850 jum
765 771 805 832 ad
818 791 919 832 eroem
931 769 1015 832 velut
1032 769 1173 832 ultimum
1189 768 1315 850 asylum
1331 767 1479 830 revehere
1492 787 1539 828 ou·

352 875 470 948 perant,
485 867 547 927 imo
564 867 702 929 obtestati
720 868 840 930 fuerunt
850 867 952 929 virum
969 866 1153 949 religiosum,
1168 875 1200 927 ut
1215 887 1274 926 suo
1285 864 1464 926 auctoritate
1476 884 1540 924 oon·

354 964 445 1025 modu
458 973 546 1045 pactu
564 964 647 1045 opud
664 963 837 1047 Hispanum
858 964 1040 1045 impetraret,
1060 963 1183 1046 ignavia
1199 961 1410 1024 obsidentium
1425 961 1486 1020 vise
1500 961 1540 1019 ob·

353 1067 528 1122 struxerunt
539 1069 632 1122 noctu
647 1061 731 1140 qnod
743 1059 878 1121 interdiu
894 1059 1056 1140 disjectum
1072 1059 1186 1130 suetan
1210 1069 1242 1120 et
1256 1059 1394 1120 Roseeni
1405 1059 1456 1137 qui
1469 1057 1539 1116 Frid·

354 1153 455 1239 bergen
472 1157 513 1217 ed
530 1156 591 1218 huo
609 1155 818 1228 subsistebant,
837 1175 892 1238 pro
908 1154 1057 1218 solutione
1077 1156 1244 1218 obsidionis
1263 1155 1453 1217 advenerunt
1468 1152 1538 1231 sqnt

354 1253 462 1315 validis
479 1253 571 1314 ermis
588 1271 680 1334 quem
695 1253 817 1328 animis,
833 1253 872 1314 ed
889 1273 1019 1334 quorum
1037 1261 1234 1334 conspectum
1255 1249 1392 1333 Hispani
1407 1270 1473 1310 mox
1489 1247 1538 1308 col·

353 1348 447 1421 lectis,
464 1359 499 1411 ut
517 1359 653 1431 poterant
671 1349 780 1430 punico
794 1369 886 1432 prope
902 1359 988 1411 metu
1004 1349 1179 1428 exanimati,
1199 1348 1295 1420 nnsis,
1316 1345 1464 1408 curriculo
1480 1343 1539 1404 inde

353 1445 561 1527 profugerunt,
570 1445 680 1506 relictis
691 1457 758 1527 post
767 1465 799 1507 se
812 1445 950 1507 omnibus
960 1445 1116 1506 tormentis
1127 1445 1255 1516 bellicis,
1263 1445 1377 1525 quibus
1389 1441 1472 1524 penio
1480 1449 1537 1500 ente

353 1542 465 1603 moeuie
481 1551 700 1603 concusserunt.
743 1541 821 1614 Quae
834 1541 958 1623 quidem
973 1543 1077 1603 omnis
1093 1562 1154 1603 non
1170 1541 1236 1602 siue
1253 1541 1428 1623 turpissimo
1441 1537 1536 1620 probro

352 1637 384 1698 in
398 1637 528 1698 hostium
546 1655 652 1698 manus
671 1637 871 1711 devenissent,
883 1636 944 1699 nisi
956 1638 1071 1720 equites
1085 1637 1266 1721 Mogontini
1279 1637 1395 1699 hostem
1410 1634 1536 1714 tantisper

353 1733 572 1810 sentinuissent,
587 1733 688 1814 quood
705 1735 766 1796 duo
784 1755 822 1796 ex
840 1734 901 1796 illis
918 1735 978 1796 ulio
997 1736 1030 1798 in
1044 1735 1185 1797 tutiorem
1203 1733 1309 1795 locum
1323 1731 1412 1794 evehi
1424 1738 1535 1813 possent

357 1830 442 1891 Hinc
459 1839 493 1892 nt
511 1831 661 1892 creverint
676 1831 768 1892 animi
787 1831 923 1893 hostibus
936 1852 1065 1914 pronum
1080 1841 1126 1892 est
1140 1831 1237 1892 cuivis
1253 1828 1396 1912 prudenti
1403 1827 1534 1908 judicent,

353 1929 434 1988 certe
447 1935 550 2008 poetes
567 1927 633 1988 ausi
649 1935 720 1988 sunt
737 1926 800 2000 illu,
814 1928 854 1989 nd
872 1947 940 2008 quse
957 1927 1040 2009 prius
1059 1948 1116 1988 neo
1134 1927 1353 2010 cogitationem
1371 1923 1533 2004 adjecerunt

353 2023 445 2085 libere
459 2023 540 2084 enim
558 2032 630 2084 tnnc
645 2022 748 2105 ningo
766 2023 967 2105 Fridbergum
985 2033 1016 2084 st
1033 2023 1106 2085 hinc
1118 2025 1196 2084 istuc
1209 2021 1398 2094 comesbent,
1412 2033 1532 2079 excurre·

353 2121 427 2182 bant
439 2119 471 2180 in
484 2119 586 2181 ricino
601 2118 714 2200 oppidu
730 2127 761 2180 et
774 2139 878 2202 psgos,
892 2119 1139 2202 depopulabundi
1150 2119 1375 2202 praedebentur,
1389 2113 1533 2174 illudebant

353 2215 525 2278 edversario
537 2213 627 2275 militi
640 2224 704 2276 tam
720 2215 862 2296 praecisre
879 2215 997 2277 seilicet
1011 2217 1132 2277 urbium
1144 2212 1364 2297 expugnatori:
1383 2215 1530 2271 comeatum

354 2315 476 2395 insuper
488 2332 544 2395 pro
560 2311 649 2375 libitu
668 2313 859 2388 invehebant,
873 2321 1075 2396 preterquam
1088 2313 1171 2394 quod
1187 2319 1341 2375 tormento
1356 2307 1408 2370 ilie
1420 2304 1478 2365 sine
1489 2320 1530 2361 cu·

350 2410 491 2492 jusquern
505 2410 740 2471 contradictione
748 2409 926 2483 evehebant,
935 2419 967 2471 et
980 2410 1011 2470 in
1022 2410 1198 2491 despectum
1210 2406 1403 2491 Mogontinoe
1414 2399 1495 2471 urbis,
1504 2396 1529 2455 in

354 2516 516 2589 conspectu
532 2526 609 2588 pene
626 2507 741 2569 civium
758 2516 789 2569 et
802 2506 935 2568 miiitum
948 2516 1098 2569 tormento
1115 2526 1212 2587 nuper
1228 2512 1364 2587 accepte,
1385 2495 1530 2562 identidem

354 2601 556 2661 exonersbsut
568 2618 638 2661 cum
650 2616 765 2683 ‘magno
778 2600 886 2682 plausu
897 2609 929 2661 et
940 2600 1047 2663 satire
1058 2601 1286 2665 ncchmstione.

394 2696 584 2779 Ringebetnr
596 2716 688 2777 prope
703 2694 986 2778 Mogontinensium
1003 2696 1133 2760 miiitum
1149 2698 1336 2767 animositas,
1348 2686 1530 2755 snooenoebti·

353 2810 412 2875 que
435 2812 497 2855 sune
518 2792 666 2865 tenuitati,
688 2790 772 2872 quod
791 2790 944 2853 sufficiens
963 2811 1025 2853 nou
1047 2802 1127 2855 esset
1147 2793 1321 2856 edversario
1342 2786 1428 2851 militi
1449 2799 1528 2864 pene

354 2890 494 2973 quend03
516 2909 553 2952 ne
564 2898 663 2951 temen
678 2906 795 2967 semper
805 2886 929 2969 impune
936 2888 1039 2971 regeri
1049 2890 1235 2969 permitteret
1243 2890 1326 2952 huno
1336 2908 1367 2949 se
1376 2875 1529 2947 vudmodi

353 2988 479 3050 modurn
498 2986 692 3069 excogitevit.
733 2984 916 3045 Adduerst
935 2984 1083 3046 Coloneili
1103 2986 1186 3048 Itosu
1208 2988 1424 3050 Locumtenene
1443 2972 1528 3038 ΜΟ

354 3084 430 3166 qnid
442 3083 676 3145 necessariarum
691 3102 791 3143 rernm
805 3080 951 3164 Bingium,
963 3093 1069 3143 contre
1081 3082 1163 3145 hunc
1174 3085 1259 3146 exire
1273 3083 1350 3146 serio
1362 3080 1491 3145 sicimis
1502 3076 1528 3127 θ*

353 3196 392 3238 ne
405 3198 531 3241 nurnero
541 3179 695 3240 inferiores
704 3178 784 3241 hosti
794 3180 899 3260 predo
908 3190 939 3241 et
947 3180 1072 3241 victisne
1082 3180 1199 3256 tierent,
1210 3181 1390 3264 Magistrum
1400 3169 1524 3252 Equitum

354 3292 415 3335 non
438 3276 590 3337 neminem
612 3294 649 3336 ex
667 3273 831 3336 tutissime
850 3275 1064 3337 Meutberisua
1082 3276 1215 3358 Legione
1235 3278 1267 3339 in
1285 3275 1394 3340 vicinis
1407 3273 1523 3351 agentern

353 3370 503 3432 odnoount
515 3372 546 3431 in
562 3372 746 3445 societatem,
762 3380 853 3451 etque
869 3372 915 3433 its
928 3392 971 3433 ex
987 3372 1108 3434 insidiis
1124 3392 1314 3436 reversurum
1328 3362 1465 3435 coterelli
1475 3358 1521 3418 Μ

353 3474 574 3529 cumtenentem
594 3466 780 3544 (Bulthuseri
797 3466 913 3528 homini
931 3488 1040 3529 nomen
1060 3471 1137 3546 eret)
1153 3480 1322 3552 expectent,
1337 3469 1522 3550 egrewim

354 3564 545 3647 exinopinsto
572 3584 690 3626 summe
720 3564 913 3627 contentione
939 3565 1101 3642 innodent,
1132 3566 1267 3629 fundunt
1295 3564 1408 3633 multus
1432 3554 1521 3631 Ψ(

351 3660 453 3745 plnres
467 3662 599 3745 reliquos
615 3680 677 3723 unu
694 3680 765 3725 curu
786 3660 876 3724 Duce
892 3660 1069 3725 Bnlthssurc
1086 3664 1119 3723 in
1134 3664 1338 3746 captivitatem
1351 3646 1519 3736 Μυρὼ

351 3759 517 3821 abducunt.
