3225 4700
493 346 892 416 ITINERARIUM.
1228 349 1293 414 405

95 497 99 502 ’
125 500 174 562 Ea
197 509 319 582 propter
339 497 370 561 in
395 500 502 582 primis
523 510 553 563 et
574 511 642 563 ante
664 503 767 563 omnia
786 500 1001 564 confirmamus
1016 511 1052 564 et
1072 511 1137 564 rata
1154 501 1293 564 volumus

85 609 179 679 pacta
193 608 224 660 et
243 599 457 660 conventiones
476 619 547 660 cnm
565 599 777 661 confoederatis
796 600 885 660 nobis
906 599 1014 662 initas:
1047 601 1293 682 quandoquidem

78 696 262 775 judicamus
276 695 355 757 inter
364 696 517 779 praeeipna
530 696 631 758 media
643 697 857 759 conservanda
868 710 898 758 et
908 700 1054 780 angendae
1065 698 1172 760 domus
1184 706 1293 760 nostrae

87 793 168 854 illud
188 813 262 866 esse,
277 802 311 854 ut
329 801 447 854 exteras
467 792 604 855 nationes
624 794 734 855 nostris
747 793 882 854 consiliis
902 795 1079 876 conjunctas
1100 796 1293 869 retineamus,

89 911 176 950 mora
188 890 337 972 majorum
357 899 539 967 nostrornm,
552 890 606 972 qui
627 899 697 952 ante
719 910 773 952 nos
793 891 825 950 in
846 890 879 952 id
900 891 1034 953 uniebat
1053 893 1187 954 studiose
1207 892 1294 955 incu-

90 988 232 1049 buerunt.
280 987 515 1049 Minorennibus
534 988 607 1050 verb
628 987 702 1049 filiis
724 987 834 1049 nostris
856 987 970 1049 nnllam
995 988 1085 1050 aliam
1108 990 1295 1051 educationis

90 1089 238 1147 rationem
248 1085 432 1161 ordinamus,
443 1107 533 1167 quam
541 1107 612 1168 quae
622 1085 676 1148 het
688 1087 745 1148 sub
758 1085 881 1168 optimae
895 1106 956 1147 suoe
968 1086 1081 1160 matris,
1095 1085 1295 1148 dilectissima

92 1183 231 1265 conjugis
254 1192 375 1256 nostrae,
398 1183 483 1257 curb,
503 1205 573 1245 cum
599 1184 742 1246 diuturna
761 1183 947 1264 experientia
968 1184 1076 1244 doceat
1100 1182 1179 1244 fidos
1200 1184 1297 1266 magis

92 1280 271 1342 educatores
285 1292 315 1342 et
331 1281 489 1362 magistros
502 1302 620 1342 morum
637 1280 740 1342 haberi
754 1300 815 1342 non
836 1301 921 1362 posse
935 1281 1025 1362 quam
1044 1301 1103 1350 eos,
1118 1300 1155 1341 ex
1169 1301 1296 1360 quorum

93 1397 186 1438 carne
206 1387 238 1439 et
250 1377 397 1460 sangnine
414 1377 471 1439 filii
491 1378 697 1461 compaginati
717 1389 798 1439 sunt.
841 1378 959 1451 Quodsi
977 1379 1050 1438 verb
1069 1387 1100 1439 et
1119 1377 1184 1459 ipsa
1202 1387 1298 1439 mater

93 1473 352 1536 animadverteret
372 1487 439 1556 post
458 1484 594 1537 nostrum
615 1476 730 1543 obitum
750 1497 782 1537 se
802 1474 885 1537 haud
905 1475 958 1536 diu
979 1474 1212 1557 superfuturum,
1233 1475 1298 1554 ejus

94 1571 265 1652 prudentiae
280 1581 311 1632 et
328 1570 526 1633 sollicitudini
539 1573 738 1654 relinquimus
753 1584 786 1634 ut
803 1571 946 1633 adhibitis
959 1572 1141 1652 prudentum
1160 1569 1299 1631 consilia·

96 1668 210 1728 riorum
219 1667 357 1750 judiciis,
371 1667 446 1730 alios
459 1669 635 1731 educatores
645 1671 811 1732 secundum
824 1689 911 1730 suum
925 1668 1145 1750 beneplacitum
1160 1667 1300 1728 ordinare

94 1764 201 1845 possit.

141 1860 187 1922 Ut
200 1870 301 1922 autem
315 1862 404 1924 nobis
418 1864 613 1927 suavissimas
627 1865 720 1928 frater
732 1876 832 1928 noster
846 1865 921 1928 Dux
932 1864 1159 1927 Aurelianensis
1172 1882 1300 1948 cognos-

97 1967 148 2019 cat
162 1968 296 2018 nostrum
311 1959 343 2019 in
357 1980 388 2020 se
401 1959 554 2037 affectam,
569 1983 659 2044 quem
673 1962 702 2024 ei
718 1963 802 2024 nullo
816 1983 875 2024 non
890 1973 1024 2043 tempore
1041 1961 1226 2022 ostendimus
1240 1981 1300 2023 non

98 2055 232 2137 potuisse
247 2055 421 2118 labefactari
435 2067 488 2119 aut
501 2058 564 2120 ulla
576 2071 743 2141 temporum
757 2059 880 2141 injuria,
894 2069 947 2121 aut
959 2058 1216 2121 machinationum
1235 2078 1301 2138 per·

98 2153 183 2229 fidia,
208 2153 419 2215 constituimus
445 2155 544 2236 ipsum
564 2157 750 2218 minorennia
770 2157 866 2239 Regis
887 2165 955 2239 post
977 2165 1113 2217 nostrum
1138 2155 1301 2216 discessum

98 2253 270 2336 generalem
298 2252 400 2314 locum
427 2262 579 2314 tenentem
605 2254 770 2316 universim
792 2274 847 2336 per
873 2273 978 2315 omnes
1005 2253 1091 2333 regni
1118 2251 1300 2333 provincias,

98 2372 161 2432 quo
176 2350 208 2411 in
223 2350 333 2424 officio,
350 2352 452 2432 quoad
468 2352 535 2412 Rex
549 2352 588 2412 ad
604 2352 722 2432 plenam
738 2361 768 2412 at
784 2349 1010 2433 gubernationis
1024 2369 1164 2431 capacem
1184 2359 1302 2410 aetatem

99 2452 266 2535 pertigerit.
309 2451 376 2513 Nec
390 2452 518 2514 obstabit
532 2452 682 2513 ordinatio
695 2451 749 2513 illa
761 2472 852 2535 penes
865 2450 1094 2512 Parlamentum
1109 2461 1241 2511 nostrum
1257 2470 1304 2511 as·

99 2560 230 2623 servata,
249 2570 310 2631 qua
326 2569 395 2610 eum
414 2548 578 2611 inhabilem
596 2548 636 2609 ad
652 2548 754 2609 omnia
769 2548 937 2609 officiorum
958 2546 1064 2607 munia
1078 2558 1108 2608 et
1121 2547 1304 2630 dignitatum

99 2648 213 2729 gradus
233 2646 360 2709 antehac
378 2646 610 2720 declaravimus,
632 2665 722 2728 quam
744 2644 838 2706 hacce
859 2654 960 2705 nostra
979 2654 1130 2725 postrema
1152 2642 1304 2706 voluntate

100 2745 301 2807 rescindimus
314 2754 345 2805 et
354 2744 553 2806 annullamus.
583 2742 783 2805 Confidentes
792 2742 1018 2825 benignissimae
1028 2740 1122 2822 ipsius
1132 2756 1259 2817 naturae,
1274 2753 1305 2805 et

99 2842 193 2924 regiae
211 2863 248 2903 ex
263 2862 324 2922 qua
337 2853 420 2903 ortus
435 2851 480 2903 est
492 2840 651 2923 prosapiae,
667 2839 752 2900 illum
768 2838 955 2899 nullomodo
969 2837 1195 2919 permissurum,
1210 2848 1243 2899 ut
1256 2838 1305 2900 vel

100 2947 207 2998 contra
220 2937 349 3021 Regem,
363 2939 412 2999 vel
429 2938 516 3020 regni
536 2936 616 3020 leges
629 2946 660 2999 et
678 2946 790 2999 statuta
811 2936 975 3017 quidquam
990 2934 1179 3011 admittatur,
1194 2946 1246 2996 aut
1260 2936 1306 2996 in·

101 3034 290 3096 troducatur.
327 3033 527 3095 Declaramus
540 3033 716 3114 insuperut,
731 3032 758 3093 si
772 3033 835 3113 ipse
848 3032 1060 3114 quoquomodo
1070 3043 1176 3093 contra
1185 3053 1305 3094 omnem

101 3150 186 3211 spem
199 3140 334 3192 nostram
348 3129 483 3211 quidque
497 3150 590 3212 regno
604 3130 729 3191 noxium
741 3129 790 3191 vel
804 3130 885 3212 Regi
899 3128 1060 3189 adversum
1071 3128 1305 3199 machinaretur,

102 3225 210 3287 abillo
227 3226 327 3288 officio
344 3236 374 3287 et
393 3226 572 3307 praefectura
587 3238 777 3308 quantocyus
798 3238 987 3287 removeatur
1003 3225 1047 3286 uti
1068 3233 1098 3286 et
1120 3225 1306 3307 inpraesenti

104 3344 303 3385 removemus.
347 3323 608 3405 Prohibemusqne
621 3323 761 3383 omnihus
773 3333 804 3385 et
817 3322 945 3406 singulis
955 3322 1081 3384 subditis
1094 3322 1211 3397 nostris,
1226 3334 1307 3385 uteo

104 3440 188 3491 casn,
210 3440 299 3500 quem
317 3420 419 3501 superi
434 3429 571 3481 avertant
588 3419 645 3500 ipsi
663 3439 854 3501 nequaqnam
871 3428 1008 3502 pareant,
1029 3429 1081 3480 aut
1100 3420 1132 3479 in
1153 3438 1305 3501 quoquam

105 3516 263 3578 adsistant.
299 3515 455 3588 Quantum
470 3514 541 3576 verb
555 3515 595 3576 ad
608 3514 757 3597 Reginam
769 3517 932 3598 conjugem
943 3526 1085 3591 nostram,
1097 3527 1165 3597 post
1177 3527 1305 3578 mortem

106 3622 239 3674 nostram
254 3614 486 3696 gubernaturum
506 3612 646 3693 pertinet,
661 3612 728 3693 ejus
741 3612 846 3673 uirtuti
859 3620 889 3672 et
904 3611 1020 3692 pietati,
1034 3630 1123 3691 qaam
1142 3612 1306 3673 multorum

13 3693 14 3702 ἵ
106 3730 257 3770 armorum
271 3708 490 3772 cohabitatione
504 3708 623 3769 abunde
637 3707 857 3788 exploravimus
867 3708 1058 3769 confidimus.
1096 3708 1172 3769 Eam
1190 3719 1222 3769 ut
1236 3708 1305 3768 Ma·
