3225 4700
524 356 930 427 ITINERARIUM.
1246 362 1309 427 307

110 505 305 589 sensimque
325 509 366 572 ad
386 510 569 575 deditionem
580 516 731 597 paulatim
747 525 933 599 cogerentur.
970 516 1163 598 Quapropter
1181 514 1307 576 consilio

109 612 217 665 coacto
235 604 447 682 deliberarunt,
465 629 525 689 qua
542 611 656 673 ratione
674 632 765 693 qnam
783 612 966 673 maturrimae
984 612 1130 687 ferrantur
1148 610 1301 693 suppetiae,

109 720 188 780 quas
205 701 270 763 sine
289 723 392 785 pugna
408 704 569 767 difficulter
586 708 721 787 proestari
739 728 824 789 posse
843 707 1005 784 constabat,
1025 708 1205 769 unanimiter
1224 707 1302 769 ferro

107 798 364 879 perrumpendum
378 819 442 862 esse
455 811 641 863 censuerunt.
681 804 728 865 Ea
740 812 861 885 propter
874 814 980 884 quarta
993 805 1110 865 decima
1125 805 1175 866 die
1192 804 1302 865 mensis

107 890 201 952 Junii
220 903 315 955 castra
333 896 433 957 sabitb
453 904 585 973 movent,
606 917 643 959 ac
663 898 779 960 diurnis
799 900 1019 979 nocturnisque,
1042 900 1197 962 itineribus
1218 909 1301 961 recta

106 986 357 1051 Wolfenbntbum
370 992 573 1055 contendunt:
593 1015 653 1075 quo
665 996 770 1057 eodem
784 995 928 1057 Succicns
942 998 1033 1057 etiam
1045 998 1194 1059 exercitus
1207 1016 1297 1078 quem

105 1081 345 1147 Caesarianos-nm
353 1087 476 1148 consilia
485 1107 545 1149 non
555 1090 678 1150 omnino
687 1090 827 1167 latebant,
839 1092 956 1174 magnis
968 1093 1102 1173 passibus
1115 1092 1296 1173 properavit,

105 1178 151 1240 ita
165 1190 197 1241 ut
210 1181 328 1243 docimo
340 1192 423 1264 septo
436 1184 511 1245 dicti
520 1187 631 1247 mensis
641 1187 729 1248 ambo
738 1187 887 1249 exercitus
897 1208 956 1250 non
968 1188 1072 1269 procul
1083 1186 1295 1248 woltenbutho

103 1276 290 1339 substiterint
299 1287 389 1358 atque
399 1299 437 1339 ex
446 1278 503 1341 bac
513 1280 636 1361 quidem
646 1290 729 1363 parte
737 1281 892 1355 Caesareus,
901 1304 937 1345 ex
945 1284 1071 1345 adversa
1078 1282 1149 1344 verb
1162 1282 1295 1343 Snecicae

103 1372 201 1452 copiae
213 1392 284 1434 curn
296 1374 526 1452 confoedcratis3
547 1377 597 1438 blc
610 1398 670 1438 non
684 1378 738 1439 din
748 1379 952 1441 cunctandum
963 1378 1030 1455 rati,
1041 1379 1183 1460 postridie
1194 1378 1294 1440 Cassa-

100 1467 182 1529 riani
194 1467 310 1531 bostem
320 1469 399 1532 intra
407 1490 462 1531 sua
472 1472 659 1535 munimenta
667 1473 868 1554 quaererent
877 1484 908 1537 ct
920 1475 1036 1537 snmmb
1044 1476 1153 1537 virtute
1163 1474 1295 1557 aggressi
1351 1516 1356 1525 ·

101 1571 184 1639 sunt,
197 1584 259 1625 non
269 1564 334 1628 sine
347 1566 467 1647 copioso
479 1567 740 1649 utriusquepartis
754 1572 910 1653 sanguina.
952 1570 1022 1643 Qun
1038 1572 1069 1633 in
1084 1591 1196 1654 pugna,
1211 1571 1291 1652 capti

98 1668 173 1721 sunt
184 1658 358 1722 colonellas
371 1661 497 1745 Gailing
510 1671 541 1724 et
553 1663 726 1727 Colonellus
744 1664 944 1748 Hsgenbaclr,
960 1675 1084 1747 uterque
1101 1670 1180 1729 inter
1192 1667 1292 1729 Caesa·

97 1776 168 1818 reos
192 1757 332 1833 militans,
356 1758 448 1819 occisi
471 1778 544 1820 vero
563 1758 685 1840 plurimi
707 1780 745 1822 ex
771 1761 987 1843 Imperatoriis.
1029 1762 1090 1824 Sed
1110 1783 1166 1824 nec
1186 1764 1291 1825 Snecis

96 1862 214 1935 strages
235 1853 342 1915 borum
361 1854 492 1936 impunis
511 1855 580 1930 fnit,
604 1855 807 1918 occubuerunt
828 1856 908 1917 enim
928 1876 966 1918 cx
985 1857 1144 1937 praecipuis
1164 1860 1289 1920 ducibus

98 1950 214 2031 plures,
224 1972 260 2014 ac
273 1952 351 2014 inter
364 1952 437 2014 alios
451 1951 561 2014 Comes
575 1953 614 2014 ds
629 1952 732 2014 Hodiz
745 1952 894 2015 Colonelli
907 1953 979 2015 item
989 1952 1147 2016 Gescckhe
1161 1964 1191 2015 et
1203 1955 1289 2036 Ζη-

141 2144 205 2205 Hic
219 2165 288 2207 cum
301 2145 573 2206 animadverterent
585 2144 754 2225 imperiales
765 2164 831 2207 eam
843 2166 952 2229 pngnae
967 2146 1112 2207 rationem
1125 2164 1193 2206 curn
1205 2154 1287 2206 tanto

97 2241 229 2303 militum
243 2242 400 2323 dispendio
412 2261 473 2302 non
486 2260 549 2302 esse
564 2241 580 2300 ὲ
595 2242 681 2302 rebus
694 2242 766 2315 suis,
779 2242 913 2323 receptui
922 2242 1095 2304 cecinerunt
1104 2250 1134 2302 et
1141 2239 1287 2322 vigesima

95 2349 204 2421 quarta
216 2340 241 2403 J
242 2341 306 2402 unii
318 2340 374 2402 sub
383 2348 502 2401 noctem
517 2338 720 2422 Scboningam
733 2338 897 2402 redierunt.
917 2336 1163 2400 Wollenbutbum
1174 2336 1287 2398 interea

94 2439 203 2519 majori
216 2439 249 2499 in
262 2438 326 2499 dies
339 2457 425 2519 aqnae
437 2436 605 2498 secretione
618 2437 814 2518 affligebatur.
855 2436 932 2509 Quae
948 2435 1036 2496 sicuti
1052 2432 1203 2513 indigenis
1221 2450 1283 2494 mo-
1407 2520 1411 2530 .

93 2532 171 2594 lesta
189 2544 262 2606 erat,
283 2535 325 2595 ita
346 2531 617 2595 Brunsvicensibus
638 2543 670 2593 ct
686 2533 799 2594 circum
814 2530 985 2614 jacentibus
1001 2528 1119 2611 oppidis
1139 2547 1281 2610 perquam

94 2629 297 2706 incommoda,
315 2639 461 2711 quantum
475 2627 556 2689 enim
569 2648 655 2709 aquae
668 2628 829 2711 cogebatur
842 2629 873 2689 in
892 2637 1034 2701 castrum,
1047 2633 1164 2688 tantum
1180 2645 1282 2687 neccs-

92 2726 179 2787 sariis
191 2725 294 2787 usibus
306 2725 494 2787 adimebatur
507 2725 622 2806 patria,
639 2725 726 2806 cnjus
742 2724 862 2787 delectu
878 2743 1005 2785 annonas
1023 2719 1211 2785 difficultates
1227 2741 1280 2781 au·

93 2822 264 2904 gescebant,
278 2841 348 2882 cum
361 2841 418 2882 nec
430 2821 527 2883 farina
540 2821 642 2882 baberi
655 2828 753 2901 posset
765 2841 802 2882 ex
816 2819 1055 2881 molendinorum
1069 2817 1213 2893 siccitate,
1226 2838 1282 2878 nec

92 2917 246 2991 cerevisia,
260 2926 348 2998 potus
360 2917 464 2996 patrias
478 2919 614 2991 usitatus,
632 2915 794 2999 praeparari
812 2935 850 2976 ex
867 2934 953 2995 aquas
971 2912 1081 2994 inopid.
1122 2914 1279 2993 Aquarum

90 3013 225 3075 defectas
238 3012 403 3073 communis
416 3013 550 3074 omnium
563 3021 628 3074 erat
640 3010 769 3092 querela.
801 3008 1008 3072 Wolfenbntbi
1021 3009 1140 3070 interim
1152 3015 1183 3068 et
1195 3007 1280 3088 panis

90 3118 122 3170 et
133 3117 222 3188 potus
234 3115 298 3168 erat
312 3107 411 3168 adbuc
424 3116 489 3169 tum
503 3107 697 3182 abnndantia,
712 3115 742 3168 et
759 3126 798 3168 ne
816 3106 848 3166 in
865 3115 1014 3188 posterum
1035 3113 1120 3178 esset,
1139 3101 1279 3165 sollicita·

89 3205 177 3266 batur
190 3203 295 3265 merito
309 3203 597 3287 Rauschsnbergius,
613 3203 665 3284 qui
676 3202 745 3264 ideo
758 3223 812 3284 per
826 3219 994 3283 praeconem
1011 3200 1125 3283 praevio
1141 3198 1278 3280 tympani

89 3302 189 3363 sonita
202 3299 377 3382 proclamari
385 3301 486 3382 jussit,
498 3310 532 3361 nt
541 3300 594 3379 qni
603 3299 636 3360 in
646 3317 759 3359 mnam
770 3305 936 3359 comeatum
947 3317 1008 3358 non
1021 3296 1151 3370 baberet,
1162 3297 1277 3356 mstnrb

88 3406 188 3458 castro
199 3395 365 3468 excederet,
382 3395 416 3457 ld
434 3395 517 3476 qnod
533 3394 553 3456 d
571 3392 675 3455 multis
692 3393 868 3455 lacdmtum.
911 3393 995 3454 Dum
1013 3411 1085 3454 vero
1104 3389 1193 3452 Succi
1208 3409 1277 3451 cnm

88 3491 296 3554 conloedcratis
307 3491 405 3554 Gallis
413 3487 1034 3574 pergantcontinuareobsidionem,omnis
1044 3488 1277 3569 circumquaque

88 3587 241 3649 districtus
253 3606 372 3668 pessum
389 3587 462 3649 ibat.
504 3586 635 3648 Nomine
652 3594 800 3647 statuente
814 3583 901 3646 malis
917 3585 1064 3646 remedio:
1085 3583 1276 3666 nequeenim

87 3683 125 3744 ob
139 3681 243 3745 militis
255 3682 443 3746 insolentiam
458 3691 538 3745 terra
549 3679 645 3744 excoli
657 3688 783 3770 poterat,
801 3697 859 3741 nec
874 3678 936 3742 nlla
952 3699 1079 3762 usquam
1090 3677 1279 3743 'commercia
