3225 4700
487 345 896 416 ITlNERARIUM.
1228 351 1291 414 245

81 495 167 556 item
188 493 222 556 in
242 493 301 556 hoo
324 493 503 578 Principum
524 509 673 564 conventu
694 502 851 563 tractanda
870 500 1123 581 consultandaqne
1142 500 1213 576 sint,
1234 521 1291 562 nec

81 591 240 653 ulteriore
255 591 452 672 explicatione
466 593 614 677 indigere,
629 598 758 660 maxime
772 618 842 659 cnm
855 598 952 659 cnivis
968 619 1142 660 communes
1162 598 1291 660 necessi-

84 697 171 750 tates
187 687 316 749 nimium
332 708 420 768 quam
433 699 511 751 notoe
526 691 597 766 sint,
610 693 687 754 nihil
701 695 842 756 omninns
857 694 919 756 Sua
932 694 1071 757 Caesarea
1085 695 1230 778 Majestas
1238 697 1293 778 ju·

85 784 223 857 dicavit,
238 793 475 865 praetereaque
484 787 550 867 jam
564 788 654 850 dictis
666 789 894 851 Convocatoriis
914 791 1036 853 Litteris
1054 801 1195 856 contenta
1210 801 1291 868 sunt,

86 881 221 961 insuper
243 880 300 941 hoc
324 881 390 942 loco
409 883 498 944 etiam
519 885 657 947 omnibus
676 886 875 962 Electoribns,
896 887 1101 969 Principibus,
1116 900 1147 952 et
1159 890 1293 952 Statibus

88 977 325 1058 absentiumque
340 977 528 1040 consiliariis
542 989 571 1042 et
587 981 709 1064 Legatis
722 982 826 1063 paucis
839 983 947 1045 iterum
963 1004 1136 1064 proponere.

136 1073 162 1134 J
164 1093 214 1132 am
228 1091 307 1153 saepe
324 1073 414 1135 dictis
435 1073 633 1150 Electoribus,
655 1078 860 1160 Principibus,
880 1090 911 1141 et
930 1080 1071 1152 Statibus,
1091 1081 1170 1142 sicut
1188 1091 1219 1143 et
1237 1084 1290 1144 ab·

90 1169 229 1230 sentium
250 1168 438 1231 consiliariis
458 1180 489 1232 et
510 1171 630 1254 legatis
651 1174 721 1234 satis
742 1183 848 1235 notum
869 1184 923 1247 est,
944 1194 1005 1256 qua
1024 1176 1140 1238 ratione
1160 1177 1293 1239 Serenis·

91 1267 204 1342 simus,
219 1265 461 1340 Potentissimus‚
476 1287 511 1328 ac
525 1268 746 1331 Inviotissimus
761 1271 909 1352 Princeps
922 1291 958 1333 ac
973 1271 1125 1333 Dominus
1138 1272 1292 1335 Dominus

93 1365 328 1426 Fannrnsunus
344 1364 392 1424 11.
408 1365 614 1427 Romanorum
629 1367 800 1448 Imperator
815 1366 984 1450 Hungariae
998 1377 1029 1428 et
1043 1367 1199 1429 Bobemiae
1213 1369 1291 1442 Rex,

95 1462 171 1524 Suae
186 1460 334 1524 Caesareae
347 1461 517 1544 Majestatis
532 1461 619 1524 hodie
636 1463 788 1544 regnantis
801 1462 1047 1525 honoratissimus
1067 1464 1218 1526 Dominus
1231 1466 1292 1526 Pa·
1358 1530 1361 1534 ,

94 1579 170 1620 rens
182 1567 214 1620 et
231 1558 442 1620 Prmdecessor
460 1559 491 1619 in
512 1559 644 1640 Imperio
663 1558 866 1622 Sanctissimae
881 1560 1044 1634 memoriae,
1063 1561 1082 1622 a
1099 1581 1161 1622 snas
1180 1561 1294 1644 Majes-

94 1657 170 1716 tatis
182 1654 320 1718 inchoato
335 1655 468 1735 Imperio
482 1655 525 1716 nil
541 1655 637 1737 potius
651 1674 767 1736 semper
778 1654 1008 1716 clementissime
1021 1675 1057 1716 ac
1071 1657 1157 1737 plane
1171 1668 1293 1739 paterne

97 1752 263 1826 curaverit,
283 1771 374 1833 quam
395 1761 429 1812 ut
449 1751 573 1814 Sacrum
595 1751 768 1813 Romanum
788 1751 967 1831 Imperium,
987 1750 1149 1831 aliquando
1168 1756 1292 1817 tandem

97 1857 169 1930 post
183 1857 280 1910 tantm
294 1849 395 1910 turbas
408 1849 448 1911 ad
460 1869 595 1910 securam
609 1868 723 1930 pacem,
739 1858 769 1909 et
785 1855 970 1910 constantem
984 1848 1115 1926 quietem
1131 1850 1245 1926 reduci,
1263 1862 1294 1914 et

99 1945 209 2007 fideles
222 1945 287 2024 ejus
299 1945 462 2019 Electores‚
475 1945 634 2026 Principes
643 1964 679 2005 ac
694 1945 796 2006 Status
806 1944 991 2026 gravissimis
1000 1944 1145 2006 bellorum
1155 1948 1295 2009 oneribus

100 2041 195 2103 eximi
209 2061 243 2101 ac
257 2041 376 2102 liberari
391 2050 510 2122 possent
518 2063 528 2117 3
550 2042 632 2121 quod
645 2042 743 2122 ipsum
758 2061 812 2122 per
824 2043 924 2101 varios
938 2040 1110 2101 Electorum
1128 2050 1159 2102 et
1173 2041 1296 2104 Princi-

102 2159 178 2220 pum
198 2137 370 2200 Conventus
390 2158 508 2198 summa
536 2158 606 2198 cum
625 2137 784 2219 diligentia
804 2145 835 2198 et
854 2137 1002 2197 indelessa
1020 2146 1201 2218 paternaque
1222 2158 1296 2199 cura

102 2232 312 2296 ardentissime
325 2234 465 2307 intendit,
479 2255 515 2296 ac
530 2233 677 2316 imprimis
692 2234 735 2294 nil
745 2234 830 2294 aliud
840 2232 1030 2307 desiderarit,
1041 2252 1132 2313 quam
1146 2244 1181 2294 ut
1193 2255 1295 2296 omnes

105 2330 266 2411 Principes
278 2330 309 2392 in
324 2330 357 2393 id
370 2331 582 2407 consentirent,
597 2331 678 2412 quod
693 2352 748 2393 sua
761 2330 900 2393 Caesarea
913 2330 1058 2413 Majestas
1075 2350 1146 2391 oum
1161 2330 1295 2394 Serenia-

12 2486 13 2497 ,
103 2428 179 2489 simo
194 2426 332 2490 Senoniae
348 2428 436 2489 Dnoe
449 2449 485 2490 ac
503 2428 640 2490 Electore
657 2430 751 2489 Anno
768 2428 854 2489 1635.
897 2427 1008 2509 Pragae
1021 2428 1084 2508 egit
1097 2436 1127 2487 et
1140 2428 1295 2490 conclusit

146 2524 266 2585 Interea
280 2543 350 2586 vero
367 2534 523 2605 postquam
543 2544 597 2585 sua
613 2544 697 2585 sacra
716 2522 854 2585 Caesarea
874 2523 1019 2604 Majestas
1036 2522 1296 2587 clementissimus

107 2620 258 2681 Dominus
278 2628 378 2681 noster
399 2620 552 2701 praemissa
571 2628 711 2681 consueta
731 2619 826 2701 Regis
847 2619 1052 2681 Romanorum
1070 2630 1101 2681 et
1119 2639 1172 2699 per
1195 2640 1297 2682 conse-

106 2737 200 2798 qnens
215 2716 409 2796 Imperatoris
423 2714 556 2797 legitima
575 2714 741 2790 Electione,
757 2714 997 2777 molestissimam
1012 2716 1135 2795 Imperii
1149 2717 1297 2797 guberna·

106 2815 217 2877 tionem
232 2812 372 2893 suscepit,
386 2832 448 2873 non
466 2811 565 2873 minus
578 2810 705 2872 sollicite
719 2810 845 2885 curavit,
860 2831 949 2891 quam
965 2821 999 2872 ut
1007 2812 1098 2893 juxto
1111 2811 1295 2895 Pragensem

107 2910 187 2991 pacis
206 2907 453 2989 compositionem
470 2926 560 2988 quam
579 2907 710 2989 primum
724 2907 857 2968 Comitia
869 2909 1028 2969 convocari
1042 2916 1170 2989 possent,
1185 2909 1216 2968 in
1230 2910 1298 2989 qui·

107 3008 161 3069 bns
173 3005 350 3067 fidelissimo
364 3003 549 3077 Electorum,
559 3004 749 3084 Principum,
758 3024 793 3065 sc
804 3013 935 3066 statuum
944 3005 1079 3066 Consilio
1087 3015 1116 3066 et
1124 3006 1298 3086 adjumento

108 3104 186 3164 dicta
199 3101 369 3183 pacificatio
382 3101 553 3161 omnimode
570 3102 608 3162 ab
625 3101 763 3161 omnibus
782 3109 996 3182 acceptaretur,
1012 3102 1109 3161 omnis
1130 3100 1298 3164 diffidentia

109 3198 185 3259 inter
198 3207 289 3279 capnt
302 3206 331 3257 et
344 3196 478 3258 membra
491 3195 661 3276 plenissime
680 3195 846 3271 tolleretur,
861 3198 1019 3277 omniaque
1033 3196 1185 3277 possibilia
1198 3200 1299 3259 media

109 3295 328 3367 adhiberentur,
343 3302 377 3355 ut
389 3292 484 3353 exteri
504 3292 605 3373 Reges
617 3312 653 3353 ac
674 3291 835 3372 Principes
849 3293 921 3354 illuc
935 3293 1166 3369 adducerentur,
1181 3305 1215 3357 ut
1227 3297 1296 3357 sub·

110 3391 175 3452 latis
194 3411 233 3451 ex
252 3389 384 3471 Imperio
404 3388 505 3462 armis,
525 3388 593 3468 paci
612 3389 732 3450 tandem
754 3389 856 3450 locum
877 3388 1098 3468 relinquerent,
1128 3399 1216 3471 atque
1238 3392 1296 3452 hoc

110 3486 197 3547 modo
209 3486 360 3567 quidquid
373 3485 413 3546 ad
429 3484 645 3565 promotionem
658 3483 766 3545 horum
780 3485 968 3545 comitiorum
983 3494 1013 3545 et
1027 3486 1220 3547 remotionem
1234 3508 1298 3548 om-

112 3583 192 3643 nium
211 3582 432 3644 obstaculorum
452 3600 573 3643 auream
595 3600 699 3660 paoem
718 3580 958 3660 impedientium,
978 3580 1159 3642 conduceret
1178 3602 1215 3641 ex
1234 3581 1298 3643 solo

113 3698 208 3739 amore
221 3678 325 3758 patriae
340 3676 474 3757 (remotis
488 3676 543 3738 bac
557 3676 623 3737 vice
642 3676 767 3759 privatis
780 3677 927 3759 cujusque
938 3676 1058 3758 juribus
1072 3677 1303 3754 accommodis)

15 3816 16 3829 η
113 3774 233 3855 quisque
248 3772 305 3835 sibi
319 3774 357 3835 ob
370 3772 472 3835 oculos
483 3780 615 3854 poneret.
