3225 4700
897 20 908 75 l

355 308 422 373 208
752 304 776 376 I
782 301 1062 370 TINERARI
1069 300 1150 369 ΗΜ.

394 458 514 519 interea
526 454 578 519 vix
591 454 758 536 quidquam
775 452 906 536 intelligi
926 462 1044 534 poterat
1063 474 1101 515 ex
1116 454 1163 529 iis,
1176 473 1245 535 qnae
1258 462 1321 516 tam
1336 452 1584 534 frequentibu

351 552 556 615 Conveutibus
584 552 793 633 Norimbcrgae
816 549 1060 612 consultabantur
1082 560 1135 612 aut
1156 551 1455 613 concludebantur:
1493 549 1584 629 quoo‘

350 649 451 709 multis
466 648 629 711 admodum
642 647 833 730 probabatur.
876 645 1123 727 Dicebanturque
1140 668 1243 709 omnes
1259 647 1312 728 qui
1327 647 1366 708 ad
1387 648 1584 707 secretiora

347 744 703 819 consiliaadhibebantur‚
710 752 896 805 sacramento
905 742 1122 804 sesubiuitium
1131 744 1220 824 primi
1230 764 1387 805 consessus
1396 744 1584 803 obstrinx-

346 841 413 916 isse,
428 850 463 903 ut
476 842 625 923 quidquid
639 852 738 903 actum
752 849 829 901 esset
838 840 870 899 iu
881 840 997 901 arcanis
1006 838 1214 901 collationibus
1223 860 1314 921 quam
1324 840 1579 901 studiosissime

344 937 454 1021 vulgus
467 938 598 1018 aliosque
612 938 664 1019 qui
678 939 717 999 ad
727 937 853 999 consilia
861 958 919 999 nou
929 938 1172 1011 admittebantur,
1183 938 1340 1011 celaretur,
1347 938 1447 1018 quod
1456 937 1576 1017 ipsum

340 1034 543 1108 jurameutum
563 1032 689 1115 singulis
702 1033 870 1115 quibusque
883 1034 1081 1096 conventibus
1095 1034 1126 1095 in
1140 1035 1316 1096 memoriam
1329 1034 1388 1095 toti
1405 1033 1573 1115 collegio

343 1130 555 1192 consultorum
570 1128 774 1191 revocabatur.
799 1129 910 1209 Itaque
922 1129 967 1190 nil
979 1130 1145 1212 quidquam
1159 1131 1260 1194 resciri
1275 1139 1393 1213 poterat
1409 1129 1483 1190 nisi
1498 1130 1569 1191 sola

341 1227 503 1308 propositio
516 1245 604 1307 super
616 1245 678 1306 qua
686 1226 846 1307 conscripti
858 1226 967 1287 Patres
974 1226 1174 1291 deliberarent
1181 1248 1249 1310 quae
1260 1227 1377 1289 hissera
1387 1225 1565 1309 capitibus

340 1324 525 1385 subsistebat.

381 1420 411 1480 I.
433 1418 503 1491 Qua
516 1417 629 1479 ratione
640 1419 786 1498 quibusve
800 1420 896 1481 modis
907 1420 1032 1483 Sacrum
1043 1422 1216 1484 Romanum
1227 1422 1397 1502 Imperium
1410 1421 1457 1483 ad
1468 1420 1553 1501 pris·

338 1516 432 1576 tinam
445 1524 475 1575 at
487 1522 671 1576 constantem
687 1515 801 1577 Pacem
814 1517 949 1578 revocari
962 1527 1069 1598 posset.

378 1610 425 1670 II.
447 1610 516 1683 Qua
526 1610 675 1673 viaSueci
688 1632 725 1673 ex
739 1613 899 1694 praecipuis
908 1614 1125 1701 munitionibus
1132 1614 1286 1697 abigendi,
1295 1623 1325 1677 et
1333 1614 1545 1696 imposterum

335 1706 458 1767 arcendi
471 1714 577 1767 essent.
1032 1726 1035 1732 ·

375 1801 443 1863 111.
466 1800 617 1873 Quoniam
635 1802 692 1865 hoc
712 1823 812 1865 rerum
828 1813 906 1866 statu
921 1805 1021 1867 media
1032 1805 1205 1889 pecuniaria
1217 1805 1340 1868 omniuo
1352 1804 1539 1878 deficerent,

334 1917 394 1979 quo
408 1896 469 1958 alio
483 1898 585 1960 medio
603 1897 707 1962 Suecis
725 1920 761 1961 ac
778 1900 927 1982 imprimis
947 1902 1220 1987 Brandeuburgico
1238 1902 1371 1965 Electori
1387 1900 1537 1964 satisfieri

332 1994 371 2055 ad
384 1992 504 2055 interim
517 2004 625 2074 posset.

372 2088 523 2170 Scriptum
536 2088 633 2151 suerat
645 2090 700 2151 sub
712 2110 845 2153 mensem
861 2092 1057 2157 Februarium
1070 2096 1088 2157 d
1099 2094 1299 2179 congregatis
1313 2095 1530 2178 Norimbergae

332 2182 463 2266 Legatis,
479 2184 519 2245 ad
533 2184 629 2247 varios
643 2185 773 2247 Romani
793 2188 916 2269 Imperii
934 2188 1103 2273 Principes,
1121 2201 1153 2253 et
1169 2192 1247 2253 iuter
1264 2201 1385 2254 caeteroa
1400 2211 1526 2272 quoquc

328 2281 368 2342 ad
388 2279 607 2362 laudgraviam
635 2282 765 2360 Hassiae,
786 2284 826 2346 ad
844 2305 894 2346 eas
912 2285 1027 2348 litteras
1048 2288 1119 2350 inde
1139 2290 1228 2354 avide
1245 2290 1456 2371 expectabatur
1474 2310 1524 2350 re·

328 2397 479 2459 sponsum,
494 2378 546 2439 scd
560 2378 598 2440 dc
613 2380 663 2442 die
677 2381 708 2441 in
722 2383 802 2444 diem
821 2402 880 2443 nou
898 2382 963 2445 sine
983 2383 1165 2468 legatorum
1186 2387 1379 2465 admiratione
1399 2385 1522 2449 differe·

326 2475 424 2545 batur,
439 2472 538 2554 quoad
552 2473 675 2538 demum
687 2499 788 2540 mensa
802 2478 917 2541 Martio
931 2478 1125 2564 Principiasae
1138 2483 1245 2546 littera
1257 2484 1349 2567 hujus
1360 2485 1420 2547 fere
1432 2494 1517 2547 teno-

327 2569 369 2632 ris
381 2569 477 2632 allatae
491 2579 571 2632 sunt.
