3225 4700
515 798 708 874 CAPUT
742 802 874 876 XXX.

191 976 353 1046 Describit
367 980 427 1047 iter
440 991 578 1046 nostrum
593 982 626 1047 in
645 980 837 1047 Comitotom
852 981 1176 1069 Seboumburgensem.

350 1174 430 1237 OS'l'
456 1174 679 1257 inexplicabiles
706 1187 737 1238 et
760 1176 849 1258 plane
874 1175 1060 1236 miserandas
1086 1173 1279 1249 calamitates,

314 1301 316 1304 ·
367 1271 494 1352 septimo
507 1272 628 1333 tandem
640 1272 719 1333 Maii
727 1273 805 1353 jussi
818 1290 932 1347 sumus,
949 1268 1166 1331 Hannoveram
1178 1290 1281 1331 versus

310 1379 317 1382 “
361 1366 418 1428 iter
431 1376 567 1429 nostrum
585 1367 728 1452 dirigere,
743 1388 779 1429 ae
794 1368 881 1429 istinc
892 1368 924 1428 in
945 1366 1120 1428 comitatum
1134 1365 1279 1428 Schanm·

101 1481 133 1550 ¹f
202 1545 211 1552 .
233 1439 262 1540 l,
285 1539 290 1552 Ι
323 1537 328 1554 ⁴
367 1463 545 1546 burgensem
555 1464 687 1538 flectere,
697 1464 748 1525 ille
761 1464 843 1525 enim
853 1464 1009 1525 dicebatur
1017 1462 1104 1524 nobis
1112 1462 1281 1545 assignatus

208 1557 225 1592 ’-
237 1569 248 1584 ”
270 1555 292 1582 ⁸
365 1578 428 1621 esse
439 1561 471 1620 iu
481 1558 626 1641 hyberna.
669 1561 728 1635 Ita,
740 1560 871 1643 ingenue
879 1560 983 1630 lector,
991 1558 1158 1621 omniahac
1171 1560 1278 1621 mnndi

82 1658 262 1731 tempestate
270 1670 399 1729 sursum,
408 1655 558 1730 deorsum,
571 1656 719 1738 quadrata
732 1656 867 1717 rotundis
881 1656 1061 1716 miscentur:
1083 1654 1190 1734 hyeme
1203 1676 1278 1737 pug-

81 1747 223 1807 nandum
247 1758 301 1824 est,
322 1749 396 1811 dum
418 1760 536 1832 tempos
557 1753 724 1834 appropiat,
747 1770 807 1831 quo
832 1750 933 1833 Reges
956 1750 997 1811 ad
1019 1750 1098 1811 bella
1118 1753 1278 1832 procedere

82 1854 316 1921 consueverunt,
328 1846 358 1906 in
374 1846 515 1927 hybernie
528 1848 779 1909 delitescendum:
801 1866 862 1907 non
875 1855 974 1907 minen
985 1846 1018 1906 id
1030 1845 1095 1907 sine
1108 1846 1199 1906 canai
1211 1846 1278 1907 lieri

83 1946 183 2018 putes,
194 1952 306 2001 norunt
318 1941 363 2003 illi
376 1962 503 2022 quorum
517 1943 649 2005 interest.
687 1942 879 2024 Solentsaepe
888 1941 1095 2004 Commissarii
1102 1941 1277 2016 exercitum,

85 2034 174 2113 quasi
186 2038 345 2099 necoesitss
358 2038 391 2099 id
403 2038 515 2121 exigat,
530 2039 562 2099 in
579 2060 686 2121 campo
704 2041 843 2112 retinere,
857 2049 891 2100 ut
903 2038 960 2119 ipsi
974 2058 1012 2098 ex
1024 2037 1168 2117 hybernis
1179 2037 1277 2111 illum,

84 2131 139 2209 qui
160 2131 251 2193 militi
272 2134 439 2216 assignatus
460 2146 533 2211 erat,
552 2135 684 2197 fructum
701 2136 864 2198 demetant.
906 2133 949 2195 Et
968 2134 1026 2213 ipsi
1047 2132 1112 2194 baec
1127 2134 1277 2195 nemiuem

87 2236 190 2289 notare
200 2227 650 2307 existimant,cnmluceclarins
661 2232 827 2294 meridiani
836 2230 998 2292 multorum
1006 2230 1068 2291 doli
1070 2231 1137 2312 jam
1146 2239 1277 2311 pateant.

90 2323 151 2386 Sed
164 2344 232 2406 qnoe
246 2345 401 2407 supranos
412 2327 539 2390 nihilad
552 2348 617 2402 nos,
632 2329 728 2390 obiter
738 2338 836 2390 tamen
845 2336 875 2389 et
883 2348 937 2409 per
946 2336 1135 2390 transennam
1144 2326 1277 2410 tetigisse

87 2420 244 2484 veritatem
262 2423 307 2483 nil
324 2424 452 2486 nocebit.
494 2425 548 2486 Ad
564 2424 750 2487 Comitatum
768 2425 1079 2506 Schaumburgenaem
1094 2425 1221 2495 macne,
1240 2444 1278 2485 ue

88 2517 187 2579 oesfivi
202 2539 255 2580 nos
270 2528 373 2600 postea
390 2519 503 2582 calores
516 2530 642 2603 gravent
660 2521 846 2595 festinemus,
860 2520 915 2581 aed
929 2520 1009 2581 lente
1027 2529 1138 2590 minen,
1152 2539 1190 2580 ne
1203 2519 1278 2581 forte

89 2613 172 2676 idem
186 2616 270 2677 nobis
285 2617 368 2696 quod
386 2615 612 2679 Conaschianae
633 2617 746 2700 legioni
764 2617 893 2678 nimium
908 2616 1098 2693 acceleranti,
1106 2616 1277 2698 contingat.

89 2709 170 2772 Haec
178 2711 256 2772 enim
265 2733 336 2774 cnm
344 2713 384 2774 ad
394 2713 523 2775 eundem
534 2712 689 2776 nobiseum
701 2712 797 2774 locum
813 2722 890 2774 esset
898 2713 1054 2787 destinata,
1066 2712 1152 2773 nobis
1164 2711 1276 2788 insciis,

88 2827 204 2868 summo
220 2807 378 2870 Generalis
394 2808 524 2870 Gallassi
539 2809 641 2870 huosa
656 2810 785 2872 obtinuit
800 2809 918 2892 copiam
936 2828 992 2870 nos
1008 2807 1223 2890 praeveniendi,
1243 2807 1277 2869 et

90 2903 136 2979 (ni
149 2902 248 2978 fallor)
261 2912 371 2976 mente,
385 2913 419 2966 ut
433 2907 578 2985 optimam
594 2905 650 2968 sibi
667 2905 931 2968 commorationem
947 2903 1102 2987 deligeret,
1117 2913 1147 2964 et
1160 2922 1215 2964 sua
1226 2903 1279 2965 sti·

88 2999 197 3079 pendia
206 3019 258 3060 seu
267 3000 517 3061 contributionem
529 3001 609 3082 prior
619 3010 819 3081 extorqueret,
829 3009 919 3081 atque
931 3000 971 3061 ad
980 3009 1118 3062 nostrum
1127 3019 1279 3061 oceasum

89 3095 132 3156 nil
145 3105 276 3172 restaret,
292 3095 340 3157 vel
354 3096 379 3157 si
393 3096 467 3178 quid
483 3106 617 3173 restaret,
633 3097 794 3159 difficulter
813 3095 1004 3178 colligeretur
1016 3095 1113 3158 multi
1126 3117 1196 3157 cum
1210 3097 1279 3157 sub-

90 3193 217 3254 ditorum
235 3192 421 3255 difficultate.
465 3193 527 3254 Sed
545 3196 598 3276 qui
611 3195 712 3256 omnia
730 3194 893 3276 prudenter
913 3193 1042 3265 ordinat,
1055 3193 1279 3274 providentissi-

90 3309 155 3350 mus
169 3290 260 3351 Dans
273 3288 417 3371 preclare
436 3288 593 3371 disposuit,
609 3289 820 3372 strophamque
836 3289 868 3348 in
890 3288 1024 3369 ipsomm
1042 3288 1160 3349 retorsit
1176 3299 1276 3369 caput,

90 3381 233 3462 fecitque3
256 3391 290 3442 ut
310 3401 445 3444 cursores
469 3382 520 3442 isti
540 3382 624 3464 prins
647 3381 754 3444 fierent
775 3382 879 3461 praeda
896 3381 1040 3459 hostibus,
1064 3384 1155 3463 quim
1176 3385 1277 3446 locum

91 3477 267 3540 destinatum
281 3477 499 3560 contingerent.
540 3478 619 3540 Cum
633 3479 712 3540 euim
724 3477 913 3539 adversarius
922 3477 1008 3540 miles
1017 3499 1076 3540 non
1089 3481 1193 3560 procul
1208 3481 1279 3540 inde

90 3572 207 3634 dissitus
220 3593 274 3654 per
287 3571 485 3654 exploratores
499 3576 643 3650 rescisset,
656 3573 804 3656 legionem
819 3572 912 3634 solam
926 3573 993 3634 illas
1004 3575 1068 3635 vias
1076 3575 1278 3647 transituram,

94 3688 157 3730 mox
178 3670 340 3730 emiserunt
364 3670 525 3750 plusculos,
547 3671 600 3751 qui
622 3691 657 3732 ex
680 3670 796 3730 insidiis
817 3680 1015 3750 erumperent,
1034 3680 1065 3730 et
1081 3673 1210 3732 cinctam
1229 3673 1278 3733 vel
