3225 4700
354 280 418 346 304
752 279 775 342 I
780 276 1055 347 TINERARI
1062 277 1149 345 UM.

302 454 308 465 ·
355 437 510 501 Praetoriae
522 436 648 520 legionis
662 435 791 511 Ductor,
812 435 991 517 Rudolphus
1010 436 1265 514 Birckenfeldius,
1282 438 1306 501 J
1307 436 1438 500 anislsus
1457 437 1556 518 Kyn-

354 536 466 608 eckius,
486 544 516 596 et
536 532 708 595 Gulielmus
731 531 957 615 Hockingerus.

394 631 462 691 Hos
486 629 703 692 comitabantur
728 629 892 691 earundem
917 628 1080 711 legionum,
1104 630 1205 692 locum
1229 638 1373 702 tenentes,
1395 630 1556 693 colonelli

353 735 490 808 quatuor,
505 724 647 787 Praefecti
660 725 731 785 item
745 724 858 806 vigiliis
871 725 1003 806 supremi
1016 734 1087 801 tres,
1101 725 1210 807 viginti
1227 734 1286 788 tres
1303 728 1425 807 iusuper
1440 735 1552 787 centu-

289 828 294 843 “
352 825 450 885 mones
464 823 608 903 equitnm.
650 822 692 883 Et
705 822 783 883 inter
796 820 852 881 hos
868 819 1090 883 Illustrissimus
1109 821 1249 883 Marchio
1268 822 1469 883 Durlaeensis
1488 821 1552 883 Ca·

352 918 432 981 rolns
447 919 591 1001 Magnus,
609 916 719 999 aliique
737 916 826 978 facile
843 925 963 977 centnm
983 916 1140 979 officiales:
1167 919 1322 1001 gregarius
1340 918 1427 979 miles
1449 916 1552 978 mille·

352 1016 470 1077 narium
486 1034 643 1076 numerum
661 1013 820 1075 excessisse
838 1012 968 1087 dicitnr:
990 1014 1040 1075 nbi
1058 1015 1098 1075 ad
1117 1016 1198 1076 urbis
1217 1024 1317 1096 portas
1334 1014 1548 1086 substiterunt,

351 1133 390 1173 ne
403 1112 528 1173 confuso
543 1111 648 1173 ordine
665 1110 862 1183 incederetur,
882 1110 980 1170 visum
997 1117 1043 1171 est
1060 1109 1199 1171 ordinare
1217 1109 1298 1172 huuc
1312 1110 1344 1171 in
1357 1112 1486 1171 modum
1501 1112 1549 1170 in·

351 1228 496 1290 gressum,
514 1216 549 1269 nt
567 1206 708 1289 praeirent
726 1205 768 1267 62
784 1204 903 1266 circiter
922 1205 1104 1287 cataphracti
1123 1207 1247 1286 equites,
1269 1206 1323 1267 hos
1342 1206 1428 1287 equis
1451 1207 1547 1267 etium

349 1305 490 1366 sublimes
502 1309 694 1383 sequerentur
704 1299 846 1361 Marchio
857 1300 1004 1363 Budensis
1015 1322 1104 1383 supra
1113 1303 1284 1364 nominatus
1294 1322 1363 1363 cum
1375 1302 1548 1384 Schlengio

349 1402 403 1483 qni
416 1402 569 1463 sinistrum
582 1397 726 1478 principis
739 1395 818 1457 latus
830 1395 967 1478 stipabat,
982 1398 1052 1459 istos
1065 1418 1142 1480 pone
1160 1397 1178 1459 d
1191 1408 1277 1479 tergo
1295 1399 1471 1479 premebant
1482 1408 1545 1459 tres

349 1498 400 1558 elii
409 1498 474 1578 jam
489 1495 562 1557 dicti
576 1494 723 1557 Colonelli
737 1513 806 1553 cum
820 1492 885 1555 eliis
898 1494 1056 1575 precipuis
1069 1494 1245 1556 officialibus
1257 1494 1382 1575 captivis
1396 1496 1543 1556 suecede-

348 1595 421 1656 baut
441 1594 509 1655 dure
527 1590 678 1653 Centuriae
698 1588 965 1671 cataphractorum.
1015 1591 1136 1672 Captivi
1155 1611 1226 1652 vero
1244 1590 1353 1673 reliqui
1369 1590 1502 1652 inermes
1522 1592 1541 1651 d

348 1691 462 1772 reliquo
475 1689 570 1751 milite
582 1689 812 1751 deducerentur.
858 1688 1101 1768 Quamprimum
1119 1688 1199 1750 intra
1216 1688 1320 1749 urbem
1338 1686 1462 1749 admissi
1476 1686 1541 1747 fue·

348 1795 419 1848 runt
432 1786 519 1868 signa
531 1784 680 1866 equestria
692 1785 730 1846 ab
742 1785 922 1848 adversemis
940 1785 1060 1846 obtenta
1077 1784 1116 1845 ad
1133 1784 1230 1845 eedem
1243 1782 1419 1865 Principem
1439 1783 1539 1845 delata

255 1873 259 1890 ¹
347 1892 426 1943 sunt.
468 1881 589 1962 Captivi
609 1881 680 1943 verb
700 1882 732 1943 in
752 1882 886 1944 diuersas
903 1882 1008 1943 domos
1031 1890 1061 1942 et
1082 1880 1230 1942 custodias
1249 1880 1394 1961 tantisper
1412 1880 1537 1941 deducti

347 1979 446 2059 quoad
465 1977 506 2039 27
524 1977 631 2039 Martii
650 1977 758 2038 devehi
777 1979 910 2041 meando
925 1977 1068 2039 Danubio
1086 1985 1205 2058 possent
1221 1975 1371 2037 Viennam
1390 1977 1534 2039 Austriae.

348 2074 455 2136 Pleeet
462 2073 518 2134 hoc
526 2072 592 2133 loco
599 2080 738 2148 attexere,
749 2094 817 2155 qum
828 2075 977 2150 lemmata,
988 2072 1149 2155 praecipuis
1159 2070 1276 2133 vexillis
1284 2092 1321 2133 ex
1333 2071 1536 2155 Schlengiana

346 2170 431 2233 clade
444 2168 610 2250 reportatis,
624 2169 767 2252 inscripta
779 2170 900 2232 fuerint.

387 2265 481 2348 Signa
493 2263 656 2326 universim
670 2264 777 2325 vicena
793 2265 971 2327 aOoesareis
986 2265 1107 2327 obtenta
1126 2264 1253 2326 fuerant.
1294 2264 1407 2325 Eorum
1428 2264 1533 2344 praeci-

344 2383 438 2444 pnum
451 2383 489 2422 ex
502 2381 561 2422 una
574 2372 657 2443 parte
670 2361 748 2423 hanc
761 2361 984 2443 inscriptionem
998 2362 1118 2424 ferebat.
1160 2363 1263 2423 Virtus
1276 2381 1347 2422 vere
1356 2360 1534 2422 nobilitas—

346 2460 394 2521 Ex
406 2456 660 2520 adversi-Cum
675 2458 743 2520 Deo
758 2467 788 2520 et
805 2457 988 2520 Victricibus
1006 2457 1285 2519 ermis-Alterum
1301 2457 1475 2518 ostendebat
1495 2478 1531 2517 ex

343 2555 401 2617 hac
414 2555 490 2616 facie
503 2560 561 2614 stat
577 2555 608 2614 in
623 2555 755 2636 potentie
768 2554 839 2630 Dei,
854 2575 892 2615 ex
905 2553 1076 2614 altere—In
1095 2553 1151 2614 hoc
1169 2554 1256 2637 siguo
1272 2552 1455 2614 vinces-In
1473 2553 1530 2612 elio

343 2651 497 2733 legebatur
517 2671 554 2712 ex
575 2672 636 2712 nno
655 2651 837 2712 latere-Iu
858 2650 991 2712 Nomine
1012 2650 1073 2711 Dei
1092 2649 1192 2711 Petris
1211 2661 1242 2711 et
1260 2649 1332 2710 Filii
1350 2658 1381 2710 et
1401 2649 1529 2729 Spiritus

345 2746 448 2809 Sancti
468 2745 563 2808 hostes
579 2758 695 2808 nostros
711 2747 991 2829 aggredimur-ex
1009 2745 1305 2818 altero,-Domine,
1328 2745 1462 2806 Dextera
1479 2755 1529 2806 tua

342 2843 439 2905 vincit
450 2840 558 2904 hostes.
582 2843 727 2915 Quartam
740 2843 886 2904 referebat
898 2842 969 2903 hine
983 2841 1252 2921 quidem—Quod
1264 2842 1363 2903 fecero
1374 2843 1525 2903 sectamini

342 2938 498 3001 -Isthinc
519 2938 760 3000 verb—Gladius
779 2937 905 2998 Domini
924 2946 953 2998 et
972 2937 1107 2998 Gedeon.
1150 2937 1316 3010 Quinctum
1334 2940 1525 3019 spectandum

342 3036 491 3118 prebebat
507 3034 539 3094 in
557 3033 648 3115 priori
665 3032 951 3112 facie—Persequar
969 3031 1107 3094 inimicos
1125 3053 1215 3108 meos,
1231 3033 1263 3093 in
1279 3033 1449 3114 posteriore,
1464 3035 1524 3095 Do·

340 3133 422 3192 mine
435 3132 454 3192 d
467 3151 515 3192 me
527 3139 623 3192 stante
636 3151 697 3192 non
710 3129 832 3191 timebo.
874 3130 913 3190 In
932 3139 1014 3190 sexto
1031 3130 1377 3191 ridebatur-Audaces
1395 3129 1523 3192 Fortuna

334 3227 590 3308 juvat-Et-Tu
603 3237 708 3288 contre
720 3226 877 3288 audentior
890 3225 942 3287 ito.
985 3225 1151 3307 Septimum
1164 3223 1321 3286 exhibebat
1335 3225 1522 3308 Epigraphen

339 3323 458 3386 -·-cum
473 3324 540 3384 Deo
553 3331 584 3384 et
595 3322 769 3384 uictricibus
786 3321 877 3382 ermis
894 3331 925 3382 et
940 3322 1120 3383 certantibus
1140 3320 1264 3383 offertur
1282 3321 1425 3384 Victoria.
1464 3323 1521 3384 Oc·

229 3407 236 3420 ⁰
338 3432 440 3482 turum
452 3419 496 3480 ita
507 3417 832 3499 loquebatur,—Gorde
846 3416 941 3478 clamo
955 3426 985 3479 et
998 3417 1135 3479 manibus
1148 3437 1258 3499 pugno.
1300 3418 1425 3481 Nonum
1441 3419 1519 3480 deni·

336 3539 395 3599 que
413 3514 559 3596 exprime
576 3496 652 3576 iheie
670 3513 1059 3597 preferebat-Praetura
1077 3533 1124 3574 me
1143 3514 1253 3576 uirtute
1272 3514 1311 3575 ad
1328 3513 1517 3575 bellum—ex

335 3609 635 3688 secunda-debora
643 3617 792 3673 memento
801 3609 872 3700 mei.
913 3609 1178 3672 Mousbatinteree
1189 3610 1344 3673 Generalis
1354 3610 1515 3672 Benuerius
