3225 4700
475 350 503 416 Ι
508 348 887 417 TINERARIUM.
1213 347 1276 415 249

111 461 189 561 Hic
203 492 327 582 Imperii
342 499 547 566 Cencellerius
560 503 671 568 Comes
686 503 785 566 Kurtz
800 502 930 565 Doctori
946 500 1180 586 Reigersperger
1197 519 1275 580 prue-

53 595 196 658 lectum
209 597 228 658 b
243 597 377 660 Doctore
392 599 520 662 Soldner
533 601 764 682 propositionem
777 596 914 661 tredidit.

113 693 186 755 His
200 694 328 774 peractis
340 715 394 756 sua
406 695 545 758 Caesarea
559 697 703 779 Mejestas
716 716 807 776 quem
821 695 952 776 primum
966 693 1004 754 de
1018 691 1125 756 throno
1134 692 1273 766 surrexit,

53 800 97 852 et
114 800 187 851 tam
201 790 254 852 diu
267 801 370 872 aperto
383 793 481 873 capite
494 793 585 868 stetit,
601 793 700 873 quoad
716 792 843 873 Imperii
860 801 955 852 status
971 790 1064 851 simili
1080 791 1272 870 ordineque

55 887 110 948 ad
142 887 262 948 curiam
286 898 441 964 renerent,
465 898 670 950 reverterunt:
702 897 775 950 tunc
795 909 851 950 sna
872 888 1018 970 Mejestas
1038 888 1154 969 operuit
1174 888 1273 949 denuo

55 991 181 1063 caput,
195 992 356 1065 secuteque
369 995 414 1047 est
426 995 485 1048 tres
497 985 708 1068 Imperator-ios
718 985 878 1046 Ministros
887 1004 1060 1065 supremum
1070 984 1185 1046 scillcet
1194 984 1271 1046 auloe

59 1080 227 1142 Caesareae
241 1079 437 1157 Prael'ectnm,
457 1083 638 1164 Snpremum
660 1080 880 1154 Ommatium,
893 1090 924 1142 et
938 1079 1172 1142 Merescballum
1186 1081 1273 1156 auloe,

59 1188 166 1258 atque
181 1177 224 1238 ita
236 1197 340 1240 omues
352 1177 442 1242 simul
455 1179 606 1243 Coesarem
620 1179 744 1241 domum
757 1177 892 1241 comitati
904 1186 975 1240 sunt
982 1198 993 1255 ;
1014 1197 1142 1258 eumque
1152 1177 1220 1239 istic
1233 1179 1273 1240 ad

62 1273 237 1336 dimidiam
250 1273 371 1337 circitor
382 1259 488 1338 horem
501 1285 716 1359 expectassent,
730 1275 978 1355 accumbentiqne
995 1274 1036 1336 ad
1054 1293 1188 1335 mensam
1208 1274 1272 1334 Im·

58 1369 207 1454 peratori
220 1371 344 1433 servitia
356 1381 499 1435 consueta
511 1371 697 1448 detulissent,
707 1373 747 1434 aul
760 1391 845 1434 suam
854 1372 979 1453 quisque
989 1371 1115 1433 domum
1125 1371 1157 1432 in
1168 1371 1271 1432 essedo

64 1468 222 1530 reductus
235 1475 297 1530 est:
318 1477 407 1549 atque
425 1469 469 1531 sic
487 1469 585 1531 omnis
602 1468 814 1552 propositionis
831 1469 922 1552 hujus
934 1477 1020 1531 actus
1035 1469 1076 1531 ed
1093 1468 1185 1530 linem
1204 1489 1272 1552 per·

63 1566 198 1626 ductus.

401 1665 509 1725 Actum
522 1663 702 1736 Rolisbouoe,
717 1666 763 1725 la.
778 1661 963 1742 Septembris.
1005 1661 1097 1723 Auno
1113 1665 1199 1726 1640.

116 1855 225 1918 Hebes
237 1855 380 1919 benevole
395 1857 505 1920 Lector
517 1859 607 1922 totius
620 1858 710 1940 hujus
722 1857 848 1920 actionis
860 1857 979 1929 seriem,
992 1866 1022 1918 et
1035 1856 1182 1933 ordinem,
1196 1859 1273 1922 forte

69 1953 289 2038 prolixioribus
302 1973 393 2034 quam
405 1955 525 2018 volebes
538 1956 648 2031 uerbis,
662 1955 720 2019 leci
735 1956 768 2017 id
782 1956 821 2017 de
834 1954 992 2030 industria,
1005 1953 1151 2016 obsideas
1160 1965 1274 2036 quanta

70 2071 150 2112 cnm
165 2049 339 2112 solennitate
353 2051 476 2114 comitia
488 2061 677 2136 peragentur,
692 2053 718 2114 si
736 2052 818 2114 enim
835 2051 917 2113 solus
935 2049 1086 2134 ingressus
1102 2059 1200 2111 tantm
1218 2051 1273 2113 ed·

71 2146 196 2208 miserit
209 2148 402 2222 ceremonias,
416 2169 542 2230 pronum
559 2149 616 2211 erit
628 2149 769 2231 prudenti
783 2149 806 2210 J
807 2148 941 2223 udicare,
955 2147 1031 2228 quid
1044 2146 1076 2207 in
1093 2146 1162 2207 aliis
1173 2146 1272 2208 solen-

70 2243 214 2304 nioribus
236 2243 351 2304 actibus
372 2243 439 2306 lieri
462 2265 617 2308 necessum
641 2245 689 2308 sit.
742 2245 825 2307 Dein
850 2265 909 2306 non
935 2243 1075 2304 omnibus
1097 2243 1179 2304 obvii
1203 2253 1273 2306 snut

72 2349 224 2413 auctores,
238 2339 291 2420 qui
304 2341 485 2403 articulatim
500 2341 552 2403 ille
564 2352 769 2425 percenseant,
784 2340 873 2403 retuli
883 2339 977 2423 igitur
989 2338 1021 2400 in
1035 2359 1135 2401 meum
1150 2339 1273 2403 codicu-

70 2436 152 2511 lum,
178 2437 347 2517 quietalis
373 2447 443 2500 sunt
469 2458 536 2520 qun
563 2439 698 2501 serviunt
723 2439 852 2501 subinde
879 2437 1042 2499 multorum
1069 2436 1271 2499 instructioni.

74 2534 180 2615 Opere
193 2544 295 2595 nostra
306 2542 338 2595 et
351 2546 460 2597 conatu
478 2544 562 2598 utere
579 2535 605 2597 si
624 2534 716 2609 lubet,
735 2536 760 2597 si
778 2533 918 2616 displicet
933 2534 1051 2595 transili
1070 2535 1110 2596 ed
1128 2534 1188 2596 alia
1203 2555 1271 2615 quae

73 2630 161 2693 orexi
174 2640 233 2692 tuae
245 2638 317 2691 sunt
328 2632 490 2713 sapidiora.
533 2632 693 2713 Deumque
712 2631 931 2713 impensissimo
948 2629 1058 2693 affectu
1076 2652 1137 2707 ora,
1159 2641 1194 2693 ut
1208 2633 1273 2693 Eu·

73 2746 158 2808 ropae
181 2736 224 2787 tot
244 2726 380 2789 cladibus
401 2728 519 2791 afflictus
542 2738 588 2791 tot
609 2729 736 2790 miseriis
756 2729 918 2801 exhaustae,
939 2728 1030 2790 tantis
1052 2728 1272 2791 calamitatibus

75 2832 225 2885 enervatus
239 2823 402 2904 aliquando
415 2826 537 2888 tandem
551 2846 606 2910 pro
619 2845 673 2889 sue
688 2825 892 2889 misericordie
908 2845 1013 2908 pacem
1031 2834 1062 2888 et
1078 2826 1272 2888 concordiam

75 2921 240 2983 concedere
252 2919 404 3003 dignetur.
