3225 4700
330 334 390 395 114
726 324 1130 394 ITINERARIUM.

330 482 448 545 cladem
465 502 503 544 ex
523 481 624 543 animo
641 480 724 543 Daci
743 481 865 545 Savelli.
906 482 1077 544 cunctante
1094 480 1197 561 itaque
1216 478 1335 555 Genio,
1353 477 1559 561 nostrisque

331 588 435 640 contra
448 578 850 641 validissimum'exercitum
869 579 1070 652 inferioribus,
1083 577 1232 639 Wimario
1251 577 1334 639 Daoi
1351 577 1463 638 cedere
1478 596 1559 637 oo·

277 668 283 679 '
330 675 391 736 acti
403 684 484 751 sunt,
499 675 551 755 qui
565 674 739 756 praevalens,
754 696 825 737 cum
840 676 934 738 nostri
948 675 1094 757 impetum
1107 674 1187 735 ultra
1197 673 1279 735 haud
1295 672 1444 735 mstinere
1458 692 1555 755 pos-

330 780 406 845 sent,
421 772 531 852 eripuit
543 781 742 834 commeatum
757 792 828 834 cum
840 771 1063 854 impedimentis
1075 771 1215 833 omnibus
1231 789 1299 857 quie
1313 768 1408 831 nmtri
1420 788 1554 831 secum

325 868 523 930 advexerant.
566 869 616 931 Its
629 888 690 929 uno
704 869 765 943 die,
778 869 841 929 imo
856 869 938 929 intra
955 868 1098 949 pauculas
1118 866 1206 929 boras
1221 866 1355 927 concidit
1367 865 1554 946 potissima

324 964 473 1027 libertatis
487 965 673 1027 Brisacensis
687 986 763 1048 spes,
775 986 811 1027 ac
824 974 869 1026 tot
881 974 1017 1047 sumptus
1029 965 1067 1026 ab
1082 962 1208 1044 Imperii
1222 962 1315 1023 radis
1326 961 1551 1044 Principibus

330 1060 468 1142 impensi,
484 1060 515 1122 in
534 1061 627 1123 bostis
645 1062 803 1123 commoda
818 1061 999 1123 reciderunt.
1041 1059 1188 1122 Cecidere
1205 1079 1243 1120 ex
1259 1058 1368 1119 norun
1383 1058 1548 1138 peditum

330 1156 457 1219 Tribuni
472 1166 531 1219 tres
544 1180 614 1220 curn
634 1157 700 1218 aliis
713 1157 859 1239 gregariis
872 1156 1037 1219 militibus:
1057 1177 1119 1218 non
1132 1156 1288 1238 pauciores
1303 1164 1404 1217 tamen
1416 1175 1457 1217 ex
1470 1155 1546 1217 ad-

323 1254 466 1317 uersariis
479 1252 646 1337 legionibus
657 1251 820 1314 desiderati
829 1261 911 1327 sunt,
921 1253 1084 1335 intorques
1094 1254 1186 1315 etiam
1195 1260 1299 1333 captus
1308 1261 1354 1313 est
1363 1250 1544 1315 Generalis

320 1352 522 1412 vexcubiarum
541 1348 708 1409 Praefectus
730 1349 894 1410 Dubadell.
947 1349 1080 1412 Diremit
1103 1350 1269 1411 &senune
1290 1368 1351 1409 nox
1369 1348 1538 1429 pralium,

326 1466 397 1526 quer
412 1446 470 1507 nisi
484 1444 694 1507 intercessisset
707 1445 782 1507 forte
799 1445 913 1507 diutius
930 1446 1098 1527 maj0riqne
1115 1445 1201 1507 clade
1219 1452 1386 1526 pugnatum
1406 1443 1535 1507 fuisset.

329 1541 434 1603 Rediit
446 1541 539 1625 igitur
548 1542 588 1602 ad
598 1561 667 1603 suos
677 1540 866 1625 triumphans
875 1550 905 1604 et
916 1543 1020 1624 spoliis
1027 1543 1174 1625 gaudens,
1186 1541 1342 1603 Wimarioe
1357 1541 1431 1602 Dux
1445 1540 1537 1602 Ber·

322 1636 450 1713 nardus,
467 1636 632 1699 Savellicus
641 1638 713 1699 verb
726 1647 757 1700 et
770 1638 938 1700 Gdtzianns
950 1640 1098 1702 exercitus
1110 1660 1142 1703 se
1154 1642 1209 1703 sed
1221 1638 1315 1701 serius
1327 1638 1532 1719 conjunxere,

320 1742 417 1813 *atque
431 1734 463 1794 in
476 1733 770 1817 Wirtenbergensem
786 1735 941 1796 Ducatum
959 1737 1123 1798 exercitum
1141 1737 1293 1818 reliquum
1310 1735 1527 1797 traduxerunt.

328 1830 391 1892 Sed
414 1838 443 1891 et
462 1830 493 1890 in
517 1830 699 1891 Pomeranii
719 1852 782 1893 sors
805 1831 892 1894 nobis
911 1833 1036 1895 adversa
1058 1833 1177 1915 obtigit,
1197 1832 1250 1893 ubi
1268 1830 1416 1893 Suedicua
1434 1830 1528 1892 miles

325 1924 507 1988 Gusrtzium
525 1926 556 1988 ri
579 1927 742 1988 obruemnt
761 1937 791 1988 et
813 1928 1007 2009 oeeupdrunt.
1050 1929 1161 1990 Poloni
1181 1947 1300 2008 quoquc
1322 1946 1467 2009 magm
1490 1929 1525 1988 in

328 2018 437 2103 Regno
450 2022 583 2083 excitant
594 2023 769 2097 tumultum,
778 2025 817 2085 ob
831 2024 1014 2087 casimirmn
1029 2025 1205 2106 Principem
1220 2024 1316 2106 Regis
1325 2023 1373 2085 sui
1385 2022 1525 2085 Fratrem

325 2117 367 2179 ad
380 2125 496 2179 exteros
514 2118 695 2194 missumst
711 2119 730 2180 i
746 2118 846 2181 Galba
863 2119 1078 2203 interceptum:
1099 2122 1149 2185 hic
1169 2122 1338 2184 enimcum
1357 2120 1525 2203 Neapolim

326 2212 394 2289 iret,
410 2212 525 2275 Prorex
539 2214 576 2275 iis
590 2214 623 2275 iu
636 2216 724 2277 terris
734 2216 771 2277 ab
787 2216 927 2297 Hispano
939 2217 1114 2295 destinatus,
1129 2220 1161 2280 in
1175 2217 1334 2281 Gallorum
1347 2236 1455 2280 manns
1468 2218 1524 2281 de·

325 2306 405 2371 latus
418 2319 473 2386 est,
488 2318 517 2372 et
530 2309 664 2374 Parisios
678 2320 782 2374 contra
790 2312 844 2396 jus
857 2312 960 2395 fasque
973 2314 1130 2377 abductus.

367 2406 399 2468 N
400 2427 434 2467 eo
444 2406 539 2468 multb
551 2417 617 2488 post
626 2407 753 2470 Carolus
764 2408 938 2472 Ludovicus
950 2421 1054 2472 eontra
1063 2411 1223 2495 imperium
1231 2420 1343 2485 movet,
1353 2411 1393 2486 ei,
1402 2420 1437 2472 ut
1446 2431 1523 2492 pau·

326 2501 410 2563 latim
429 2512 515 2577 esset,
535 2501 589 2582 qui
607 2515 817 2585 opponeretur,
830 2507 950 2568 obviam
965 2508 1073 2569 missus
1086 2520 1130 2571 est
1146 2508 1256 2570 Petrus
1270 2507 1349 2581 Gdtz
1362 2508 1402 2569 ad
1415 2508 1520 2590 explo-

325 2598 464 2674 randum,
475 2618 617 2678 quorsum
632 2601 697 2680 ejus
707 2602 1009 2677 consiliatenderent,
1019 2624 1108 2685 quem
1118 2625 1188 2666 mox
1198 2614 1317 2666 mentua
1327 2615 1373 2666 est
1384 2604 1521 2686 impera

323 2694 397 2755 toris
411 2694 531 2756 decreto
545 2695 702 2758 Generalis
716 2698 883 2773 Hatzfeldt,
896 2698 951 2781 qui
963 2701 1104 2762 exercitui
1116 2701 1255 2763 Caesareo
1268 2701 1305 2762 iis
1317 2701 1350 2762 in
1360 2700 1435 2762 locis
1448 2721 1520 2762 cum

323 2789 450 2871 imperio
463 2799 611 2872 praeesset
654 2792 718 2854 Hic
737 2795 836 2875 primo
849 2816 968 2878 qnoque
984 2805 1128 2880 tempora,
1142 2795 1199 2858 boc
1216 2807 1263 2860 eat
1273 2797 1422 2879 vigesimo
1434 2807 1520 2860 sexto

324 2883 458 2965 Augusti
469 2884 686 2947 armilustrium
700 2886 803 2949 baberi
816 2889 911 2950 voluit
928 2909 988 2951 non
1001 2891 1108 2972 procul
1122 2893 1286 2973 Lipstadio,
1300 2911 1362 2973 quo
1380 2893 1520 2956 coniecto

324 2977 433 3040 Susato
452 2979 656 3042 Hammonem
676 2983 716 3044 ad
735 2984 879 3046 Fluvium
897 2986 1002 3068 Lippae
1016 2987 1115 3061 sitam,
1137 3008 1174 3050 ao
1187 2990 1308 3050 tandem
1325 2990 1519 3053 Tremoniam

324 3073 464 3153 perrexit.
517 3074 632 3148 Quarto
655 3077 840 3160 Septembris
859 3102 930 3143 eum
953 3103 1014 3144 non
1034 3085 1139 3166 procul
1160 3087 1261 3147 abesae
1281 3085 1520 3168 intelligeremus

321 3167 457 3231 Comites
476 3169 630 3234 Palatinos
652 3193 721 3235 cum
741 3176 802 3238 suis
820 3178 925 3259 copiis,
944 3180 1004 3241 duc
1027 3180 1174 3260 Equitum
1195 3181 1291 3242 millia
1312 3191 1419 3243 eontm
1438 3183 1518 3265 ipsos

323 3283 443 3326 movere
451 3266 537 3348 jussa
550 3279 630 3343 sunt,
642 3271 695 3332 sed
704 3291 774 3333 cnm
785 3273 842 3354 ipsi
851 3275 917 3356 jam
927 3295 980 3356 per
989 3276 1189 3358 exploratores
1199 3277 1357 3340 rescissent
1366 3279 1405 3340 de
1414 3291 1518 3341 nostro

322 3359 466 3438 adventu,
481 3370 573 3423 totam
587 3373 704 3427 noctem
718 3368 749 3427 in
763 3368 828 3428 acia
841 3368 967 3430 militem
980 3391 1066 3432 suum
1082 3382 1253 3446 tenuerunt,
1263 3373 1306 3434 ita
1317 3385 1414 3435 minen
1429 3385 1465 3437 ut
1476 3377 1516 3435 ab

320 3455 482 3536 aggeribus
494 3458 556 3519 suis
575 3480 634 3521 non
648 3463 776 3525 multum
791 3466 973 3542 recederent,
988 3487 1042 3548 per
1054 3487 1129 3548 quos
1142 3469 1251 3530 nostris
1268 3469 1370 3532 nullus
1386 3471 1513 3532 dabatur

321 3571 467 3614 accessus.

361 3649 424 3710 Sub
439 3649 503 3713 bac
519 3662 652 3732 tempora
666 3655 758 3717 Fama
771 3657 811 3718 ad
825 3678 879 3720 nos
893 3678 952 3720 non
965 3660 1099 3724 obscuris
1112 3663 1282 3726 rumoribus
1295 3663 1423 3738 detulit;
1443 3681 1512 3724 nes·
