3225 4700
322 316 387 382 406
722 309 747 376 I
751 310 857 379 TIN
859 309 1043 377 ERARI
1052 307 1137 375 ΗΜ.

324 476 444 530 tremet
463 468 630 547 Regentern
652 467 809 527 astituram
828 473 861 526 et
879 465 1072 546 profuturam
1086 463 1189 524 liberis
1209 463 1319 525 nostris
1338 462 1446 524 eadem
1471 481 1537 542 qua

322 585 394 646 erga
407 584 461 624 nos
474 563 533 624 tuit
545 561 618 623 fide.
873 575 876 582 ·

345 705 349 712 .
362 661 514 734 Quoniam
527 660 600 721 vero
613 660 698 720 dicta
711 659 831 741 Regina
843 659 955 739 conjux
969 667 1081 730 uonna
1096 659 1127 719 in
1141 667 1200 723 tam
1215 657 1378 739 multiplici
1387 657 1534 738 negotio-

321 779 387 820 rum
405 757 559 828 rarietate‚
575 767 605 818 et
617 766 793 817 oecurrente
812 755 1007 836 perplexitate
1021 755 1123 816 omnin
1136 775 1189 836 per
1202 765 1296 816 semet
1311 754 1532 816 administrare
1580 761 1586 838 l

321 876 380 916 noe
397 854 526 936 poterit3
554 853 627 933 quin
643 874 699 914 nec
717 872 817 914 rerum
836 853 970 913 omniurn
987 861 1163 933 praesentem
1183 852 1358 914 memoriam
1372 861 1403 912 et
1419 871 1531 912 neces·
1583 847 1586 876 '³

319 954 429 1015 sariam
448 949 790 1033 experientiamhabere
807 949 1009 1010 necessarium
1027 949 1152 1010 omnino
1167 951 1350 1030 judicamus,
1363 949 1392 1010 ei
1413 949 1530 1030 adjun-

319 1049 435 1132 gendos
455 1068 519 1109 csse
538 1046 726 1108 consiliarios
746 1057 777 1106 et
796 1046 1002 1116 administros,
1018 1065 1151 1127 quorum
1173 1048 1307 1109 consiliis
1327 1057 1358 1109 et
1379 1067 1475 1128 opera
1494 1047 1528 1105 in

320 1149 411 1208 rebus
421 1145 520 1208 dubiis
530 1146 575 1206 uti
586 1145 688 1226 possit.
731 1143 783 1203 Ad
795 1142 874 1203 hanc
885 1163 973 1223 porro
982 1145 1184 1205 remmaxime
1195 1155 1225 1206 et
1237 1146 1269 1206 iu
1280 1145 1386 1226 primis
1397 1145 1530 1205 idoneos
1583 1133 1584 1138 ¹

318 1244 485 1324 delegimus
499 1252 662 1325 cognatum
674 1241 1062 1302 nostrumamautissimum
1074 1251 1161 1302 aetate
1173 1251 1203 1303 et
1216 1242 1341 1304 consilio
1355 1241 1528 1323 pollentem

319 1339 495 1422 Principem
515 1340 684 1402 Coudteum
701 1348 736 1399 ut
753 1348 783 1399 et
801 1339 1085 1399 Eminentissimum
1100 1338 1294 1401 cardinalem
1315 1339 1527 1406 Mancinum,
1585 1371 1586 1408 ι

317 1437 530 1499 cancellarium
548 1437 671 1518 insuper
687 1436 774 1517 regni
791 1435 897 1505 nostri,
918 1435 1245 1519 custodemquersigilli
1266 1436 1353 1518 regii,
1368 1445 1399 1496 et
1414 1455 1527 1516 super-

316 1535 522 1596 intendentem
546 1553 674 1594 camerae
697 1553 735 1595 ac
755 1532 1057 1594 arohithesaurarium
1083 1533 1250 1595 Dominum
1277 1535 1347 1595 item
1372 1535 1411 1594 de
1437 1533 1526 1596 Cha-

315 1631 401 1715 vigni
418 1631 612 1693 secretmium
629 1631 728 1712 regni.
770 1631 972 1692 Deceruimus
988 1651 1108 1712 quoque
1128 1641 1161 1692 ut
1179 1631 1250 1694 huic
1270 1630 1396 1693 consilio
1416 1631 1526 1712 praesi-

316 1731 387 1790 deat
401 1729 614 1791 dilectissimus
630 1727 722 1790 srater
739 1737 841 1789 noster
860 1727 933 1789 Dux
950 1727 1185 1804 Aurelianensis,
1200 1739 1233 1790 et
1251 1729 1283 1788 in
1300 1728 1365 1809 ejus
1382 1729 1526 1789 absentia

316 1827 465 1908 Princeps
485 1826 647 1900 Coudaeus,
664 1825 714 1886 vel
729 1825 900 1888 Cardinalis
916 1825 1102 1901 Macerinus,
1121 1847 1157 1887 ac
1173 1826 1226 1887 alii
1244 1837 1465 1907 consequenter
1484 1848 1521 1887 eo

314 1923 420 1984 ordine
434 1933 469 1984 ut
477 1925 542 2004 jam
557 1923 705 1984 nominati
718 1935 799 1985 sunt.
843 1923 1030 1984 Ordinamus
1043 1923 1145 1996 etiem,
1160 1943 1198 1984 ne
1212 1923 1281 2004 quis
1295 1925 1407 1984 audeat
1421 1923 1519 1984 ullam

314 2041 351 2082 ex
373 2021 455 2092 dicto
477 2020 534 2081 hoo
561 2019 685 2081 oonsilio
707 2041 864 2100 personam
891 2032 1018 2096 mutare,
1041 2041 1169 2096 cassare,
1194 2021 1352 2101 deponere.
1395 2021 1517 2092 Quodsi
1585 2015 1586 2076 l

313 2127 414 2179 umen
424 2118 533 2198 aliquis
546 2139 584 2179 ex
597 2117 687 2178 dictis
695 2117 878 2192 consiliariis
885 2117 934 2178 vel
944 2117 1006 2177 uita
1016 2117 1175 2181 decederet
1185 2117 1234 2178 vel
1244 2119 1282 2178 ob
1293 2137 1399 2196 graves
1409 2138 1517 2178 causas

313 2215 440 2276 oonsilio
451 2215 682 2278 <submovendus
701 2223 788 2287 esset,
807 2213 890 2274 haud
908 2233 1061 2294 quaquam
1077 2213 1155 2275 alius
1171 2215 1201 2275 in
1217 2215 1282 2296 ejus
1296 2215 1395 2276 locum
1409 2217 1516 2276 subro-

312 2323 409 2397 getur,
426 2313 485 2375 nisi
500 2333 571 2375 cum
589 2332 739 2374 consensu
757 2310 904 2393 Regentis
926 2311 1054 2395 Reginae
1071 2312 1211 2394 conjugis
1226 2321 1348 2387 nostrae,
1366 2332 1403 2374 ac
1422 2333 1515 2374 nemo
1585 2374 1586 2379 ,

311 2411 369 2472 nisi
379 2432 431 2492 per
439 2409 614 2472 electionem
626 2420 656 2471 et
666 2418 802 2471 votorum
815 2407 1014 2489 pluralitatem
1026 2410 1058 2469 in
1067 2410 1305 2471 consiliariorum
1314 2411 1437 2473 alterius
1447 2411 1513 2473 loco

310 2508 477 2591 adlegetur.
518 2507 707 2590 Imperamus
723 2526 844 2587 quoque
863 2526 900 2567 ex
915 2506 1104 2588 plenitudine
1120 2507 1284 2588 potestatis,
1306 2516 1338 2569 nt
1353 2508 1457 2569 omnia
1472 2511 1512 2570 de

310 2626 384 2687 pace
410 2605 628 2679 constituenda,
650 2612 702 2665 aut
727 2603 807 2664 bello
833 2605 1047 2685 promovendo,
1073 2603 1129 2666 &a
1156 2604 1284 2665 consilia
1308 2606 1431 2666 nonnisi
1457 2628 1511 2687 per

310 2702 392 2763 huuc
412 2716 549 2764 senatum
571 2711 790 2784 proponantur,
812 2701 1026 2775 deliberentur,
1049 2704 1311 2764 etdecernantur.
1353 2702 1509 2775 Quantum

309 2799 381 2861 verit
395 2802 434 2862 ad
455 2800 514 2861 alia
527 2801 612 2883 regni
627 2800 736 2876 officia,
751 2798 854 2862 omnia
866 2820 920 2881 per
934 2800 1083 2882 Reginam
1100 2801 1267 2883 Regentem
1282 2820 1352 2863 eum
1368 2802 1509 2864 consilia-

308 2900 420 2959 riorum
434 2919 580 2961 consensu
589 2899 822 2961 distribuentur.

351 2996 388 3056 ln
417 2995 731 3077 archiepiscopatibus,
756 2994 985 3076 episcopatibus,
1014 3002 1045 3055 et
1070 2994 1197 3055 abbatiis
1219 2994 1393 3055 dividendis
1419 3015 1507 3077 opera

308 3093 439 3167 dabitur,
456 3103 490 3155 ut
509 3093 765 3174 quemadmodum
780 3092 935 3171 hucusque
954 3091 1081 3153 sollicite
1095 3112 1148 3152 nos
1165 3092 1223 3173 ipsi
1239 3091 1452 3168 laboravimus,
1466 3094 1506 3155 ita

308 3209 426 3269 quoque
440 3190 624 3272 inposterum
644 3190 793 3272 ejusmodi
812 3189 985 3271 dignitates,
1005 3198 1035 3250 et
1052 3190 1221 3270 praelaturae
1238 3189 1348 3251 talibus
1360 3190 1435 3251 viris
1454 3192 1504 3253 de·

307 3286 450 3361 ferantur,
464 3288 518 3368 qui
533 3288 644 3349 virtute
658 3298 689 3349 et
702 3288 841 3349 doctrina
853 3285 994 3367 polleant.
1040 3287 1133 3349 Unde
1147 3287 1234 3349 nullo
1246 3288 1338 3349 modo
1350 3289 1503 3351 *conducet

307 3393 342 3444 ut
361 3383 644 3467 archiepiscopatus,
671 3384 868 3466 episcopatus,
892 3394 923 3453 et
944 3384 1069 3446 abbatiss
1092 3385 1203 3447 talibus
1225 3386 1427 3461 conferantur,
1451 3389 1503 3467 qui
1585 3452 1586 3479 ,

306 3492 341 3542 ut
354 3481 517 3553 minimum
529 3483 549 3543 d
560 3482 691 3544 triennio
702 3480 882 3544 sacerdotali
897 3501 1020 3543 munere
1035 3482 1092 3543 rite
1106 3482 1201 3543 functi
1212 3502 1273 3543 non
1284 3482 1405 3545 luerint.
1446 3485 1502 3545 Or·
1585 3480 1586 3559 J

307 3576 447 3638 dinamus
469 3578 565 3661 igitur
586 3588 621 3639 ut
646 3578 767 3660 Regina
787 3580 957 3661 gubernans
980 3580 1077 3639 accito
1104 3581 1135 3640 in
1163 3581 1321 3642 eonsilium
1347 3581 1501 3644 Cardiuali
1585 3570 1586 3609 ³

308 3672 467 3736 Mazarino
479 3680 582 3757 (quem
596 3686 626 3737 et
642 3677 739 3757 ipsum
754 3675 772 3737 a
790 3676 884 3738 multo
901 3686 1032 3757 tempore
1045 3677 1239 3759 probavimus
1252 3678 1387 3740 ecclesiae
1401 3679 1499 3741 lauda·
