3225 4700
128 476 174 551 ³„
288 405 533 555 test,
640 418 710 501 ’τι
786 451 899 560 »οι
1054 426 1084 538 t
1223 413 1247 536 ἑ

524 817 716 896 CAPUT
751 823 841 900 XV.

128 1022 276 1092 Ostendit
293 1021 572 1091 Commorutiouem
587 1049 684 1093 meum
698 1051 765 1095 eum
777 1030 827 1096 D.
845 1029 1002 1098 Celenells
1017 1030 1192 1105 Devereue.

125 1137 210 1204 Item
223 1139 417 1228 Augustanus
431 1139 517 1206 urbis
531 1145 789 1230 expugnationem
803 1154 939 1232 tempore
955 1143 1214 1236 Qzudragesime.

99 1428 133 1481 ,ἐς
158 1404 190 1460 3·
233 1357 322 1531 75),
354 1380 509 1493 Multus
519 1383 624 1494 pptimi
637 1385 696 1496 mei
708 1385 834 1450 Domini
844 1387 993 1451 Weltberi
1003 1389 1133 1467 Butleri,
1144 1393 1278 1455 nendum

120 1486 172 1521 ὼ
270 1498 321 1576 <¹⁸4
359 1480 679 1542 extructusrnmefurt
688 1482 778 1545 erdor
786 1485 917 1566 juventi
927 1486 1005 1550 inter
1015 1486 1125 1549 milites
1137 1489 1277 1568 preximi,

113 1548 159 1631 »ξ’
171 1587 251 1661 (θ’)
267 1566 324 1675 'h
359 1583 448 1654 etque
464 1595 534 1638 eum
546 1576 658 1656 psssim
671 1597 732 1658 quo
745 1578 806 1642 suis
819 1580 858 1641 ob
870 1579 983 1664 lingue
996 1585 1185 1646 commodem
1198 1586 1277 1666 peri.

83 1639 313 1799 QQJ
359 1669 432 1732 tium
445 1670 555 1752 juvere
572 1693 632 1733 nen
651 1693 779 1754 possem,
797 1695 847 1736 me
864 1677 905 1738 ed
925 1686 1131 1740 οοιιιοποιιοοο
1150 1679 1279 1746 Ibernus

90 1758 101 1801 2⁴
122 1778 158 1811 2⁴
209 1782 240 1828 ³.
300 1774 301 1777 ’
359 1767 415 1828 sub
434 1765 551 1848 legione
571 1766 699 1834 Domini
719 1769 882 1834 Deveroux
902 1771 1127 1853 tremulique
1146 1794 1217 1836 eum
1237 1777 1277 1839 ed

79 1859 293 1942 Augusteum
312 1861 496 1926 obsidionem
515 1863 586 1925 ebii.
632 1863 756 1938 Queutb
773 1867 917 1949 Auguste
935 1866 1101 1930 Suevnnrm
1120 1870 1229 1950 speeiis
1247 1881 1279 1934 et

78 1957 195 2040 popule
209 1959 336 2033 nuetinr,
350 1959 408 2022 hbe
425 1960 630 2024 uenturuselus
646 1962 799 2026 resistebat
812 1963 1000 2044 Imperatori,
1013 1965 1095 2026 uude
1110 1966 1152 2026 ud
1163 1975 1277 2032 mntem

79 2055 215 2117 deduete
227 2063 272 2118 est
283 2055 427 2136 inopium,
440 2065 475 2119 ut
485 2055 548 2119 illie
561 2076 618 2120 nee
631 2076 721 2120 cerne
733 2059 857 2140 quidem
869 2057 1001 2122 hument
1012 2059 1219 2138 abstineretur,
1230 2083 1277 2125 re-

78 2151 233 2232 liquarum
245 2171 345 2213 rerum
359 2151 399 2214 sd
414 2152 656 2214 sustentationem
673 2155 906 2218 neeeseurierum
921 2164 1004 2217 tsntu
1015 2167 1080 2218 eret
1091 2158 1226 2238 penurie,
1242 2168 1276 2222 ut

79 2247 234 2309 cerevisiae
251 2267 390 2309 mensure
407 2267 458 2310 sex
475 2248 596 2310 florenis
614 2250 740 2323 veniret,
758 2251 837 2315 libre
854 2271 916 2314 uus
927 2251 1028 2315 ovillus
1043 2253 1140 2316 uernis
1151 2255 1276 2340 trigints

80 2354 212 2427 qustunr
227 2343 436 2426 Imperislibus
448 2344 637 2407 venderetur.
678 2343 740 2409 Sed
754 2356 783 2407 et
795 2366 894 2420 eeues,
908 2344 991 2422 feles,
1004 2345 1151 2421 musteloe,
1164 2368 1274 2424 mures,

80 2442 173 2523 glires
188 2450 221 2503 et
237 2442 409 2523 hujusmodi
425 2442 586 2505 eliserunt
602 2440 635 2501 in
652 2441 764 2523 precio,
781 2442 825 2505 itu
842 2450 877 2504 ut
892 2441 969 2503 libre
985 2442 1051 2524 ejus
1067 2442 1166 2505 seruis
1186 2444 1275 2508 unies

80 2537 247 2601 solveretur
261 2538 422 2601 duodecim
434 2537 548 2599 berziis
590 2536 720 2600 Asinius
729 2538 819 2601 etiem
832 2538 946 2601 euroin
957 2538 1071 2600 vietum
1083 2538 1211 2601 debetur
1223 2561 1276 2603 eu·

76 2635 129 2715 jus
141 2634 221 2696 libre
233 2635 388 2699 eonstsbet
399 2654 508 2697 novem
520 2631 635 2697 betuiis
676 2634 746 2697 Nun
760 2642 853 2716 teugo
864 2634 1015 2717 siliginem
1028 2633 1202 2697 eressierem
1213 2636 1276 2699 tur·

80 2730 198 2793 furibus
215 2730 346 2806 mistum,
365 2732 452 2815 eujus
469 2730 588 2794 modius
603 2730 713 2813 viginti
732 2730 941 2813 Imperielium
953 2729 1088 2811 precium
1100 2731 1273 2794 excedebat.

81 2827 155 2889 Vini
169 2848 258 2909 perro
271 2827 414 2909 smpburs
426 2828 593 2891 eommunis
607 2846 659 2889 sex
672 2827 876 2910 imperialibus
890 2827 1071 2889 rnutebutur.
1113 2826 1276 2891 Nihilomi-

80 2944 137 2985 nus
154 2932 255 2985 temen
273 2923 305 2985 in
322 2922 414 2987 tentis
430 2944 530 2987 rerum
548 2924 656 3005 preciis
674 2930 807 3006 repertus
825 2932 948 2986 estnon
968 2941 1057 2984 neme
1076 2921 1275 3003 imprudentis

80 3020 218 3083 eudsuite
234 3030 333 3083 uretur
349 3021 403 3100 qui
419 3020 665 3102 frequentissime
683 3017 822 3080 eoneinui
838 3019 964 3081 sundere
981 3038 1042 3079 unu
1060 3018 1168 3094 erubit,
1182 3017 1276 3081 setius

81 3136 142 3179 ene
155 3117 238 3180 steno
246 3126 277 3179 et
289 3114 374 3198 petet
386 3117 477 3177 buum
490 3116 584 3178 inetur
596 3126 626 3179 et
634 3117 842 3198 jumentorum
853 3114 947 3195 penei,
958 3113 1019 3175 imo
1032 3112 1177 3175 militibus
1189 3115 1276 3177 siuis-

80 3221 158 3273 trsm
180 3212 279 3293 potius
299 3233 362 3275 esse
378 3213 578 3277 errodeudsm
597 3223 629 3275 et
651 3210 757 3275 dextri
775 3210 983 3294 pugnandum,
1002 3229 1093 3291 quern
1111 3229 1143 3269 se
1163 3210 1277 3273 euni

82 3306 337 3371 submittendum:
366 3310 453 3391 cnjus
474 3310 597 3391 quidem
614 3309 763 3391 pudende
784 3306 909 3368 iuseuiee
931 3307 1013 3367 reete
1030 3304 1050 3366 d
1066 3304 1211 3367 militibus
1232 3315 1277 3369 est

81 3422 267 3484 responsum,
283 3414 319 3468 ut
335 3405 399 3487 ipse
417 3404 532 3482 eousul,
551 3427 605 3469 suo
624 3404 760 3488 exemplo
776 3405 907 3487 prebet,
926 3402 1166 3484 experireturque
1183 3422 1277 3484 quem

81 3500 209 3563 erduum
232 3501 310 3565 soret
331 3522 393 3564 une
415 3522 507 3565 menu
534 3502 674 3567 mutilum
696 3500 845 3584 prelisri3
878 3498 1026 3580 simulque
1051 3497 1099 3562 bis
1122 3498 1218 3581 peetie
1243 3516 1276 3560 ss

84 3595 264 3679 Imperatori
277 3598 488 3663 submiserunt.

121 3692 151 3755 1.
173 3693 222 3757 Ut
235 3694 323 3757 miles
336 3694 433 3759 omnis
446 3694 478 3761 in
493 3696 565 3761 urbe
579 3693 781 3779 presidiurius
793 3690 1219 3775 cwmdsdgnisjmt.
