3225 4700
496 353 897 427 ITINERARIUM.
1233 368 1292 433 147

88 498 283 579 pontificiam
304 523 368 567 sese
388 506 527 584 contulit,
548 510 637 573 nbib
657 510 797 575 Romano
816 512 967 579 Pontifice
986 536 1040 599 per
1055 537 1147 598 quam
1167 526 1290 600 paterne

88 606 235 677 acceptus
248 610 313 675 est;
334 621 392 664 neo
403 622 490 665 mora
505 605 614 668 officiis
625 607 681 671 rite
698 609 874 689 perfunctus
892 611 1152 677 Eminentissimos
1170 634 1289 695 quoque

90 692 272 757 cardinales
286 696 468 762 Bar-barinos
481 721 573 782 quam
585 702 799 767 humanissime
812 706 983 771 salutandos
999 709 1133 785 accessit,
1149 712 1289 792 receptis-

92 811 150 871 que
162 792 202 852 ab
215 792 324 855 iisdem
337 796 436 859 omnm
447 798 567 880 generis
578 800 684 865 officiis
697 802 739 863 ad
747 802 904 883 pallatium
921 824 957 867 ac
970 804 1185 869 habitationem
1202 826 1288 871 suam

93 890 276 969 properavit.

133 984 256 1047 Interea
268 987 310 1049 ad
321 989 531 1073 accipiendum
544 1002 662 1057 tantum
676 994 853 1075 Principem
862 1016 918 1077 pro
929 996 1075 1079 dignitate
1084 1008 1115 1063 at
1124 999 1231 1063 meritc
1240 1000 1285 1061 nil

92 1082 233 1144 feriatum
253 1092 309 1158 est,
327 1085 382 1148 sed
400 1106 511 1170 magno
528 1098 651 1171 sumptu
666 1099 697 1151 et
712 1090 876 1173 magnifico
893 1104 1037 1173 apparatu
1054 1095 1199 1177 disposita
1216 1105 1287 1157 suut

90 1179 203 1255 omnia,
218 1181 250 1241 in
264 1201 356 1262 quem
369 1181 463 1247 finem
475 1202 536 1246 nou
551 1194 667 1247 tantum
680 1186 780 1249 Roma
788 1206 911 1268 operam
924 1196 955 1249 et
966 1189 1123 1256 facultates
1136 1210 1204 1252 suas
1213 1211 1286 1253 ccu-

91 1277 206 1353 tribuit,
223 1277 278 1339 sed
293 1288 325 1340 et
340 1289 512 1343 exterorum
525 1281 658 1344 maxima
672 1281 834 1346 multitudo
850 1283 881 1345 in
898 1284 1070 1348 societatem
1088 1286 1198 1348 laboris
1216 1306 1286 1349 con-

90 1373 188 1446 fluxit,
205 1394 262 1437 nec
277 1375 437 1457 quisquam
452 1377 588 1459 inhujus
603 1378 748 1460 triumphi
766 1382 952 1461 promotione
967 1382 1053 1445 deses
1066 1382 1164 1445 videri
1177 1382 1282 1447 voluit.

89 1470 161 1532 Rite
171 1471 313 1533 omuibus
325 1472 464 1554 perfectis
475 1472 591 1535 solenni
602 1494 713 1557 pompa
722 1476 911 1539 introductus
921 1486 966 1541 est
975 1478 1131 1543 Caesareum
1141 1479 1284 1561 Legatos,

89 1576 120 1629 et
131 1567 190 1629 hoc
202 1567 265 1629 fere
277 1569 395 1631 ordine.

129 1663 218 1725 Hora
230 1673 296 1747 post
305 1665 463 1729 meridiem
471 1666 605 1729 secunda
614 1666 838 1731 Illustrissimus
848 1668 997 1751 Princeps
1008 1670 1137 1753 legatum
1148 1671 1284 1755 Impera·

86 1761 183 1823 torius
191 1761 224 1821 in
233 1761 354 1823 hortum
363 1761 445 1825 Iulii
455 1761 560 1843 Papae,
569 1782 661 1842 quem
670 1783 724 1825 sua
732 1764 1034 1827 Sanctitas-Urbanus
1043 1767 1143 1829 VIII.
1153 1768 1284 1849 plurima

85 1857 316 1941 magnificentia
327 1858 359 1920 in
369 1857 461 1921 istum
471 1857 564 1920 finem
575 1859 682 1921 instrui
692 1870 723 1923 et
731 1862 870 1943 apparari
874 1863 1016 1943 jusserat,
1028 1882 1059 1923 se
1069 1864 1192 1944 recepit.
1214 1866 1284 1937 Quo

86 1954 197 2017 eodem
219 1974 250 2017 sc
272 1973 393 2035 quoque
412 1954 605 2017 coutulerunt
625 1956 803 2038 agminatim
829 1958 1028 2021 cardinalium
1059 1968 1090 2022 et
1116 1958 1282 2042 legatorum

86 2051 219 2113 aliorum
230 2050 337 2115 Bomoe
349 2051 546 2115 rmidentium
558 2052 614 2113 sub
624 2050 767 2135 delegati,
782 2062 816 2115 ut
829 2053 959 2135 principi
973 2054 1056 2117 omni
1070 2054 1159 2117 officii
1173 2077 1283 2139 genere

86 2148 236 2229 tantisper
247 2149 424 2223 assisterem,
437 2157 616 2230 tempusque
628 2148 787 2231 colloquiis
799 2150 945 2212 fallerent.
989 2151 1027 2212 In
1043 2152 1172 2215 eundem
1181 2151 1283 2215 locum

83 2244 228 2307 nonnulli
245 2245 360 2317 Duces,
380 2244 584 2318 Marobicues,
602 2243 737 2308 Comites
753 2247 832 2309 sicut
849 2256 881 2309 ct
897 2246 963 2328 ipsa
984 2246 1122 2309 Romana
1143 2248 1283 2311 nobilitas

83 2350 163 2404 totas
178 2350 242 2405 tota
253 2350 368 2424 quanta
379 2341 599 2416 confluxerunt,
613 2350 648 2404 nt
661 2342 915 2408 introducendum
934 2342 966 2406 iu
984 2342 1089 2406 urbem
1111 2343 1280 2427 principem

81 2439 349 2520 subsequerentur.

127 2536 281 2598 Universa
301 2536 438 2600 ordinata
458 2545 554 2611 erant,
576 2556 633 2598 nec
653 2535 737 2598 ahud
756 2537 970 2619 expectabatur
989 2557 1082 2617 quam
1103 2536 1224 2619 signum
1240 2539 1281 2602 ad

80 2633 322 2717 procedendum,
340 2653 411 2694 cum
428 2653 499 2694 ecce
516 2632 572 2694 tibi
587 2632 716 2694 buccina
728 2643 889 2696 monentur
901 2632 1024 2716 singuli,
1040 2641 1073 2696 ut
1085 2652 1140 2694 sno
1153 2633 1280 2716 quisque

80 2731 192 2794 ordine
204 2730 424 2813 progrediatur,
437 2749 585 2809 nemoque
596 2728 637 2790 sit
648 2729 703 2810 qui
714 2728 926 2811 triumphalem
940 2731 1039 2793 turbet
1053 2729 1277 2810 processionem.

124 2829 259 2892 Omnem
277 2827 378 2907 itaque
394 2845 536 2909 pompam
553 2825 764 2906 precedebant
780 2835 909 2905 quatuor
930 2845 1064 2888 cursores
1081 2825 1280 2889 Illustrissimi

81 2924 242 3006 Principis
255 2924 294 2986 de
307 2923 500 3008 Eggenberg,
515 2920 629 3002 singuli
641 2920 755 2982 murice
767 2920 870 2984 tinctis
883 2922 1025 2997 vestibus,
1035 2931 1066 2983 et
1075 2920 1203 2984 cristatis
1213 2919 1282 3002 plu·

80 3024 141 3086 mis
162 3041 256 3104 snpra
275 3020 368 3102 pileos
388 3015 554 3100 conspicui,
575 3017 632 3076 hoc
654 3016 774 3079 initium
794 3018 1012 3080 continuabant
1031 3016 1185 3098 sexaginta
1203 3017 1279 3078 bene

80 3119 187 3182 onusti
198 3118 274 3180 muli
284 3115 501 3200 preciosissimo
510 3112 595 3176 cultu
604 3113 712 3189 ornati,
721 3113 924 3196 stragulcrum
937 3113 1122 3195 operimenta
1135 3131 1170 3172 aa
1183 3124 1280 3186 erant,

80 3235 153 3298 qum
167 3235 237 3276 raro
249 3223 318 3278 anta
329 3214 387 3276 ista
399 3223 535 3294 tempora
546 3219 617 3272 sunt
629 3209 711 3270 visa:
733 3209 775 3287 hi,
788 3231 826 3272 nc
836 3209 1011 3272 catervatim
1020 3209 1108 3286 irent,
1121 3219 1151 3270 et
1161 3229 1278 3291 pompm

81 3313 249 3384 officerent,
263 3312 296 3372 in
309 3310 443 3392 quinque
456 3306 580 3369 omnino
592 3305 713 3368 ordines
725 3327 779 3368 seu
788 3306 896 3369 classes
906 3305 996 3368 divisi
1005 3314 1101 3368 erant.
1122 3305 1279 3370 Malorum

81 3410 184 3472 calces
200 3416 351 3492 argentea
367 3405 544 3468 muniebant
558 3401 659 3475 solete,
672 3401 825 3464 frenorum
839 3403 926 3466 funes
944 3402 1127 3485 reliquaque
1144 3402 1277 3466 induriae

80 3527 119 3567 ex
132 3504 479 3589 prestantissimobysso
491 3498 612 3583 partim,
626 3500 736 3581 partim
746 3502 764 3562 t
773 3500 971 3564 mundissimo
980 3519 1053 3562 auro
1062 3509 1147 3562 erant
1156 3517 1280 3578 compo-

81 3604 152 3678 sita,
169 3602 305 3684 reliquus
318 3604 462 3663 ceterum
478 3596 599 3659 habitus
611 3615 649 3657 ex
661 3596 828 3660 merissime
841 3604 965 3680 argento
978 3595 1146 3658 elaboratus
1159 3592 1281 3677 praesul·

83 3702 185 3782 gebat,
209 3699 355 3781 capitibus
377 3697 495 3779 plumas
512 3692 747 3774 elegantissimas
765 3694 964 3776 preferebant
975 3694 1130 3774 jumenta:
1152 3689 1280 3772 quodvis
