3225 4700
343 303 408 369 410
728 307 1151 377 ITINERARIUM.

347 457 536 538 applicatae
554 483 622 523 mox
637 463 677 524 ad
695 461 983 523 circumvallandum
1001 461 1115 543 aliquot
1129 460 1300 522 accolarum
1317 457 1412 521 millia
1429 457 1553 539 quibus

347 554 602 618 concludebantur
614 561 746 641 quinque
759 559 831 641 pagi
845 559 1009 634 tronvilla,
1023 558 1180 620 fossionem
1195 559 1331 638 imperat

388 649 496 712 Castra
509 655 579 716 verb
598 676 653 717 sua
669 657 701 716 iu
721 657 855 738 quinque
875 657 1040 738 praecipuas
1060 657 1200 718 stationes
1218 654 1389 736 distinguit,
1411 651 1549 732 primam

348 746 470 825 quidem
484 750 617 833 disponit
632 755 671 814 ad
686 753 768 814 illam
786 761 901 835 partem
920 773 988 834 quae
1003 753 1105 814 Metus
1122 751 1254 832 respicit,
1269 770 1394 830 eamque
1410 749 1474 828 ipse
1491 767 1551 827 pro

347 862 379 902 se
392 843 499 928 selegit
512 849 665 910 tuendam.
708 851 842 912 Alteram
861 851 1001 912 Treviros
1011 871 1114 913 versus
1127 849 1247 910 ordinat
1260 868 1350 928 quam
1366 845 1550 907 Marcbioni

347 938 386 1000 de
400 939 525 1004 Jessure
544 947 687 1028 assignat.
729 949 860 1010 Tertiam
878 957 995 1010 montes
1013 957 1196 1030 spectantem
1217 944 1333 1006 Comiti
1348 945 1387 1006 de
1403 944 1552 1004 Aumont

347 1037 492 1100 attribuit.
524 1041 670 1114 Quartam
685 1045 819 1106 deceruit
830 1045 945 1108 Comiti
958 1046 996 1107 de
1011 1046 1152 1124 Gransey
1165 1063 1200 1103 ex
1211 1041 1304 1104 altera
1314 1041 1449 1103 fluminis
1465 1040 1548 1120 ripa.

349 1132 494 1217 Quintam
504 1138 632 1220 deniqne
642 1142 776 1202 Domino
785 1143 824 1203 de
835 1143 965 1204 Gassion
977 1140 1132 1224 permittit.
1156 1139 1193 1199 In
1205 1148 1384 1219 postremam
1394 1136 1475 1196 bane
1490 1135 1552 1194 ob-

348 1232 420 1292 sessi
434 1233 562 1313 primam
579 1237 680 1298 statim
698 1239 884 1319 eruptionem
900 1239 1118 1320 disposuerunt,
1132 1257 1259 1316 eamque
1272 1235 1431 1296 fortissime
1445 1235 1552 1314 impe·

349 1326 481 1392 tiverunt
495 1353 554 1392 non
574 1337 639 1394 sinc
655 1335 776 1416 copioso
795 1345 826 1397 et
842 1335 937 1398 nobili
952 1335 1110 1397 Gallorum
1128 1333 1285 1413 sanguine,
1300 1330 1498 1412 nequeenim
1513 1340 1551 1390 ut

349 1437 433 1486 eraut
449 1429 530 1489 obvii
544 1429 721 1492 officialibus
741 1433 900 1514 praecipuis
914 1432 1062 1514 parcitum
1080 1441 1133 1492 est.
1175 1430 1225 1492 Ne
1239 1429 1343 1490 castris
1357 1437 1550 1488 commeatus

348 1523 463 1585 deesset
481 1524 582 1587 Metas
594 1529 733 1609 supplere
742 1529 842 1608 jussit,
859 1528 920 1610 qub
940 1549 1000 1588 non
1021 1528 1117 1590 multo
1133 1536 1202 1588 ante
1219 1525 1341 1609 plurimi
1355 1524 1499 1586 frumenti
1516 1538 1549 1582 et

348 1619 453 1682 farinae
468 1623 562 1684 modii
576 1625 668 1686 delati
682 1626 811 1699 fuerant,
822 1646 858 1686 ac
872 1646 910 1686 ne
924 1625 1064 1706 opinione
1077 1624 1166 1686 citius
1179 1623 1386 1684 exhauriretur
1399 1621 1547 1702 provisio.

348 1717 470 1779 aliunde
487 1739 606 1801 quoque
620 1722 847 1802 providissimus
864 1722 928 1783 dux
945 1721 1110 1783 accersivit.
1155 1721 1283 1781 Ineunte
1301 1719 1382 1780 euim
1399 1719 1423 1780 J
1426 1717 1488 1778 ulio
1505 1717 1546 1778 ad

348 1825 446 1876 cenna
467 1816 586 1878 Gallica
607 1819 823 1900 quadringenti
847 1839 953 1880 currus
975 1819 1072 1881 ferinis
1095 1817 1193 1878 onusti
1218 1823 1429 1897 pervenerunt,
1451 1824 1484 1874 et
1511 1814 1543 1873 in

348 1912 459 1973 milites
472 1913 585 1974 viritim
600 1913 690 1976 divisi
704 1924 784 1975 sunt.
828 1915 881 1976 Ad
893 1923 1032 1995 quartum
1047 1914 1199 1976 dealmum
1214 1913 1237 1974 J
1239 1911 1294 1973 ulii
1310 1930 1404 1991 usque
1416 1931 1545 1992 aggeres

348 2010 437 2090 ejecti
450 2020 530 2083 sunt,
545 2020 575 2071 et
587 2020 736 2072 tormenta
748 2011 892 2092 disposite
903 2011 1011 2091 quibus
1025 2011 1167 2091 deinceps
1178 2009 1249 2070 urbs
1258 2016 1441 2088 quateretur.
1481 2007 1545 2067 De·

349 2105 430 2166 cimo
447 2108 551 2187 quinto
570 2108 593 2169 J
595 2107 650 2168 ulii
669 2107 836 2189 octingenti
855 2108 979 2168 omniuo
997 2106 1079 2188 globi
1096 2105 1245 2167 numerati
1264 2115 1335 2165 sunt
1350 2103 1404 2184 qui
1423 2123 1461 2163 ex
1483 2117 1544 2164 tor·

350 2203 458 2263 mentis
479 2204 574 2265 multo
592 2205 710 2286 fragore
728 2203 849 2286 impulsi
869 2214 948 2266 suut.
989 2205 1043 2266 Ad
1063 2204 1214 2266 decimum
1228 2201 1389 2283 septimum
1408 2201 1543 2280 ejusdem

352 2299 434 2361 Galli
448 2301 579 2382 primum
594 2301 690 2364 moliti
703 2313 775 2363 sunt
787 2301 932 2384 impetum
947 2301 977 2363 in
993 2301 1211 2363 munimentum
1226 2298 1315 2372 illud,
1329 2296 1411 2378 quod
1426 2296 1543 2357 molen-

351 2398 423 2458 diuo
435 2398 545 2459 obsessi
558 2395 768 2480 opposuerant.
779 2420 815 2459 ac
829 2397 881 2460 illa
891 2400 1012 2479 quidem
1024 2398 1194 2459 incursione
1204 2395 1364 2459 Gallorum
1374 2394 1543 2475 octingenti

350 2494 544 2555 ceciderunt:
566 2515 627 2576 qua
643 2495 727 2557 clade
745 2495 822 2556 nihil
838 2495 937 2557 territi
954 2496 1081 2557 alterum
1096 2495 1277 2555 adornarunt
1292 2513 1350 2553 nou
1366 2491 1462 2553 multo
1476 2501 1544 2571 post

350 2587 505 2664 assultum,
519 2609 580 2669 quo
593 2599 677 2651 tauta
689 2590 801 2652 ferocia
815 2590 1015 2662 incurrerunt,
1030 2598 1064 2651 ut
1081 2610 1116 2651 eo
1132 2589 1337 2669 nequidquam
1356 2588 1543 2650 obstantibus

351 2686 475 2746 obsessis
501 2686 587 2768 potiti
608 2689 679 2759 siut,
701 2687 824 2767 quando
845 2699 954 2769 praeter
977 2705 1166 2747 numerosam
1193 2686 1398 2766 gregariorum
1423 2685 1541 2745 turbam

349 2781 449 2863 plures
471 2784 559 2844 etiam
580 2784 682 2867 magni
707 2784 836 2845 nominis
859 2785 951 2845 duces
972 2784 1186 2845 occubuerunt.
1227 2781 1384 2864 Vigesima
1410 2782 1542 2843 secunda

350 2878 373 2939 J
377 2878 430 2939 ulii
443 2900 534 2940 unam
547 2900 585 2941 ex
598 2880 752 2941 semilunis
765 2900 833 2960 quae
847 2880 948 2961 quinoe
958 2880 1118 2940 tuebantur
1131 2878 1171 2938 ad
1184 2876 1278 2937 fossas
1292 2886 1322 2939 et
1336 2877 1416 2938 valla
1426 2878 1539 2938 aditum

350 2997 420 3037 cum
435 2989 561 3057 quatuor
577 2977 708 3039 militum
727 2976 858 3037 millibus
876 2976 988 3058 agressi
1006 2986 1086 3045 sunt,
1100 2996 1191 3057 quam
1208 2996 1278 3037 cum
1299 2976 1381 3037 Galli
1398 2986 1541 3057 reportas·

351 3084 426 3149 sent,
442 3076 552 3135 obsessi
564 3094 619 3135 sua
631 3074 740 3134 virtute
755 3072 803 3133 fisi
818 3084 1030 3155 represserunt,
1044 3092 1080 3133 ac
1095 3084 1179 3135 tanto
1193 3073 1305 3154 impetu
1320 3074 1419 3135 denuo
1435 3092 1539 3153 exege-

351 3181 430 3243 runt,
444 3181 479 3232 ut
491 3170 725 3251 quadringentos
739 3169 939 3230 internecione
954 3168 1130 3231 deleverint.
1173 3170 1286 3231 Paucis
1301 3170 1483 3252 complectar
1495 3170 1540 3229 in-

351 3287 484 3328 numera.
528 3267 595 3328 Nec
609 3266 747 3349 sanguini
758 3286 814 3327 nec
825 3266 967 3346 impensis
978 3266 997 3327 a
1007 3265 1165 3327 Gallorum
1180 3267 1313 3347 partibus
1327 3268 1476 3348 parcitum
1486 3277 1538 3341 cst,

352 3375 385 3424 ut
399 3363 476 3425 banc
490 3363 686 3425 munitionem
704 3364 736 3425 in
755 3374 928 3445 potestatem
946 3386 1032 3425 suam
1051 3364 1232 3446 redigerent,
1248 3376 1278 3425 et
1290 3365 1363 3427 licet
1382 3367 1491 3428 obsessi
1509 3386 1538 3427 se

352 3459 509 3521 fortissima
519 3470 675 3521 tuerentur
687 3482 747 3521 non
759 3472 921 3543 potueruut
931 3472 1031 3523 tamen
1043 3462 1193 3523 indicibili
1206 3462 1310 3536 labori,
1326 3474 1356 3524 et
1369 3464 1422 3524 diu
1436 3474 1539 3525 noetu-

351 3576 410 3635 que
426 3555 605 3618 continuatis
624 3555 790 3619 incursibus
810 3558 924 3619 diutius
944 3559 1070 3632 obstare,
1092 3556 1221 3618 maxime
1243 3578 1313 3619 curn
1333 3559 1418 3621 miles
1440 3560 1538 3641 prasi-

351 3652 464 3712 diarius
476 3672 566 3732 supra
581 3653 770 3714 medietatem
783 3653 952 3717 defecisset.
994 3652 1057 3714 Sub
1075 3652 1226 3714 decimum
1244 3654 1338 3736 igitur
1351 3656 1482 3737 Augusti
1500 3656 1538 3717 ud
