3225 4700
512 353 920 423 ITINERARIUM.
1236 357 1296 422 381

98 515 245 586 spectant,
260 509 349 590 cujus
372 509 423 570 die
443 509 532 571 tertia
551 509 671 571 decime
692 507 807 570 Bavari
824 509 923 569 denuc
942 507 1077 591 aggressi
1097 516 1167 569 sunt
1181 507 1300 568 Wima·

100 604 223 665 rieuses.
267 604 434 688 Postquam
449 608 530 670 enim
545 607 701 669 Wertbius
714 614 896 685 cognoverat
910 605 1080 666 consedisse
1094 604 1196 686 copias
1209 625 1298 685 qnas-

100 703 174 762 dam
191 723 260 762 cnm
278 703 502 785 impedimentis
518 706 550 766 iu
567 725 646 787 pago
659 700 881 772 Ramensbech,
897 699 1094 782 irruptionem
1111 701 1300 764 machinatus

100 810 156 871 est,
171 799 359 881 obtinuitque
374 803 562 883 octingentos
572 822 642 862 cum
655 799 750 861 multo
760 798 912 868 thesauro,
923 797 1010 881 signe
1021 798 1142 879 insuper
1152 799 1302 880 equestria

102 897 166 957 dno
182 916 251 957 cum
266 897 383 958 duobus
401 899 554 978 tympanis
572 897 672 958 aeneis.
716 896 786 956 Nou
807 895 877 957 tulit
898 895 976 956 hane
992 894 1126 976 praedam
1146 896 1208 956 suis
1225 895 1302 977 eripi

102 992 263 1054 Generalis
279 993 371 1068 Rosa,
387 995 441 1075 qui
459 1003 633 1075 persecutns
652 991 747 1054 Boios
766 999 883 1074 partem
896 1011 1042 1072 equorum
1057 992 1257 1072 recuperavit,
1271 1001 1302 1054 et

102 1091 143 1150 de
158 1088 241 1151 hoste
254 1110 309 1151 suo
322 1090 434 1152 cecidit
447 1090 694 1172 quadringentos.

146 1187 263 1259 Quinto
272 1187 390 1249 decimo
398 1187 556 1268 bujusdem
568 1206 636 1247 cum
648 1205 805 1268 supremus
812 1184 987 1267 vigiliarum
998 1181 1166 1246 Praelsctns
1177 1183 1300 1268 Scbleg·

103 1305 174 1344 inan
198 1293 348 1345 trecentos
374 1304 466 1366 equos
489 1283 658 1366 Tubingam
682 1282 867 1354 adduxisset,
891 1281 1043 1364 postulans
1066 1281 1098 1342 iu
1118 1281 1222 1342 urbem
1245 1281 1299 1342 ad·

103 1380 195 1456 mitti,
207 1380 286 1442 malb
300 1383 318 1442 ὲ
332 1380 623 1442 Truckmiillerianis
635 1389 778 1461 acceptus
791 1389 847 1448 est,
862 1379 907 1440 illi
921 1379 1001 1439 enim
1015 1387 1301 1460 praeoccupaverant

101 1476 204 1538 locum
218 1486 249 1538 et
260 1497 314 1557 per
329 1477 420 1538 aliam
434 1487 551 1559 portam
561 1475 672 1558 egressi
684 1476 835 1537 irruerunt
847 1475 1101 1558 Soblagmanuum
1114 1483 1142 1534 et
1156 1473 1301 1536 ducentos

101 1574 325 1654 qninquaginta
338 1593 430 1654 equos
446 1574 623 1643 retulerunt,
637 1593 673 1634 ac
686 1573 785 1654 ipsum
798 1572 953 1634 ductorem
971 1593 1040 1632 cum
1055 1571 1150 1632 tribus
1167 1569 1301 1652 equitum

102 1670 233 1732 tribunis
246 1682 350 1752 captos
362 1671 558 1733 reduxeruut.

144 1767 301 1848 Vigesimo
325 1769 423 1849 primo
442 1766 591 1829 currentis
614 1766 726 1828 mensis
747 1765 905 1827 Werthius
921 1785 1035 1847 pagum
1059 1765 1307 1828 Hemmersdcrff

103 1865 144 1925 ad
165 1865 281 1945 equites
304 1865 483 1926 Teutonicos
507 1875 692 1945 spectantem
719 1863 821 1925 obruit
842 1872 873 1923 et
893 1862 968 1923 duas
995 1861 1128 1944 legiones
1152 1873 1302 1944 equestres

103 1959 274 2042 dissipauit,
292 1973 324 2023 et
339 1960 598 2022 Hatzsteiniansm
614 1960 780 2042 pedestrem
799 1959 919 2042 penitus
934 1959 1071 2030 extinxit,
1085 1959 1303 2040 impedimenta

103 2059 178 2118 item
204 2057 405 2120 ducentorum
433 2077 577 2118 curruum
603 2056 718 2137 optimi
744 2057 848 2137 praeds
874 2066 1051 2117 onustorum
1081 2076 1151 2117 cum
1178 2064 1301 2118 centnm

103 2154 190 2234 equis
203 2154 344 2230 obtinuit,
354 2175 415 2234 quo
429 2155 536 2216 eodem
550 2155 599 2215 die
614 2152 763 2215 Colouelli
781 2153 881 2213 locum
898 2165 1002 2214 tenens
1017 2151 1219 2214 Kiirmreuter
1232 2173 1302 2214 cen·

102 2262 168 2312 tum
187 2251 322 2332 captivos
338 2263 447 2334 praeter
463 2271 605 2333 magnam
622 2270 767 2330 equorum
787 2249 905 2330 copiam
923 2249 962 2310 ad
981 2259 1079 2312 cestra
1096 2250 1238 2332 praetoria
1251 2250 1302 2312 de·

102 2347 201 2411 duxit.
244 2348 380 2411 Fuerunt
399 2349 479 2411 certi
498 2349 578 2409 inter
599 2347 693 2409 Boios
710 2346 821 2409 milites
841 2345 894 2427 qui
914 2367 976 2409 suae
996 2347 1107 2430 praedae
1127 2358 1241 2429 partem
1262 2348 1302 2410 ed

104 2445 264 2506 duodecim
284 2445 485 2526 imperialium
499 2445 595 2507 millia
613 2446 821 2521 estimaruut3
844 2445 896 2506 vix
910 2445 1069 2527 quisquam
1082 2444 1141 2507 fnit
1153 2445 1205 2526 qui
1219 2444 1302 2506 mille

103 2541 310 2621 imperialibus
323 2542 414 2604 ditior
427 2563 489 2603 nou
503 2543 636 2605 redierit.

146 2638 214 2698 Nec
235 2639 486 2701 Wimeriensibns
503 2640 600 2702 defuit
616 2639 734 2701 occesio
754 2649 861 2701 contra
877 2638 970 2701 Boios
988 2638 1115 2701 feliciter
1132 2638 1300 2721 pugnandi,

102 2734 231 2796 diversis
249 2735 331 2797 enim
351 2736 592 2817 expeditionibus
608 2757 646 2798 ex
665 2735 785 2817 legione
804 2734 959 2797 Kclbiand
976 2744 1006 2797 et
1021 2734 1302 2797 Truokmiilleriand

104 2831 346 2913 Laxterianuque
364 2832 405 2893 ad
421 2832 503 2893 mille
522 2834 702 2915 quingentos
721 2833 838 2914 equites
852 2832 995 2893 fuderunt
1011 2832 1188 2913 penitusque
1202 2831 1301 2892 conci-

102 2929 225 3003 derunt,
239 2928 319 2989 inter
331 2927 504 2990 vulneratos
517 2928 661 3010 plurimos
679 2930 732 3009 qui
748 2929 872 2991 Ulmum
891 2927 1046 2990 redierunt
1058 2928 1121 3009 ipse
1137 2928 1227 2989 etism
1240 2926 1300 2989 Co·

103 3025 233 3086 lonellus
246 3024 330 3088 Kolb
344 3025 460 3107 duplici
473 3025 564 3108 globo
575 3026 654 3088 ictus
667 3026 817 3109 Tubiugae
831 3026 1010 3088 decumbere
1023 3036 1144 3085 coactns
1157 3024 1224 3085 fuit.

147 3121 255 3183 Mense
270 3121 386 3184 Martio
401 3121 722 3184 Gallo-Wimerieuses
736 3122 908 3184 diffidentes
921 3121 1035 3183 viribus
1049 3120 1111 3182 suis
1124 3140 1193 3181 cum
1208 3119 1301 3181 vidis·

102 3228 171 3280 sent
191 3217 323 3279 Boicum
343 3219 509 3281 exercitum
532 3219 589 3281 sibi
609 3220 678 3281 fieri
697 3220 952 3303 propinquiorem,
975 3228 1006 3279 et
1028 3217 1302 3279 animadverterent

103 3334 174 3377 suas
187 3316 289 3397 copias
302 3315 482 3376 resistendas
499 3336 559 3376 nou
574 3336 649 3390 esse,
663 3318 695 3378 in
710 3316 882 3378 Marchiam
897 3315 1069 3377 Badensem
1086 3313 1217 3395 primbm
1230 3334 1300 3374 mox

104 3412 266 3473 Brisaeum
280 3432 384 3473 versus
397 3411 510 3475 relictis
523 3414 704 3494 quibusdam
718 3414 942 3496 impedimentis
955 3398 1161 3494 profugerunt.

144 3510 318 3589 Antequam
337 3509 468 3571 verbex
488 3508 628 3571 Marcbid
647 3520 803 3572 moverent
821 3510 889 3572 irati
910 3509 1015 3571 militis
1038 3507 1166 3590 vestigia
1182 3516 1248 3589 post
1267 3526 1299 3569 se

102 3604 294 3679 dimiserunt,
315 3604 509 3667 Steiubecum
528 3606 609 3667 enim
628 3605 776 3667 Marcbioe
793 3627 852 3668 uon
875 3604 1006 3689 ignobile
1026 3603 1172 3687 oppidum
1188 3603 1299 3685 injecto

101 3705 176 3786 igne
194 3713 424 3766 concremarunt
430 3724 440 3778 3
466 3723 502 3765 ac
518 3713 622 3785 postea
638 3701 670 3765 iu
689 3703 975 3787 circumjacentibus
988 3702 1115 3764 vallibus
1133 3700 1234 3783 plures
1249 3721 1299 3762 nr·
