3225 4700
256 382 501 518 ,2²‘³st
657 410 694 518 g
744 379 871 495 .ξῂ
930 456 934 459 ,
1000 410 1213 518 §³⁴*l

524 791 710 868 CAPUT
745 794 794 869 Il.

137 1019 197 1086 Ubi
209 1021 418 1108 compendiosi
431 1023 540 1110 agitur
553 1023 591 1088 de
606 1023 683 1089 bello
702 1023 838 1090 Guctooi
851 1026 990 1113 Adolnbi
1006 1025 1183 1109 Succorum,

219 1138 396 1204 Gothorum
409 1163 446 1204 oe
467 1139 687 1208 Wandalorum
702 1141 800 1232 Regis
813 1157 920 1210 contra
937 1145 1098 1212 Casuram.

83 1404 116 1463 χῖ·
129 1396 262 1480 ’ζῳῷ
270 1400 309 1485 ql(
328 1388 494 1452 LADIUS
513 1391 704 1472 Aquilonaris
726 1415 774 1456 me
790 1394 910 1470 iterum,
929 1415 965 1456 ac
986 1395 1106 1457 tertium
1129 1394 1250 1456 Ibernid

164 1490 208 1573 4(
272 1540 290 1565 „2
345 1486 464 1561 excivit,
489 1489 543 1548 sub
568 1507 679 1549 annum
707 1490 820 1552 Christi
845 1511 936 1571 supra
961 1490 1249 1571 sesquimillesimum

85 1604 102 1631 s
143 1566 215 1651 ‘'a-³5⁴,
228 1590 312 1653 24?ss
345 1581 548 1662 trigesimum:
574 1605 635 1664 quo
651 1587 755 1646 eodem
775 1595 907 1666 tempore
927 1588 1077 1648 Gustavus
1090 1586 1250 1667 Adolpbns

79 1670 109 1730 l·
161 1655 196 1747 ’ἢ
275 1668 313 1765 t)
346 1676 519 1752 Succorum,
549 1680 717 1741 Gothorum
746 1701 781 1742 ao
809 1681 1025 1743 Wandalorum
1052 1683 1131 1757 Rex,
1158 1683 1257 1744 variis

129 1844 139 1868 ff
241 1770 309 1879 ‘gb
346 1771 440 1854 Regis
468 1774 577 1836 Gallice
607 1776 829 1857 legationibus,
853 1777 1033 1856 Principum
1059 1797 1094 1837 ac
1127 1778 1250 1838 Ducum

345 1871 516 1933 Germania
556 1869 819 1952 pollicitationibus
852 1881 1001 1946 avocatus,
1035 1890 1145 1952 magno
1181 1892 1250 1932 cum

78 1967 212 2042 exercitu,
227 1989 284 2029 nec
298 1967 462 2029 minoribus
477 1967 586 2026 animis
599 1967 631 2026 in
650 1966 799 2027 Caesarem
813 1967 917 2039 movit,
931 1967 1106 2049 magnisque
1119 1968 1253 2047 passibus

78 2061 162 2140 quim
179 2064 255 2124 mari
277 2074 340 2126 tam
358 2063 437 2125 terris
456 2063 535 2122 circa
553 2062 585 2123 S.
604 2062 628 2123 J
630 2063 732 2122 oannis
746 2063 892 2143 Baptista
910 2063 1044 2124 natalitia
1066 2062 1252 2126 Stockbolmi

81 2156 276 2219 Stralsundam
285 2160 431 2242 perrexit3
446 2179 537 2240 qnam
544 2159 649 2218 leviter
655 2168 757 2238 petens
764 2159 932 2238 patentibus
940 2159 1032 2240 portis
1039 2159 1116 2221 boui
1123 2161 1253 2223 civitatis

80 2253 318 2338 veniiingressus
326 2265 379 2317 est.
401 2255 542 2316 Substitit
549 2253 612 2315 illic
626 2275 784 2335 parumper
797 2257 897 2336 quoad
908 2257 1150 2337 propugnaculis,
1166 2257 1253 2318 vallis

80 2349 212 2431 fossisque
229 2354 341 2433 partim
357 2354 525 2415 instauratis
537 2353 645 2433 partim
659 2354 697 2413 de
711 2373 788 2413 novo
801 2354 906 2414 erectis
920 2355 1024 2413 urbem
1036 2352 1127 2432 quim
1141 2354 1252 2433 optime

80 2447 217 2507 munivit:
246 2450 319 2510 inde
343 2460 444 2531 postea
461 2450 500 2511 ad
520 2450 592 2511 alias
613 2450 746 2511 civitates
761 2449 898 2522 tetendit,
914 2470 988 2530 quas
1010 2450 1097 2509 facile
1109 2449 1141 2509 in
1159 2460 1254 2531 potes·

82 2550 162 2602 utem
175 2544 303 2627 redegit,
317 2566 387 2606 cum
401 2544 570 2606 Oaesareani
580 2545 611 2605 in
625 2545 729 2627 fugam
739 2546 817 2605 versi
830 2544 907 2606 hosti
920 2546 964 2605 nil
977 2546 1141 2626 quidquam
1152 2545 1254 2605 obluc-

82 2644 212 2699 tarentur.
253 2638 346 2702 Vices
360 2641 518 2702 Generalis
531 2640 608 2701 inter
621 2641 825 2721 imperatorios
840 2651 910 2702 tunc
925 2642 1001 2702 sorte
1010 2642 1131 2723 gerebat
1145 2641 1254 2703 Excel-

82 2730 251 2797 lentissimus
280 2736 430 2797 Dominus
456 2736 666 2811 Tuccatocont,
694 2736 746 2816 qui
773 2756 843 2797 cum
875 2738 1008 2798 exercitu
1042 2736 1253 2797 Pomcrauiam

84 2826 231 2903 insidebat,
253 2832 470 2913 Gartziumque
491 2833 531 2893 ad
553 2832 687 2893 Oderam
708 2832 740 2891 in
761 2832 928 2893 arctissimo
946 2833 1030 2894 aditu
1053 2833 1143 2893 situm
1165 2853 1254 2893 occu·

83 2925 182 3002 pabat3
215 2927 266 2989 bic
294 2948 364 2989 cum
391 2928 521 2990 militum
548 2929 663 2988 animos
686 2928 717 2988 in
741 2926 855 2989 hostem
876 2928 972 3010 magis
993 2927 1084 3007 quam
1106 2928 1255 2990 Caesarem

83 3038 242 3100 propensos,
267 3025 433 3105 punicoque
458 3023 585 3085 Gustavi
611 3032 691 3084 metu
719 3033 786 3084 ante
807 3023 924 3084 cladem
951 3024 1093 3084 excordes
1119 3026 1254 3087 animad-

84 3127 210 3189 verteret,
223 3120 342 3181 deserti
362 3120 433 3180 urbe
450 3118 641 3199 quantumvis
660 3118 775 3180 munita
796 3140 865 3179 mox
883 3139 914 3179 se
933 3119 1042 3180 militia
1061 3130 1091 3180 et
1108 3121 1254 3203 dignitate

84 3212 234 3277 abdicavit.
278 3215 317 3276 In
339 3218 403 3298 ejus
425 3214 525 3276 locum
552 3234 621 3275 cum
645 3224 786 3295 potestate
813 3216 972 3275 subvectus
999 3224 1043 3275 est
1069 3215 1255 3279 Perillustris

86 3306 225 3372 Dominus
247 3312 358 3374 Comes
379 3312 417 3373 de
445 3310 654 3392 Sobaumburg
680 3310 829 3371 animosus
856 3311 951 3392 magis
977 3311 1069 3391 qulam
1090 3311 1256 3375 fortunatus

84 3402 171 3467 miles.
211 3408 271 3469 Hic
287 3428 357 3469 cum
374 3428 406 3469 se
426 3408 445 3468 d
465 3408 629 3468 Sueborum
642 3405 774 3466 exercitu
787 3404 848 3485 peti
861 3406 977 3467 videret
988 3406 1160 3487 viribusque
1173 3408 1253 3471 baud

87 3516 179 3575 parem
192 3514 365 3585 agnosceret
379 3502 608 3565 Frauccfurtum
627 3502 666 3561 ad
684 3500 817 3562 Oderam
835 3500 934 3563 citatis
949 3501 1103 3563 itineribus
1117 3504 1255 3583 perrexit,
1308 3555 1309 3558 ,

87 3590 211 3676 illudque
224 3598 308 3659 omni
324 3618 474 3659 armorum
488 3618 595 3679 genere
609 3606 774 3677 caeteroque
787 3608 931 3676 apparatu
943 3596 1051 3659 bellico
1068 3599 1127 3678 qub
1140 3599 1258 3662 facilius

88 3683 192 3754 hostem
200 3695 367 3771 sustineret,
377 3693 514 3757 munivit
546 3694 602 3755 Est
615 3692 843 3755 Francosurtum
853 3714 913 3753 non
921 3692 1020 3754 minus
1032 3693 1156 3756 Pallade
1166 3696 1256 3775 quim
