3225 4700
503 320 910 390 ITINERARIUM.
1232 323 1296 388 403

88 509 167 550 cum
187 489 309 553 aliunde
330 490 484 574 provisum
507 511 571 554 esse
596 490 791 573 Balcquierio
811 500 842 552 et
862 490 957 551 milite
976 489 1150 572 praesidium
1170 499 1292 552 auctum

87 587 320 668 comperissent,
343 607 413 650 cum
432 590 515 650 omni
534 609 606 650 mox
625 597 771 670 apparatu
792 607 847 650 suo
868 587 1005 648 recedere
1025 587 1121 649 coacti
1141 596 1212 648 sunt
1232 607 1292 648 non

86 682 159 744 sine
173 684 284 746 damno
297 704 352 746 suo
366 685 546 748 instantibus
560 685 579 747 l
592 695 678 767 tergo
691 684 824 746 hostibus
839 683 948 746 Gallis.

134 779 354 844 Picolominius
368 803 488 865 quoque
500 784 553 864 qui
568 803 630 843 non
645 783 687 843 ita
698 782 815 862 pridem
831 781 978 843 dCaesare
990 781 1131 843 dimissus
1142 781 1249 854 suerat,
1261 791 1292 844 et

86 878 132 937 ad
149 878 304 960 Hispanos
316 881 475 942 transierat
487 883 615 962 pumam
629 879 850 961 expeditionem
866 877 994 938 feliciter
1005 878 1143 954 instituit,
1157 879 1289 961 plurium

87 976 173 1036 enim
183 977 307 1038 navium
318 978 465 1039 instructu
474 978 573 1039 Rosas
581 977 669 1058 petiit
676 987 707 1038 et
716 988 885 1038 commeatu
899 973 1029 1054 plurimo
1038 974 1288 1056 opportunissima

87 1075 242 1137 instruxit.
282 1076 393 1137 Redux
406 1087 507 1137 autem
519 1085 650 1156 quatuor
663 1075 694 1135 iu
715 1093 807 1134 naves
822 1072 958 1134 Gallicas
974 1071 1083 1132 incidit
1096 1091 1204 1152 easque
1218 1095 1288 1155 pro·

87 1180 209 1233 secutos
223 1193 284 1236 non
300 1173 397 1234 multo
411 1193 534 1234 suorum
552 1172 707 1253 impendio
718 1170 851 1232 obtinuit
864 1179 894 1230 et
910 1167 1109 1228 Tarraconem
1124 1189 1224 1230 seeum
1235 1172 1288 1232 ad·

88 1270 191 1331 duxit.

131 1367 199 1428 Nec
213 1366 406 1429 castilionem
419 1366 516 1448 copim
527 1365 633 1427 otiosas
647 1364 835 1437 desidebant,
847 1383 915 1444 qnae
930 1363 969 1422 ad
982 1361 1177 1423 Monsoninm
1191 1373 1288 1425 castra

85 1462 308 1543 applicuerunt.
351 1465 428 1525 Erat
451 1463 647 1524 Monsoninm
668 1462 807 1523 districtu
828 1460 992 1532 modicum,
1017 1460 1072 1520 sed
1094 1460 1288 1522 munimentis

86 1560 224 1632 firmum,
238 1563 320 1642 quod
333 1562 372 1622 ab
385 1581 464 1622 anno
482 1561 566 1622 Galli
586 1562 677 1621 trium
695 1559 951 1620 hebdomadarum
971 1557 1073 1638 spacio
1089 1557 1168 1618 farne
1182 1557 1223 1618 ud
1235 1557 1287 1618 de-

85 1656 234 1718 ditionem
262 1659 478 1738 compulerant,
504 1659 535 1718 id
559 1675 641 1718 nunc
664 1657 787 1718 tandem
811 1653 1045 1717 Castilionenses
1065 1665 1287 1735 recuperarunt.

85 1753 231 1815 Vicinam
246 1756 431 1817 vero-arcem
445 1755 476 1814 in
490 1774 582 1836 quam
596 1765 725 1836 quatuor
737 1753 895 1836 globorum
910 1751 1006 1812 millia
1020 1751 1176 1812 immisisse
1187 1751 1287 1813 ferun·

85 1862 149 1924 tnr,
163 1863 193 1912 et
205 1862 265 1913 tres
275 1853 433 1915 cuniculos
446 1852 637 1913 succendisse
652 1853 694 1913 ita
707 1852 738 1911 in
748 1859 926 1932 potestatem
938 1859 1124 1930 receperunt,
1135 1859 1167 1910 ut
1180 1857 1288 1929 praeter

84 1967 229 2009 acervum
243 1948 378 2030 lapidum
393 1949 470 2010 nihil
484 1949 659 2030 reperirent.

115 2261 1250 2433 mmfflmffiumnu

495 2611 667 2690 CAPUT
693 2610 871 2687 LXXIV.

90 2820 323 2883 Testamentum
335 2837 387 2880 reu
398 2824 554 2901 postremo
568 2811 712 2877 voluutas
726 2810 826 2897 Repir
843 2806 1104 2873 Christianisumi
1119 2806 1275 2873 Ludouici

143 2920 254 2988 XIII.
269 2922 394 3007 &eraque
407 2916 518 2982 oditur.
570 2916 676 2980 Vurr'oe
690 2916 765 2980 item
779 2914 986 2999 expeditiones
997 2936 1056 3001 per
1072 2912 1218 3001 Belgium

520 3017 541 3084 d
560 3016 667 3085 Gallis
680 3029 835 3105 susceptu.
1003 3034 1005 3039 '

12 3224 21 3237 ·
314 3201 320 3215 ’
343 3204 693 3269 onovrcusxnr.
710 3203 865 3267 curraeet
880 3205 1282 3267 nanrraenexonnun-

86 3312 134 3354 as
193 3252 328 3388 ild&
362 3304 492 3375 issimus,
512 3304 587 3365 dum
609 3303 733 3383 Europa
752 3322 828 3384 pene
848 3313 911 3364 tota
924 3302 1037 3365 offenso
1058 3302 1158 3365 Marte
1172 3302 1282 3384 flagrat

189 3367 327 3544 ,5ζῖβῆ
363 3400 506 3463 intestino
519 3400 823 3470 intraviscerahoste,
832 3400 1022 3461 etoecultavi
1032 3400 1127 3460 morbi
1137 3400 1281 3480 paulatim

202 3494 237 3529 n,
259 3497 306 3552 Γ
364 3501 534 3581 depascitur
547 3518 583 3559 ac
601 3499 712 3558 sensim
725 3498 790 3558 sine
802 3516 891 3558 sensu
902 3498 941 3559 ad
956 3500 1025 3558 vitm
1039 3506 1132 3557 metas
1146 3496 1282 3578 perduci-

92 3576 94 3579 -
190 3522 337 3616 imi„

94 3632 110 3654 l,
160 3635 268 3655 ¹U⁴rr·l

15 3665 17 3676 ¹
294 3612 311 3642 Δ
362 3605 422 3658 tur.
463 3594 575 3657 Vitalis
592 3594 715 3675 spiritns
732 3594 875 3675 reliquias
890 3616 958 3656 cunr
975 3594 1054 3655 haud
1068 3593 1222 3654 diuturnas
1235 3614 1284 3655 su·

82 3692 252 3777 perfaturas
264 3692 390 3767 videret,
405 3714 497 3776 regno
516 3713 570 3753 suo
584 3703 615 3753 et
629 3692 715 3752 rebus
732 3691 862 3772 publicis
881 3692 1035 3773 providere
1049 3692 1223 3773 tempestive
1239 3691 1284 3751 in-
