3225 4700
446 295 866 367 ITINERARIUM.
1225 307 1245 367 7

80 471 148 531 rogo
164 457 230 510 suut
241 451 409 531 consopiti?
450 451 578 524 Quanta
592 472 662 534 opes
679 453 822 515 scelerati
834 451 964 515 Vulcani
983 450 1109 513 audacit
1120 453 1245 535 direpta

80 547 109 606 in
129 547 237 608 favillas
257 557 288 607 et
309 547 426 608 fumum
447 549 654 631 exspiravdret
682 551 783 612 sedet
805 549 939 610 imbelles
955 549 1114 610 mulierum
1132 561 1246 612 mentes

79 644 226 723 ceteroqui
243 645 282 704 sd
298 663 418 704 omnem
435 655 548 706 metum
570 667 671 728 pronae
688 646 834 707 masculos
851 645 1013 708 induerunt
1033 646 1158 722 animos,
1176 648 1245 709 sub·

75 739 203 819 jectoque
220 739 298 820 pirio
314 739 435 820 pulvere
451 741 576 817 adibus,
591 743 768 822 admotoque
786 741 857 824 igne
876 742 908 802 in
922 747 991 803 aera
1009 743 1137 824 gloriosi
1150 753 1245 804 morta

77 833 184 894 evolare
198 836 341 911 maludrc,
355 837 445 917 qudm
465 839 664 919 praedantium
678 839 809 900 militum
820 838 1013 918 iniquissimis
1025 839 1104 900 votis
1116 840 1245 900 cederet

78 928 141 990 Hoc
157 929 271 992 sineere
287 943 317 994 ct
334 933 399 994 siue
419 933 523 995 fraude
544 935 608 995 orbi
628 943 766 996 testatum
784 943 952 996 constanter
968 933 1055 1008 facio,
1074 936 1172 1016 plures
1188 936 1246 997 hac

76 1025 217 1088 obsidione
227 1037 259 1088 et
266 1030 486 1110 expugnatione
498 1031 618 1112 proprii
626 1050 727 1107 manu,
739 1031 830 1110 quim
839 1031 969 1091 militum
978 1031 1124 1092 macheria
1132 1032 1245 1092 machi·

76 1120 171 1202 uisque
189 1123 306 1185 bellicis
322 1125 505 1188 occubuisse.
548 1126 599 1188 Sic
622 1127 736 1188 scilicet
751 1137 816 1188 erat
832 1128 864 1187 in
885 1127 964 1202 fatis,
981 1137 1016 1188 nt
1035 1127 1088 1206 qui
1110 1127 1245 1209 legitimo

76 1217 191 1297 imperio
208 1221 249 1280 ad
269 1221 381 1282 nullius
398 1221 541 1304 principis
559 1233 666 1284 nutum
687 1223 797 1285 adduci
813 1233 959 1304 poterant,
978 1233 1095 1284 suomet
1106 1224 1194 1305 jussu
1211 1226 1243 1285 in

75 1315 228 1393 pendciem
245 1337 337 1398 quam
351 1318 407 1378 sibi
422 1328 601 1392 struxerant,
615 1329 744 1381 ruerent.
785 1319 863 1393 Quis
877 1321 980 1382 credat
997 1328 1164 1382 auctoratos
1176 1321 1245 1381 urbi

75 1409 174 1472 milites
187 1413 245 1474 sibi
259 1414 395 1476 crudeles
404 1413 462 1475 boc
475 1415 507 1475 in
520 1415 637 1476 excidio
650 1416 791 1488 extitisse,
804 1417 857 1496 qui
872 1417 944 1478 licet
956 1417 976 1478 b
990 1417 1099 1478 nostris
1116 1417 1245 1480 ducibus

74 1505 129 1568 sine
142 1509 263 1590 negotio
275 1510 308 1570 in
322 1509 413 1572 fidem
433 1519 464 1572 et
476 1511 599 1572 tutelam
617 1511 710 1593 recipi
723 1521 850 1592 possent,
863 1532 981 1574 omnem
994 1521 1093 1574 minen
1114 1513 1245 1576 clemen·

74 1602 137 1662 dam
156 1605 357 1681 excluserunt,
372 1627 441 1668 cum
459 1627 489 1668 se
503 1608 586 1669 velut
599 1627 719 1668 murum
742 1607 774 1667 in
795 1605 852 1668 fori
869 1609 969 1670 medio
985 1618 1176 1690 opponerent,
1190 1611 1244 1671 eli-

74 1708 167 1779 gentes
189 1703 287 1782 patrio
310 1703 395 1764 busto
419 1702 566 1783 implicari
587 1705 685 1785 potius
704 1704 795 1784 qnbm
817 1703 1053 1765 incolumitatem
1070 1725 1140 1765 cum
1161 1706 1245 1767 hoste

74 1796 197 1874 pcisoit
225 1800 306 1860 uude
324 1799 410 1860 miles
430 1799 585 1861 Caesareus
603 1799 635 1859 in
652 1798 834 1880 justissimus
854 1797 914 1858 ires
935 1797 1138 1873 effervescens,
1156 1801 1246 1862 obvia

73 1893 177 1972 quevis
191 1905 333 1972 sternere,
353 1896 433 1956 aedas
443 1895 680 1976 opulentissimas
694 1895 833 1975 diripere,
851 1914 959 1974 susque
973 1893 1069 1973 deque
1081 1913 1165 1954 sacra
1178 1917 1246 1976 pro-

74 1989 144 2050 fanis
155 1992 349 2067 confundere,
363 2013 482 2052 omnem
496 1990 689 2072 petulantiam
706 1999 736 2051 et
749 1989 956 2051 crudelitatem
972 2009 1120 2064 exercere,
1132 1991 1246 2053 nobiles

74 2087 214 2164 paritsret
226 2089 382 2170 ignobiles,
397 2087 455 2148 aris
468 2087 557 2148 simul
568 2087 683 2148 storeis
696 2088 809 2149 dicatos
818 2086 849 2146 in
859 2086 980 2147 vincula
992 2085 1118 2147 trabere.
1139 2086 1245 2168 Ipsum

74 2183 156 2244 etism
178 2183 251 2245 cleri
275 2197 365 2266 caput
387 2183 654 2266 Archiepiscopum
678 2193 799 2265 captum
817 2182 931 2244 Caesari
951 2203 1006 2244 ceu
1028 2182 1143 2245 bostem
1164 2184 1245 2266 pleo-

75 2281 189 2342 tcndum
202 2281 400 2343 committere.

110 2376 206 2439 Finitd
223 2388 286 2439 tam
300 2378 418 2439 funesti
435 2377 582 2461 tragaedid
596 2376 818 2439 Illustrissimus
830 2376 947 2457 Tyllius
958 2376 1170 2457 aliquantisper
1181 2377 1244 2439 illic

75 2472 204 2546 substitit,
219 2475 275 2537 vix
295 2475 357 2555 ipse
375 2475 437 2535 suis
457 2474 551 2535 oculis
565 2475 699 2548 credens,
721 2482 782 2534 tam
799 2473 929 2534 nobilem
945 2475 1058 2546 urbem,
1077 2472 1154 2533 nulli
1171 2473 1245 2534 illuc

76 2588 158 2649 usque
178 2569 258 2633 hosti
278 2572 427 2633 subditam
449 2571 468 2631 d
485 2590 516 2631 se
532 2571 651 2651 suisque
667 2569 700 2631 in
718 2578 893 2650 potestatem
914 2569 1105 2650 Imperatoris
1120 2588 1184 2629 esse
1199 2590 1245 2630 re·

76 2664 196 2727 ductam.

111 2763 272 2845 Postquam
285 2764 356 2824 verb
370 2772 412 2824 tot
425 2762 578 2824 itineribus
591 2761 640 2843 pie
655 2769 844 2844 parentasset,
857 2760 1109 2841 victoriarumque
1119 2759 1245 2821 Auctori

77 2856 139 2918 Duo
164 2860 280 2921 debitas
308 2860 412 2921 laudes
442 2858 574 2933 dixisset,
603 2859 635 2918 in
668 2857 829 2919 Saxoniam
850 2856 1068 2937 commigravit,
1092 2867 1128 2917 ut
1151 2856 1244 2917 fidem

77 2952 163 3015 Ducis
184 2955 324 3019 Suonie
346 2956 499 3037 probaret:
530 2972 618 3034 quern
638 2963 672 3015 ut
694 2954 726 3014 in
750 2953 878 3015 Caesaris
889 2953 976 3033 jussa
992 2962 1097 3012 nutare
1109 2953 1244 3013 animad-

75 3050 163 3127 vertit,
177 3050 329 3113 hincinde
343 3052 458 3112 levibus
471 3050 691 3111 velitationibus
704 3070 871 3131 aggressus,
879 3049 920 3109 ad
932 3048 1050 3109 fraudes
1063 3058 1094 3109 ct
1106 3048 1244 3111 dissimu-

75 3143 187 3209 lationes
201 3148 313 3231 adegit.
357 3147 522 3209 Simulabat
535 3147 615 3207 enim
629 3147 730 3207 mirari
744 3166 775 3206 se
788 3166 843 3206 cur
855 3145 939 3207 velut
950 3144 1042 3206 hostis
1055 3145 1245 3225 impeteretur

75 3241 278 3306 dCaesareano
296 3243 400 3319 milite,
415 3264 484 3307 cum
506 3244 539 3303 in
556 3243 707 3304 Caesarem
725 3242 843 3303 nullum
860 3262 991 3321 nuquam
1008 3242 1133 3302 militem
1150 3242 1245 3302 edux-

75 3337 145 3414 isset,
158 3360 228 3401 eum
242 3342 313 3402 verb
327 3341 452 3401 militem
466 3360 554 3420 quem
567 3360 658 3421 penes
667 3360 697 3399 se
710 3339 841 3411 baberet,
850 3358 910 3398 non
925 3338 956 3397 in
972 3338 1095 3419 Imperii
1111 3336 1244 3419 Impera·

76 3437 194 3517 turisque
208 3438 370 3512 excidium,
385 3438 438 3498 scd
450 3437 491 3497 ad
503 3436 550 3497 sui
563 3456 741 3515 suorumque
761 3434 996 3495 incolumitatem
1012 3434 1244 3496 conservandum

76 3537 266 3616 couscriptum
286 3555 367 3595 esse:
397 3532 457 3613 qud
476 3532 599 3614 quidem
616 3533 648 3592 in
665 3532 811 3593 sententid
823 3532 951 3614 perstitit
967 3532 1067 3611 quoad
1080 3531 1244 3592 Succorum

78 3625 136 3691 Rex
147 3631 312 3712 intercepto
326 3632 366 3693 sd
376 3630 509 3693 Oderam
522 3629 716 3693 Frsuooiurto
726 3628 758 3691 in
765 3628 931 3690 subsidium
940 3636 1159 3709 approperaret.
1181 3626 1244 3687 Htc
