3225 4700
506 340 528 404 I
536 339 823 408 TINERARI
830 337 917 404 UM.
1239 338 1302 402 417

101 489 270 571 proficisci,
290 492 342 553 ubi
358 492 434 554 dum
450 493 594 555 cerevisid
613 501 756 554 oneratur
772 491 956 568 vehiculum,
970 492 1032 574 ipse
1051 512 1088 553 ne
1103 501 1220 572 ternpus
1237 511 1303 572 per-

102 587 193 650 deret
200 589 272 650 vinc
282 590 390 652 adusto
399 611 431 652 se
444 591 621 674 ingurgitat,
630 599 661 652 et
673 592 749 652 bene
762 598 848 671 potus
858 610 928 650 cum
938 589 1050 650 famulo
1059 589 1090 649 in
1100 589 1180 649 viam
1191 609 1222 648 se
1232 589 1303 664 dat3

103 686 240 767 dumque
259 688 383 749 domum
404 699 545 770 properat
559 689 674 770 sopitus
691 698 723 750 et
738 688 816 758 male
835 696 941 748 cautus
960 687 976 746 ὸ
997 685 1083 748 traha
1100 685 1180 746 haud
1200 685 1306 747 adver-

104 793 188 846 tente
204 784 319 846 famulo
335 785 425 846 herus
438 785 556 861 defluit,
571 797 602 847 et
612 787 693 848 inter
704 785 791 846 nives
806 805 897 864 quem
912 792 1032 864 ceperat
1051 803 1189 843 somnum
1210 781 1306 842 conti·

105 890 199 942 nuat:
219 881 355 962 sequitur
366 903 426 943 nou
441 882 536 944 multo
548 893 614 964 post
623 883 729 965 auriga
738 882 869 959 alius„et
879 881 950 962 quia
959 879 1118 942 festinabat
1127 889 1211 940 tauta
1218 877 1307 939 vehe-

107 979 223 1041 mentia
235 980 268 1040 in
286 979 484 1042 temulentum
505 979 657 1061 impingit,
669 990 703 1040 ut
720 999 758 1039 ex
779 977 910 1059 impulsu
927 988 958 1040 et
978 975 1147 1038 vehiculum
1169 995 1307 1054 eversum

108 1076 210 1150 fuerit,
221 1085 252 1138 et
265 1096 361 1157 equus
379 1076 410 1138 iu
430 1077 631 1157 praecipitium
650 1076 754 1150 ruerit,
769 1075 895 1158 evigilat
908 1075 948 1136 ad
961 1072 1096 1134 dolorem
1110 1072 1206 1140 miles,
1221 1080 1250 1132 et
1263 1071 1308 1132 fa·

109 1172 227 1234 mulum
241 1173 416 1254 interpositi
426 1174 577 1236 multoties
591 1174 662 1235 mali
671 1174 819 1236 doemonis
829 1171 1060 1253 compellatione
1073 1169 1249 1252 gravissime
1263 1170 1310 1230 in·

110 1281 225 1350 crepat,
240 1271 314 1331 dum
334 1271 407 1331 verb
425 1271 555 1333 famulus
568 1293 659 1353 quem
673 1272 816 1334 dominus
834 1279 1010 1352 praesentem
1028 1269 1149 1330 rebatur
1162 1267 1246 1328 abest
1259 1286 1310 1327 ca·

110 1368 270 1430 codoemon
292 1367 398 1428 famuli
416 1368 497 1429 vices
515 1369 595 1430 subit
602 1390 612 1443 ;
636 1379 798 1449 responsat,
818 1377 951 1442 excusat,
972 1366 1151 1446 deprecetur
1169 1383 1310 1434 errorem,

112 1464 300 1544 militemque
310 1465 446 1525 nondum
454 1465 512 1526 sibi
522 1464 610 1545 plane
621 1475 799 1546 praesentem
811 1465 947 1534 fascinet,
956 1483 991 1524 ac
1002 1463 1032 1523 in
1044 1461 1168 1543 paludes
1176 1461 1310 1534 abducit,

112 1560 255 1640 dictoque
273 1560 363 1622 citius
380 1561 517 1636 dimittit.
560 1561 625 1624 Hic
642 1563 749 1623 iterum
768 1561 922 1644 indignari
942 1560 1083 1622 dominns
1104 1557 1312 1619 infidelitatem

113 1656 221 1718 famuli
238 1657 371 1718 execrari
387 1678 457 1718 cum
477 1659 559 1720 lenta
576 1658 669 1720 humo
684 1659 793 1720 luctari
811 1669 842 1720 et
860 1659 980 1719 taudem
1000 1666 1066 1739 post
1079 1656 1180 1738 plures
1198 1653 1313 1714 labores

113 1754 252 1828 eluctari,
268 1755 418 1816 fortunam
437 1755 559 1837 iusuper
579 1777 664 1818 suam
684 1756 818 1838 pluribus
834 1755 969 1836 dequari,
984 1754 1135 1815 arridente
1152 1772 1188 1812 ex
1202 1748 1313 1812 vicinid

114 1851 265 1913 daemone.
308 1851 455 1913 Evenerat
473 1853 490 1912 ὲ
508 1852 667 1932 paludibus
685 1852 781 1923 miles,
799 1873 856 1914 nec
872 1855 938 1934 jum
957 1854 1029 1913 satis
1043 1871 1154 1932 guarus
1173 1849 1203 1908 in
1223 1868 1314 1928 quam

116 1957 233 2028 partem
247 1949 304 2010 iter
316 1948 463 2022 instituat,
472 1949 589 2029 sylvam
604 1969 706 2011 versus
719 1949 886 2011 contendit.
930 1949 992 2012 Sed
1005 1969 1075 2010 ecce
1087 1947 1141 2009 tibi
1155 1967 1191 2008 ex
1205 1946 1315 2027 impro-

116 2044 182 2104 viso
196 2045 266 2105 novi
276 2065 308 2106 se
317 2045 426 2106 iterum
441 2045 704 2126 objiciuuthostes,
715 2068 752 2108 ac
765 2047 905 2128 luporum
915 2056 1015 2108 turma
1028 2045 1065 2106 lit
1075 2044 1173 2115 obvia,
1185 2057 1315 2124 quorum

117 2139 260 2202 ferociam
274 2143 348 2202 dum
362 2143 474 2204 cursim
495 2144 620 2204 evadere
635 2143 802 2218 contendit,
818 2144 992 2226 imprudens
1006 2143 1038 2202 in
1051 2140 1168 2222 sylvam
1184 2160 1215 2200 se
1228 2138 1317 2200 altius

117 2238 283 2318 immergit,
303 2249 333 2299 et
351 2240 370 2300 it
389 2239 618 2320 superveniente
635 2249 723 2302 nocte
739 2240 887 2312 obruitur,
901 2249 936 2301 ut
954 2239 1051 2300 somni
1069 2234 1258 2298 vehementi&
1275 2235 1318 2295 ite

118 2335 279 2417 premitur,
293 2346 327 2399 ut
338 2337 433 2419 quieti
447 2335 605 2420 indulgere
622 2337 677 2398 sub
691 2337 743 2399 dio
762 2337 853 2399 etiam
873 2345 903 2397 et
921 2336 1042 2398 nivibus
1062 2333 1229 2418 rigentibus
1247 2352 1317 2395 cum

111 2432 192 2493 vitae
205 2434 340 2515 periculo
354 2435 529 2497 decreverit.

162 2528 289 2593 Postero
306 2550 395 2593 mene
413 2531 484 2592 illac
502 2530 577 2595 forte
600 2531 802 2613 praetergressi
823 2530 949 2612 auriga,
970 2530 1068 2591 virum
1089 2538 1267 2611 agnoscunt,
1290 2539 1321 2591 et

121 2647 192 2687 cum
205 2626 317 2707 frigore
328 2628 441 2689 adustis
454 2628 683 2709 pedibussemet
696 2647 816 2690 movere
829 2646 889 2687 nou
900 2636 1009 2707 posset,
1022 2624 1162 2687 vehiculo
1176 2626 1319 2707 injectum

122 2744 159 2784 ac
172 2743 243 2783 suos
254 2723 429 2785 devolvunt.
472 2725 621 2797 Quidum
638 2725 693 2787 diu
710 2732 866 2805 expectato
882 2722 1055 2783 benefacere
1072 2722 1217 2796 laborant,
1230 2744 1322 2805 appa-

125 2831 189 2881 rato
203 2820 310 2881 balneo
326 2821 359 2881 iu
378 2822 511 2903 tepidam
526 2842 635 2904 aquam
650 2822 829 2901 immergere
846 2820 1042 2893 constituunt,
1058 2839 1127 2880 cum
1139 2820 1210 2881 verb
1227 2841 1323 2883 ocreae

123 2916 317 2979 detrahendae
331 2918 415 2994 prius
427 2932 525 2979 esseut
539 2940 659 2980 caruem
673 2919 734 2979 unia
746 2938 817 2979 cum
829 2916 945 2978 ossibus
958 2914 1109 2977 avellunt:
1129 2917 1253 2979 accessit
1263 2938 1322 2979 non

124 3012 222 3075 multd
231 3022 300 3095 post
309 3034 464 3096 gangrena
478 3034 545 3094 qute
556 3015 682 3076 militem
697 3013 827 3075 nobilem
842 3013 922 3074 iutra
935 3030 1046 3093 paucos
1055 3011 1120 3072 dies
1130 3013 1324 3093 consumpsit.

126 3111 144 3170 I
160 3130 241 3171 nuno
257 3119 288 3171 et
300 3110 384 3172 disce
397 3111 435 3171 ab
449 3109 507 3171 boc
522 3110 637 3192 hospite
656 3110 769 3191 quautb
789 3118 848 3171 stet
863 3106 1073 3189 intempestiva
1091 3107 1162 3168 mali
1178 3109 1326 3171 demonis

125 3205 296 3288 appellatio.

167 3303 332 3365 Geminum
346 3303 418 3366 huic
431 3313 518 3367 necto
528 3305 611 3386 quod
622 3305 653 3364 in
669 3302 777 3365 silesia
788 3300 948 3384 contigisse
962 3301 1018 3363 viri
1033 3302 1208 3363 auctoritate
1221 3322 1328 3385 graves

127 3399 338 3463 meminerunt.
381 3400 573 3464 Convenerat
585 3401 617 3460 in
632 3420 801 3481 cauponam
819 3395 950 3461 militum
970 3400 1094 3479 profana
1111 3400 1184 3461 trias
1201 3421 1237 3462 ac
1251 3401 1330 3463 inter

127 3497 373 3577 symposiandum
394 3498 557 3559 animosior
576 3498 608 3559 in
628 3506 764 3558 mutuam
782 3495 913 3577 primdm
931 3496 1099 3571 sanitatem,
1121 3506 1187 3557 tum
1207 3518 1329 3559 suorum

128 3593 219 3653 etiam
228 3593 352 3669 ducum,
364 3594 494 3675 denique
505 3603 535 3655 et
545 3593 579 3654 iu
591 3592 738 3654 daemonis
750 3592 878 3653 salutem
892 3591 1124 3674 intemperanter
1136 3593 1253 3669 bibunt,
1269 3615 1330 3656 non

129 3690 184 3752 diu
198 3699 258 3753 tam
272 3690 368 3752 amice
383 3690 581 3753 salutantibus
593 3690 687 3764 abuit,
701 3690 755 3770 qui
769 3690 921 3752 multoties
933 3699 1055 3751 vocatus
1069 3700 1132 3752 erat
1141 3692 1287 3767 diabolus,
1302 3703 1332 3754 et

704 3790 722 3846 3
738 3807 760 3847 rs
