3225 4700
344 349 407 412 ‘290
737 337 1136 409 lTlNERARlUM.

678 541 842 608 COPlA
869 539 1193 607 LITERARUM.

348 663 492 721 Antonius
507 662 675 722 Morsutius
691 663 750 721 Dei
763 660 978 739 etApostols'coe
990 661 1068 721 sedis
1089 661 1197 720 Gratia
1216 661 1375 738 Episcopus
1394 660 1550 718 Petines-

385 759 436 829 sis,
446 759 543 818 Sucro
556 759 695 818 Gurorsoe
706 758 891 836 Mojestotis,
902 777 954 816 uec
962 777 1019 818 stou
1026 758 1389 818 Sersuusimidrelsiducis
1398 757 1550 833 Leopoldl

389 853 531 913 Gulielmi
549 853 743 914 consiliosius
756 863 786 914 et
796 855 990 914 Exercitum
1006 855 1203 914 Goesurwrusu
1223 855 1356 914 Vicuriur
1371 853 1548 912 Generalis.

426 977 606 1039 Reverendo
619 977 705 1038 nobis
717 977 750 1038 in
764 975 887 1040 christo
905 977 1016 1040 dilecto
1028 977 1153 1039 Thomas
1171 978 1269 1040 Carra
1288 975 1451 1040 Sacerdoti
1470 975 1546 1055 Hy·

464 1073 556 1134 berno
574 1073 738 1155 capellano
761 1072 936 1156 Regimenti
957 1074 1148 1136 illustrissimi
1169 1073 1453 1156 generosissimiqne
1476 1073 1545 1133 Do-

465 1168 541 1231 mini
551 1167 699 1230 Colouelli
714 1169 876 1231 Dereroux
891 1169 1025 1232 Salutem
1038 1171 1071 1232 in
1087 1170 1221 1232 Domino
1233 1181 1264 1232 et
1277 1190 1366 1231 omne
1379 1169 1512 1231 bonnm.

412 1280 654 1345 ASTORALIS
677 1289 785 1342 nostrae
808 1280 1020 1344 sollicitudinis
1039 1293 1138 1364 partes
1158 1303 1221 1344 csse
1241 1282 1462 1365 dignoscimus,
1480 1303 1540 1342 non

411 1389 527 1443 tantum
540 1378 712 1439 incumbere
727 1388 761 1439 nt
774 1378 793 1440 b
805 1377 907 1460 dignis
919 1390 949 1440 et
957 1379 1088 1461 probatis
1103 1378 1314 1442 Sacerdotibus
1326 1388 1430 1440 sancte
1444 1379 1543 1439 admi·

346 1476 509 1537 nistrentur
518 1473 663 1535 militibus
674 1473 888 1535 Ecclesiastico
897 1474 1100 1550 Sacramenta,
1112 1475 1315 1536 verumetiam
1326 1473 1401 1535 vitia
1410 1483 1444 1534 et
1452 1473 1543 1534 males

345 1569 575 1632 consuetudines
589 1579 650 1632 tam
663 1569 852 1632 Clusinorum
866 1591 957 1651 quam
969 1570 1129 1632 Lnicorum
1139 1569 1343 1646 eliminentur,
1351 1578 1382 1630 et
1391 1569 1541 1630 radicitus

346 1667 548 1746 extirpentur:
571 1677 683 1728 etcum
702 1687 761 1728 non
779 1667 889 1748 ubique
910 1687 973 1728 esse
993 1665 1148 1747 possimus,
1168 1673 1324 1747 propterea
1341 1666 1380 1728 da
1397 1687 1456 1728 sua
1467 1687 1540 1725 cou-

346 1771 443 1822 stante
461 1761 533 1836 fide,
547 1763 718 1844 prudentia,
738 1763 885 1844 probitate
898 1773 929 1824 et
942 1763 1122 1845 integritate,
1136 1783 1171 1822 ea
1183 1781 1243 1843 qua
1261 1761 1417 1844 fungimur
1433 1761 1467 1821 in
1481 1761 1539 1821 boc

346 1859 478 1920 exercitu
504 1858 642 1921 Caesareo
665 1859 849 1935 auctoritate,
879 1868 907 1920 te
933 1859 1137 1939 supradictum
1166 1858 1363 1920 reverendum
1387 1857 1538 1918 Thomam

348 1953 445 2016 Corve
459 1955 489 2015 in
505 1953 703 2036 Capellanusu
716 1955 863 2036 majorem
876 1975 968 2036 supra
981 1955 1116 2016 nationes
1130 1954 1310 2038 Anglorum,
1330 1955 1490 2015 Scotorum
1510 1965 1539 2013 et

348 2049 564 2132 Hybemorum
584 2061 646 2112 tam
671 2049 950 2111 Ecclesiasticornm
974 2071 1064 2130 quam
1090 2050 1250 2112 Inicorum
1270 2049 1303 2110 in
1325 2049 1382 2110 boc
1402 2049 1536 2110 exercitu

346 2147 593 2207 commorantium
621 2166 675 2228 per
700 2155 861 2226 praesentes
881 2145 1018 2222 lecimus,
1040 2147 1258 2220 constituimus,
1278 2146 1469 2228 deputamus,
1499 2145 1537 2204 ad

347 2251 480 2304 nostrum
493 2241 724 2322 beneplacitum,
739 2261 809 2303 oum
824 2242 962 2302 omuibus
975 2242 1149 2317 bonoribus,
1164 2243 1303 2304 oneribus
1319 2252 1349 2303 et
1363 2243 1536 2324 prerogati-

347 2338 403 2412 vis,
424 2359 495 2400 cum
515 2347 657 2421 potestate
678 2358 780 2401 omnes
800 2337 978 2421 depravatos
997 2360 1093 2401 morea
1112 2339 1145 2399 in
1166 2340 1298 2421 personia
1318 2337 1537 2401 Ecclesiasticis

348 2435 519 2517 corrigendi
526 2444 557 2496 et
564 2434 1167 2516 emendandi,informationesaooipieudi,
1176 2444 1207 2496 et
1214 2456 1367 2515 processus
1375 2435 1535 2509 formandi,

348 2540 407 2590 tam
423 2550 512 2611 supra
525 2529 648 2592 clericos
662 2549 752 2611 quam
766 2529 859 2592 laicos
877 2531 909 2592 in
926 2531 1140 2614 spiritualibus,
1156 2530 1315 2611 omniaque
1332 2530 1419 2591 nobis
1437 2531 1535 2591 notifi-

349 2626 449 2698 candi,
470 2634 505 2686 ut
525 2638 692 2707 opportuna
715 2626 861 2706 possimus
880 2626 1021 2689 adbibere
1041 2626 1184 2687 remedia.
1233 2626 1359 2708 Insuper
1381 2625 1534 2689 licentiam

348 2720 465 2796 damus,
487 2721 682 2783 Sacramenta
706 2721 918 2785 Ecclesiastica
937 2722 1166 2784 administrandi
1184 2723 1378 2805 regiminibus
1398 2742 1460 2783 non
1482 2720 1534 2782 ba-

347 2816 485 2878 bentibus
498 2816 726 2898 cappellanum.
771 2816 934 2880 Mouemus
951 2818 1077 2899 proinde
1094 2838 1197 2879 omnes
1215 2818 1420 2900 cujuscunque
1432 2820 1534 2880 condi·

348 2912 437 2975 tionis
450 2914 510 2975 sint
527 2924 557 2975 et
576 2922 669 2975 status
688 2913 808 2974 illarum
826 2913 983 2975 nationum
1001 2912 1054 2995 qni
1072 2932 1176 2973 curam
1193 2913 1359 2975 animarum
1378 2925 1485 2997 gerunt
1501 2925 1535 2975 ut

348 3010 552 3091 supradictum
569 3029 623 3090 pro
642 3010 695 3071 tali
714 3017 887 3092 agnoscant,
910 3008 997 3089 eique
1014 3008 1215 3070 obedientiam
1236 3010 1368 3071 debitam
1384 3019 1533 3091 praestent,

348 3107 488 3169 officiales
501 3126 603 3167 omues
616 3114 764 3187 rogantes,
780 3115 814 3166 ut
827 3105 909 3167 dicto
920 3106 1000 3185 patri
1013 3124 1066 3166 aua
1082 3104 1256 3167 anctoritate
1274 3105 1420 3180 assistam,
1438 3126 1531 3186 neque

349 3202 497 3264 ullatenus
509 3204 574 3284 ejus
587 3210 761 3285 potestatam
774 3201 871 3262 minui
884 3201 1052 3282 patiantur:
1074 3200 1106 3260 in
1120 3220 1246 3281 quorum
1263 3199 1355 3262 fidem
1369 3200 1423 3262 bus
1434 3214 1529 3282 poten

349 3307 393 3358 tes
407 3296 519 3359 litteras
532 3319 624 3359 manu
638 3297 759 3380 proprii
773 3297 1010 3378 subscripsimus,
1024 3306 1054 3358 et
1067 3295 1176 3378 sigillo
1186 3304 1285 3357 nostro
1297 3296 1408 3358 muniri
1418 3297 1528 3358 curavi-

350 3412 425 3453 mus.
443 3451 445 3458 ,
469 3391 583 3455 Datum
599 3394 713 3455 Biirum
726 3394 758 3454 iu
773 3391 958 3473 Westphalia
973 3393 1023 3453 die
1037 3396 1076 3453 20
1087 3392 1224 3453 Octobris
1237 3394 1329 3453 Anno
1345 3394 1431 3452 1640.

429 3489 573 3583 imit!
587 3490 929 3585 Ettwtu‘.1'‘²²'²⁸⁶²¹.⁸²'⁸
1118 3524 1232 3607 (mon
1245 3525 1372 3607 sigini.)

438 3570 605 3629 Vscocursus
621 3570 775 3631 Generalis
789 3570 954 3630 Exossatus.

1007 3664 1137 3742 Aroslus
1150 3665 1294 3723 Antonius
1310 3663 1471 3742 Otlcpussus

1176 3760 1306 3819 Cancell.

1050 3854 1097 3915 De
1113 3854 1260 3914 Mandato
1276 3854 1426 3935 Episcopi.
