<?xml version="1.0" encoding="UTF-8"?>
<!DOCTYPE html PUBLIC "-//W3C//DTD XHTML 1.0 Transitional//EN"
    "http://www.w3.org/TR/xhtml1/DTD/xhtml1-transitional.dtd">
<html xmlns="http://www.w3.org/1999/xhtml" xml:lang="en" lang="en">
 <head>
  <title>
</title>
<meta http-equiv="Content-Type" content="text/html;charset=utf-8" />
  <meta name='ocr-system' content='tesseract 3.04.00' />
  <meta name='ocr-capabilities' content='ocr_page ocr_carea ocr_par ocr_line ocrx_word'/>
</head>
<body>
  <div class='ocr_page' id='page_1' title='image "./itinerariumthom00kerngoog_0503.png"; bbox 0 0 3225 4700; ppageno 0'>
   <div class='ocr_carea' id='block_1_1' title="bbox 394 304 1281 373">
    <p class='ocr_par' dir='ltr' id='par_1_1' title="bbox 394 304 1281 373">
     <span class='ocr_line' id='line_1_1' title="bbox 394 304 1281 373; baseline -0.002 -3"><span class='ocrx_word' id='word_1_1' title='bbox 394 304 698 373; x_wconf 81' lang='lat' dir='ltr'><em>BENEVOLO</em></span> <span class='ocrx_word' id='word_1_2' title='bbox 731 304 991 373; x_wconf 71' lang='lat' dir='ltr'><strong><em>LECTORI.</em></strong></span> <span class='ocrx_word' id='word_1_3' title='bbox 1220 304 1281 369; x_wconf 85' lang='lat'>301</span> 
     </span>
    </p>
   </div>
   <div class='ocr_carea' id='block_1_2' title="bbox 92 455 1286 735">
    <p class='ocr_par' dir='ltr' id='par_1_2' title="bbox 92 455 1286 735">
     <span class='ocr_line' id='line_1_2' title="bbox 93 455 1286 540; baseline 0.001 -25"><span class='ocrx_word' id='word_1_4' title='bbox 93 456 169 515; x_wconf 90' lang='lat' dir='ltr'>dum</span> <span class='ocrx_word' id='word_1_5' title='bbox 189 463 285 517; x_wconf 89' lang='lat' dir='ltr'>sector</span> <span class='ocrx_word' id='word_1_6' title='bbox 304 455 337 516; x_wconf 91' lang='lat' dir='ltr'>in</span> <span class='ocrx_word' id='word_1_7' title='bbox 354 455 519 519; x_wconf 60' lang='lat' dir='ltr'>musonius</span> <span class='ocrx_word' id='word_1_8' title='bbox 537 458 630 519; x_wconf 88' lang='lat' dir='ltr'>incidi</span> <span class='ocrx_word' id='word_1_9' title='bbox 648 476 762 534; x_wconf 89' lang='lat' dir='ltr'>eorum,</span> <span class='ocrx_word' id='word_1_10' title='bbox 781 457 891 538; x_wconf 86' lang='lat' dir='ltr'>quibus</span> <span class='ocrx_word' id='word_1_11' title='bbox 908 457 1006 539; x_wconf 79' lang='lat' dir='ltr'>prolui</span> <span class='ocrx_word' id='word_1_12' title='bbox 1022 458 1182 540; x_wconf 86' lang='lat' dir='ltr'>plurimum</span> <span class='ocrx_word' id='word_1_13' title='bbox 1201 456 1286 518; x_wconf 91' lang='lat' dir='ltr'>obsui</span> 
     </span>
     <span class='ocr_line' id='line_1_3' title="bbox 92 552 1285 636; baseline 0.002 -25"><span class='ocrx_word' id='word_1_14' title='bbox 92 572 268 633; x_wconf 78' lang='lat' dir='ltr'><strong>numquam.</strong></span> <span class='ocrx_word' id='word_1_15' title='bbox 310 552 395 625; x_wconf 82' lang='lat' dir='ltr'>Quid</span> <span class='ocrx_word' id='word_1_16' title='bbox 408 558 498 617; x_wconf 84' lang='lat' dir='ltr'>tum?</span> <span class='ocrx_word' id='word_1_17' title='bbox 517 554 647 617; x_wconf 88' lang='lat' dir='ltr'>solennis</span> <span class='ocrx_word' id='word_1_18' title='bbox 658 554 709 615; x_wconf 91' lang='lat' dir='ltr'>bic</span> <span class='ocrx_word' id='word_1_19' title='bbox 722 565 766 617; x_wconf 89' lang='lat' dir='ltr'>est</span> <span class='ocrx_word' id='word_1_20' title='bbox 778 554 898 617; x_wconf 85' lang='lat' dir='ltr'>virtutis</span> <span class='ocrx_word' id='word_1_21' title='bbox 911 554 1005 636; x_wconf 81' lang='lat' dir='ltr'>agari,</span> <span class='ocrx_word' id='word_1_22' title='bbox 1020 555 1052 615; x_wconf 91' lang='lat' dir='ltr'>iu</span> <span class='ocrx_word' id='word_1_23' title='bbox 1065 574 1126 636; x_wconf 93' lang='lat' dir='ltr'>quo</span> <span class='ocrx_word' id='word_1_24' title='bbox 1134 555 1200 636; x_wconf 83' lang='lat' dir='ltr'>jum</span> <span class='ocrx_word' id='word_1_25' title='bbox 1215 554 1285 614; x_wconf 91' lang='lat' dir='ltr'>inde</span> 
     </span>
     <span class='ocr_line' id='line_1_4' title="bbox 92 649 1286 735; baseline 0 -25"><span class='ocrx_word' id='word_1_26' title='bbox 92 668 112 709; x_wconf 90' lang='lat' dir='ltr'>a</span> <span class='ocrx_word' id='word_1_27' title='bbox 129 649 228 730; x_wconf 88' lang='lat' dir='ltr'>primo</span> <span class='ocrx_word' id='word_1_28' title='bbox 244 650 325 711; x_wconf 86' lang='lat' dir='ltr'>orbis</span> <span class='ocrx_word' id='word_1_29' title='bbox 343 650 465 712; x_wconf 84' lang='lat' dir='ltr'>exordio</span> <span class='ocrx_word' id='word_1_30' title='bbox 483 652 683 733; x_wconf 82' lang='lat' dir='ltr'>proelusemnt</span> <span class='ocrx_word' id='word_1_31' title='bbox 698 652 833 713; x_wconf 82' lang='lat' dir='ltr'>veritatis</span> <span class='ocrx_word' id='word_1_32' title='bbox 849 660 1092 735; x_wconf 74' lang='lat' dir='ltr'>propugnatores,</span> <span class='ocrx_word' id='word_1_33' title='bbox 1111 651 1204 733; x_wconf 89' lang='lat' dir='ltr'>pressi</span> <span class='ocrx_word' id='word_1_34' title='bbox 1218 650 1286 731; x_wconf 91' lang='lat' dir='ltr'>qui·</span> 
     </span>
    </p>
   </div>
   <div class='ocr_carea' id='block_1_3' title="bbox 92 744 1334 2844">
    <p class='ocr_par' dir='ltr' id='par_1_3' title="bbox 92 744 1334 2844">
     <span class='ocr_line' id='line_1_5' title="bbox 93 744 1286 829; baseline 0.002 -24"><span class='ocrx_word' id='word_1_35' title='bbox 93 744 176 819; x_wconf 91' lang='lat' dir='ltr'>dem,</span> <span class='ocrx_word' id='word_1_36' title='bbox 189 745 243 807; x_wconf 86' lang='lat' dir='ltr'>sed</span> <span class='ocrx_word' id='word_1_37' title='bbox 255 765 402 827; x_wconf 88' lang='lat' dir='ltr'>nusquam</span> <span class='ocrx_word' id='word_1_38' title='bbox 416 746 559 827; x_wconf 72' lang='lat' dir='ltr'>oppressi,</span> <span class='ocrx_word' id='word_1_39' title='bbox 573 754 631 808; x_wconf 90' lang='lat' dir='ltr'>stat</span> <span class='ocrx_word' id='word_1_40' title='bbox 642 746 733 807; x_wconf 85' lang='lat' dir='ltr'>firmo</span> <span class='ocrx_word' id='word_1_41' title='bbox 749 746 826 827; x_wconf 86' lang='lat' dir='ltr'>pede</span> <span class='ocrx_word' id='word_1_42' title='bbox 844 746 978 808; x_wconf 88' lang='lat' dir='ltr'>radicata</span> <span class='ocrx_word' id='word_1_43' title='bbox 995 746 1087 808; x_wconf 90' lang='lat' dir='ltr'>semel</span> <span class='ocrx_word' id='word_1_44' title='bbox 1104 747 1212 829; x_wconf 73' lang='lat' dir='ltr'>stepius</span> <span class='ocrx_word' id='word_1_45' title='bbox 1229 747 1286 807; x_wconf 92' lang='lat' dir='ltr'>im-</span> 
     </span>
     <span class='ocr_line' id='line_1_6' title="bbox 92 842 1284 925; baseline 0.001 -23"><span class='ocrx_word' id='word_1_46' title='bbox 92 849 228 923; x_wconf 79' lang='lat' dir='ltr'>pugnata</span> <span class='ocrx_word' id='word_1_47' title='bbox 251 842 370 918; x_wconf 79' lang='lat' dir='ltr'>veritas,</span> <span class='ocrx_word' id='word_1_48' title='bbox 392 862 449 903; x_wconf 89' lang='lat' dir='ltr'>nac</span> <span class='ocrx_word' id='word_1_49' title='bbox 471 842 604 904; x_wconf 84' lang='lat' dir='ltr'>adversis</span> <span class='ocrx_word' id='word_1_50' title='bbox 623 850 781 904; x_wconf 69' lang='lat' dir='ltr'>venwrum</span> <span class='ocrx_word' id='word_1_51' title='bbox 804 843 973 904; x_wconf 84' lang='lat' dir='ltr'>turbinibus</span> <span class='ocrx_word' id='word_1_52' title='bbox 992 842 1121 925; x_wconf 89' lang='lat' dir='ltr'>impulsa</span> <span class='ocrx_word' id='word_1_53' title='bbox 1139 852 1284 906; x_wconf 82' lang='lat' dir='ltr'>movetur.</span> 
     </span>
     <span class='ocr_line' id='line_1_7' title="bbox 94 936 1287 1019; baseline 0.002 -20"><span class='ocrx_word' id='word_1_54' title='bbox 94 936 193 1019; x_wconf 86' lang='lat' dir='ltr'>Cujus</span> <span class='ocrx_word' id='word_1_55' title='bbox 206 936 373 999; x_wconf 85' lang='lat' dir='ltr'>constantia</span> <span class='ocrx_word' id='word_1_56' title='bbox 384 939 539 999; x_wconf 88' lang='lat' dir='ltr'>roboratur</span> <span class='ocrx_word' id='word_1_57' title='bbox 551 937 683 999; x_wconf 86' lang='lat' dir='ltr'>calamus</span> <span class='ocrx_word' id='word_1_58' title='bbox 695 938 735 1000; x_wconf 88' lang='lat' dir='ltr'>ad</span> <span class='ocrx_word' id='word_1_59' title='bbox 747 938 864 999; x_wconf 83' lang='lat' dir='ltr'>tertiam</span> <span class='ocrx_word' id='word_1_60' title='bbox 880 938 1054 1001; x_wconf 79' lang='lat' dir='ltr'>Historioloe</span> <span class='ocrx_word' id='word_1_61' title='bbox 1065 957 1140 1000; x_wconf 82' lang='lat' dir='ltr'>meae</span> <span class='ocrx_word' id='word_1_62' title='bbox 1153 939 1287 1019; x_wconf 88' lang='lat' dir='ltr'>partitio-</span> 
     </span>
     <span class='ocr_line' id='line_1_8' title="bbox 92 1030 1285 1116; baseline 0.004 -23"><span class='ocrx_word' id='word_1_63' title='bbox 92 1051 166 1093; x_wconf 87' lang='lat' dir='ltr'>nem</span> <span class='ocrx_word' id='word_1_64' title='bbox 179 1030 306 1095; x_wconf 86' lang='lat' dir='ltr'>lidenter</span> <span class='ocrx_word' id='word_1_65' title='bbox 319 1033 437 1095; x_wconf 88' lang='lat' dir='ltr'>accedit</span> <span class='ocrx_word' id='word_1_66' title='bbox 449 1034 482 1096; x_wconf 92' lang='lat' dir='ltr'>in</span> <span class='ocrx_word' id='word_1_67' title='bbox 494 1054 555 1115; x_wconf 88' lang='lat' dir='ltr'>qua</span> <span class='ocrx_word' id='word_1_68' title='bbox 566 1043 651 1116; x_wconf 80' lang='lat' dir='ltr'>gesta</span> <span class='ocrx_word' id='word_1_69' title='bbox 661 1033 699 1095; x_wconf 88' lang='lat' dir='ltr'>ab</span> <span class='ocrx_word' id='word_1_70' title='bbox 714 1038 806 1095; x_wconf 81' lang='lat' dir='ltr'>Auno</span> <span class='ocrx_word' id='word_1_71' title='bbox 820 1034 992 1097; x_wconf 83' lang='lat' dir='ltr'>Christiano</span> <span class='ocrx_word' id='word_1_72' title='bbox 1010 1034 1163 1116; x_wconf 83' lang='lat' dir='ltr'>trigesimo</span> <span class='ocrx_word' id='word_1_73' title='bbox 1179 1045 1285 1098; x_wconf 88' lang='lat' dir='ltr'>octavo</span> 
     </span>
     <span class='ocr_line' id='line_1_9' title="bbox 93 1128 1284 1212; baseline 0.001 -22"><span class='ocrx_word' id='word_1_74' title='bbox 93 1148 186 1210; x_wconf 84' lang='lat' dir='ltr'>supra</span> <span class='ocrx_word' id='word_1_75' title='bbox 209 1128 416 1191; x_wconf 76' lang='lat' dir='ltr'>millensimum</span> <span class='ocrx_word' id='word_1_76' title='bbox 441 1130 686 1191; x_wconf 81' lang='lat' dir='ltr'>sexcentesimum</span> <span class='ocrx_word' id='word_1_77' title='bbox 706 1132 745 1193; x_wconf 86' lang='lat' dir='ltr'>cd</span> <span class='ocrx_word' id='word_1_78' title='bbox 771 1150 885 1192; x_wconf 90' lang='lat' dir='ltr'>anuum</span> <span class='ocrx_word' id='word_1_79' title='bbox 908 1149 1002 1211; x_wconf 88' lang='lat' dir='ltr'>usque</span> <span class='ocrx_word' id='word_1_80' title='bbox 1024 1129 1284 1212; x_wconf 85' lang='lat' dir='ltr'>quadragesimum</span> 
     </span>
     <span class='ocr_line' id='line_1_10' title="bbox 92 1224 1282 1306; baseline 0 -21"><span class='ocrx_word' id='word_1_81' title='bbox 92 1224 235 1305; x_wconf 88' lang='lat' dir='ltr'>quintum</span> <span class='ocrx_word' id='word_1_82' title='bbox 253 1233 323 1306; x_wconf 92' lang='lat' dir='ltr'>post</span> <span class='ocrx_word' id='word_1_83' title='bbox 337 1224 520 1286; x_wconf 84' lang='lat' dir='ltr'>sedecimum</span> <span class='ocrx_word' id='word_1_84' title='bbox 540 1224 684 1287; x_wconf 77' lang='lat' dir='ltr'>sarculum</span> <span class='ocrx_word' id='word_1_85' title='bbox 705 1226 956 1297; x_wconf 84' lang='lat' dir='ltr'>commemoralio,</span> <span class='ocrx_word' id='word_1_86' title='bbox 978 1225 1131 1287; x_wconf 88' lang='lat' dir='ltr'>succincto</span> <span class='ocrx_word' id='word_1_87' title='bbox 1151 1224 1282 1305; x_wconf 91' lang='lat' dir='ltr'>quidem,</span> 
     </span>
     <span class='ocr_line' id='line_1_11' title="bbox 93 1320 1284 1404; baseline -0.001 -20"><span class='ocrx_word' id='word_1_88' title='bbox 93 1332 242 1403; x_wconf 90' lang='lat' dir='ltr'>quantum</span> <span class='ocrx_word' id='word_1_89' title='bbox 255 1322 395 1404; x_wconf 87' lang='lat' dir='ltr'>temporis</span> <span class='ocrx_word' id='word_1_90' title='bbox 407 1341 566 1402; x_wconf 83' lang='lat' dir='ltr'>rerumque</span> <span class='ocrx_word' id='word_1_91' title='bbox 574 1322 651 1384; x_wconf 88' lang='lat' dir='ltr'>ratio</span> <span class='ocrx_word' id='word_1_92' title='bbox 663 1322 802 1404; x_wconf 84' lang='lat' dir='ltr'>patietur,</span> <span class='ocrx_word' id='word_1_93' title='bbox 817 1322 869 1385; x_wconf 89' lang='lat' dir='ltr'>scd</span> <span class='ocrx_word' id='word_1_94' title='bbox 882 1321 1012 1385; x_wconf 90' lang='lat' dir='ltr'>candido</span> <span class='ocrx_word' id='word_1_95' title='bbox 1025 1320 1111 1402; x_wconf 85' lang='lat' dir='ltr'>stylo.</span> <span class='ocrx_word' id='word_1_96' title='bbox 1154 1321 1244 1393; x_wconf 83' lang='lat' dir='ltr'>Quod</span> <span class='ocrx_word' id='word_1_97' title='bbox 1258 1321 1284 1383; x_wconf 89' lang='lat' dir='ltr'>si</span> 
     </span>
     <span class='ocr_line' id='line_1_12' title="bbox 95 1406 1334 1502; baseline -0.001 -21"><span class='ocrx_word' id='word_1_98' title='bbox 95 1420 164 1501; x_wconf 88' lang='lat' dir='ltr'>quis</span> <span class='ocrx_word' id='word_1_99' title='bbox 177 1429 284 1502; x_wconf 79' lang='lat' dir='ltr'>arguat</span> <span class='ocrx_word' id='word_1_100' title='bbox 294 1419 434 1501; x_wconf 73' lang='lat' dir='ltr'>vulgaras</span> <span class='ocrx_word' id='word_1_101' title='bbox 447 1438 495 1479; x_wconf 89' lang='lat' dir='ltr'>me</span> <span class='ocrx_word' id='word_1_102' title='bbox 507 1438 555 1480; x_wconf 89' lang='lat' dir='ltr'>res</span> <span class='ocrx_word' id='word_1_103' title='bbox 567 1427 598 1479; x_wconf 87' lang='lat' dir='ltr'>et</span> <span class='ocrx_word' id='word_1_104' title='bbox 610 1419 676 1480; x_wconf 91' lang='lat' dir='ltr'>orbi</span> <span class='ocrx_word' id='word_1_105' title='bbox 693 1406 862 1480; x_wconf 78' lang='lat' dir='ltr'>notissimas</span> <span class='ocrx_word' id='word_1_106' title='bbox 879 1437 1125 1489; x_wconf 85' lang='lat' dir='ltr'>commemorurc;</span> <span class='ocrx_word' id='word_1_107' title='bbox 1145 1416 1238 1479; x_wconf 89' lang='lat' dir='ltr'>fateor</span> <span class='ocrx_word' id='word_1_108' title='bbox 1251 1418 1285 1480; x_wconf 92' lang='lat' dir='ltr'>id</span> <span class='ocrx_word' id='word_1_109' title='bbox 1330 1416 1334 1427; x_wconf 90' lang='lat'>&#39;</span> 
     </span>
     <span class='ocr_line' id='line_1_13' title="bbox 95 1513 1283 1596; baseline -0.001 -20"><span class='ocrx_word' id='word_1_110' title='bbox 95 1515 247 1596; x_wconf 83' lang='lat' dir='ltr'>equidem,</span> <span class='ocrx_word' id='word_1_111' title='bbox 261 1514 288 1575; x_wconf 90' lang='lat' dir='ltr'>si</span> <span class='ocrx_word' id='word_1_112' title='bbox 297 1514 336 1575; x_wconf 90' lang='lat' dir='ltr'>de</span> <span class='ocrx_word' id='word_1_113' title='bbox 350 1513 467 1596; x_wconf 90' lang='lat' dir='ltr'>populis</span> <span class='ocrx_word' id='word_1_114' title='bbox 479 1523 509 1575; x_wconf 93' lang='lat' dir='ltr'>et</span> <span class='ocrx_word' id='word_1_115' title='bbox 520 1514 691 1575; x_wconf 81' lang='lat' dir='ltr'>nationibus</span> <span class='ocrx_word' id='word_1_116' title='bbox 703 1534 800 1577; x_wconf 90' lang='lat' dir='ltr'>sermo</span> <span class='ocrx_word' id='word_1_117' title='bbox 812 1514 853 1575; x_wconf 90' lang='lat' dir='ltr'>sit</span> <span class='ocrx_word' id='word_1_118' title='bbox 869 1514 923 1593; x_wconf 90' lang='lat' dir='ltr'>qui</span> <span class='ocrx_word' id='word_1_119' title='bbox 939 1522 1041 1575; x_wconf 88' lang='lat' dir='ltr'>nostro</span> <span class='ocrx_word' id='word_1_120' title='bbox 1058 1513 1170 1575; x_wconf 84' lang='lat' dir='ltr'>climati</span> <span class='ocrx_word' id='word_1_121' title='bbox 1183 1514 1283 1595; x_wconf 86' lang='lat' dir='ltr'>subja·</span> 
     </span>
     <span class='ocr_line' id='line_1_14' title="bbox 94 1609 1285 1691; baseline 0 -19"><span class='ocrx_word' id='word_1_122' title='bbox 94 1620 174 1673; x_wconf 81' lang='lat' dir='ltr'>cent</span> <span class='ocrx_word' id='word_1_123' title='bbox 216 1609 289 1672; x_wconf 88' lang='lat' dir='ltr'>Non</span> <span class='ocrx_word' id='word_1_124' title='bbox 301 1610 373 1671; x_wconf 89' lang='lat' dir='ltr'>item</span> <span class='ocrx_word' id='word_1_125' title='bbox 386 1609 440 1691; x_wconf 90' lang='lat' dir='ltr'>qui</span> <span class='ocrx_word' id='word_1_126' title='bbox 452 1610 609 1671; x_wconf 89' lang='lat' dir='ltr'>remotiore</span> <span class='ocrx_word' id='word_1_127' title='bbox 625 1610 658 1670; x_wconf 91' lang='lat' dir='ltr'>in</span> <span class='ocrx_word' id='word_1_128' title='bbox 673 1611 744 1672; x_wconf 93' lang='lat' dir='ltr'>orbe</span> <span class='ocrx_word' id='word_1_129' title='bbox 762 1618 918 1672; x_wconf 85' lang='lat' dir='ltr'>versantur</span> <span class='ocrx_word' id='word_1_130' title='bbox 931 1609 1038 1689; x_wconf 90' lang='lat' dir='ltr'>quibus</span> <span class='ocrx_word' id='word_1_131' title='bbox 1056 1630 1140 1672; x_wconf 92' lang='lat' dir='ltr'>meos</span> <span class='ocrx_word' id='word_1_132' title='bbox 1152 1610 1285 1673; x_wconf 84' lang='lat' dir='ltr'>calamus</span> 
     </span>
     <span class='ocr_line' id='line_1_15' title="bbox 95 1703 1283 1789; baseline 0.001 -21"><span class='ocrx_word' id='word_1_133' title='bbox 95 1707 222 1789; x_wconf 88' lang='lat' dir='ltr'>perinde</span> <span class='ocrx_word' id='word_1_134' title='bbox 235 1706 335 1768; x_wconf 83' lang='lat' dir='ltr'>servit</span> <span class='ocrx_word' id='word_1_135' title='bbox 376 1705 542 1767; x_wconf 79' lang='lat' dir='ltr'>Scribimus</span> <span class='ocrx_word' id='word_1_136' title='bbox 550 1704 616 1767; x_wconf 75' lang='lat' dir='ltr'>buc</span> <span class='ocrx_word' id='word_1_137' title='bbox 625 1726 699 1767; x_wconf 73' lang='lat' dir='ltr'>serae</span> <span class='ocrx_word' id='word_1_138' title='bbox 708 1704 872 1788; x_wconf 77' lang='lat' dir='ltr'>posteritati</span> <span class='ocrx_word' id='word_1_139' title='bbox 881 1704 921 1765; x_wconf 84' lang='lat' dir='ltr'>cd</span> <span class='ocrx_word' id='word_1_140' title='bbox 930 1703 1125 1766; x_wconf 90' lang='lat' dir='ltr'>imitationem</span> <span class='ocrx_word' id='word_1_141' title='bbox 1135 1705 1283 1787; x_wconf 86' lang='lat' dir='ltr'>majorum</span> 
     </span>
     <span class='ocr_line' id='line_1_16' title="bbox 95 1800 1284 1885; baseline -0.002 -19"><span class='ocrx_word' id='word_1_142' title='bbox 95 1815 277 1876; x_wconf 89' lang='lat' dir='ltr'>nostrornm,</span> <span class='ocrx_word' id='word_1_143' title='bbox 298 1803 351 1885; x_wconf 90' lang='lat' dir='ltr'>qui</span> <span class='ocrx_word' id='word_1_144' title='bbox 373 1802 512 1864; x_wconf 86' lang='lat' dir='ltr'>historias</span> <span class='ocrx_word' id='word_1_145' title='bbox 534 1821 588 1863; x_wconf 90' lang='lat' dir='ltr'>suo</span> <span class='ocrx_word' id='word_1_146' title='bbox 607 1821 674 1863; x_wconf 79' lang='lat' dir='ltr'>ruvo</span> <span class='ocrx_word' id='word_1_147' title='bbox 692 1801 860 1863; x_wconf 88' lang='lat' dir='ltr'>notissimas</span> <span class='ocrx_word' id='word_1_148' title='bbox 879 1800 1081 1863; x_wconf 77' lang='lat' dir='ltr'>subsecuturis</span> <span class='ocrx_word' id='word_1_149' title='bbox 1102 1803 1284 1882; x_wconf 82' lang='lat' dir='ltr'>temporibus</span> 
     </span>
     <span class='ocr_line' id='line_1_17' title="bbox 95 1895 1285 1981; baseline -0.002 -20"><span class='ocrx_word' id='word_1_150' title='bbox 95 1900 281 1981; x_wconf 74' lang='lat' dir='ltr'>antiquitatis</span> <span class='ocrx_word' id='word_1_151' title='bbox 298 1898 407 1961; x_wconf 83' lang='lat' dir='ltr'>faciem</span> <span class='ocrx_word' id='word_1_152' title='bbox 421 1904 567 1959; x_wconf 80' lang='lat' dir='ltr'>vetustate</span> <span class='ocrx_word' id='word_1_153' title='bbox 583 1896 811 1959; x_wconf 81' lang='lat' dir='ltr'>oblitterandam</span> <span class='ocrx_word' id='word_1_154' title='bbox 829 1905 960 1978; x_wconf 87' lang='lat' dir='ltr'>repetere</span> <span class='ocrx_word' id='word_1_155' title='bbox 976 1895 1155 1971; x_wconf 84' lang='lat' dir='ltr'>volentibus,</span> <span class='ocrx_word' id='word_1_156' title='bbox 1174 1897 1285 1978; x_wconf 87' lang='lat' dir='ltr'>scripto</span> 
     </span>
     <span class='ocr_line' id='line_1_18' title="bbox 95 1992 1283 2078; baseline -0.003 -19"><span class='ocrx_word' id='word_1_157' title='bbox 95 2000 275 2078; x_wconf 73' lang='lat' dir='ltr'>expressere.</span> <span class='ocrx_word' id='word_1_158' title='bbox 315 1996 415 2059; x_wconf 90' lang='lat' dir='ltr'>Nemo</span> <span class='ocrx_word' id='word_1_159' title='bbox 426 1994 553 2055; x_wconf 88' lang='lat' dir='ltr'>miratur</span> <span class='ocrx_word' id='word_1_160' title='bbox 565 1993 654 2055; x_wconf 84' lang='lat' dir='ltr'>flores</span> <span class='ocrx_word' id='word_1_161' title='bbox 667 2003 810 2055; x_wconf 87' lang='lat' dir='ltr'>vernante</span> <span class='ocrx_word' id='word_1_162' title='bbox 823 2013 902 2055; x_wconf 92' lang='lat' dir='ltr'>auno</span> <span class='ocrx_word' id='word_1_163' title='bbox 911 1993 963 2075; x_wconf 89' lang='lat' dir='ltr'>qni</span> <span class='ocrx_word' id='word_1_164' title='bbox 974 1992 1090 2074; x_wconf 90' lang='lat' dir='ltr'>copiam</span> <span class='ocrx_word' id='word_1_165' title='bbox 1100 1994 1283 2074; x_wconf 89' lang='lat' dir='ltr'>protuberat,</span> 
     </span>
     <span class='ocr_line' id='line_1_19' title="bbox 97 2088 1283 2175; baseline -0.003 -21"><span class='ocrx_word' id='word_1_166' title='bbox 97 2094 206 2175; x_wconf 82' lang='lat' dir='ltr'>volupe</span> <span class='ocrx_word' id='word_1_167' title='bbox 219 2102 318 2154; x_wconf 88' lang='lat' dir='ltr'>tamen</span> <span class='ocrx_word' id='word_1_168' title='bbox 331 2090 469 2152; x_wconf 89' lang='lat' dir='ltr'>omnibus</span> <span class='ocrx_word' id='word_1_169' title='bbox 481 2100 526 2151; x_wconf 89' lang='lat' dir='ltr'>est</span> <span class='ocrx_word' id='word_1_170' title='bbox 538 2089 621 2151; x_wconf 85' lang='lat' dir='ltr'>floris</span> <span class='ocrx_word' id='word_1_171' title='bbox 630 2090 832 2151; x_wconf 85' lang='lat' dir='ltr'>amoenitatsm</span> <span class='ocrx_word' id='word_1_172' title='bbox 843 2098 975 2170; x_wconf 74' lang='lat' dir='ltr'>spretore</span> <span class='ocrx_word' id='word_1_173' title='bbox 984 2088 1087 2151; x_wconf 74' lang='lat' dir='ltr'>adulti</span> <span class='ocrx_word' id='word_1_174' title='bbox 1094 2088 1212 2168; x_wconf 85' lang='lat' dir='ltr'>hyeme.</span> <span class='ocrx_word' id='word_1_175' title='bbox 1249 2088 1283 2151; x_wconf 81' lang='lat' dir='ltr'>si</span> 
     </span>
     <span class='ocr_line' id='line_1_20' title="bbox 98 2184 1284 2271; baseline -0.004 -20"><span class='ocrx_word' id='word_1_176' title='bbox 98 2190 167 2271; x_wconf 90' lang='lat' dir='ltr'>quis</span> <span class='ocrx_word' id='word_1_177' title='bbox 179 2191 254 2251; x_wconf 85' lang='lat' dir='ltr'>sorte</span> <span class='ocrx_word' id='word_1_178' title='bbox 267 2188 355 2265; x_wconf 88' lang='lat' dir='ltr'>hujus</span> <span class='ocrx_word' id='word_1_179' title='bbox 367 2185 509 2268; x_wconf 90' lang='lat' dir='ltr'>temporis</span> <span class='ocrx_word' id='word_1_180' title='bbox 521 2194 614 2268; x_wconf 85' lang='lat' dir='ltr'>gesta,</span> <span class='ocrx_word' id='word_1_181' title='bbox 628 2184 677 2246; x_wconf 88' lang='lat' dir='ltr'>vel</span> <span class='ocrx_word' id='word_1_182' title='bbox 690 2185 800 2248; x_wconf 89' lang='lat' dir='ltr'>otiosus</span> <span class='ocrx_word' id='word_1_183' title='bbox 814 2193 961 2267; x_wconf 85' lang='lat' dir='ltr'>spectator</span> <span class='ocrx_word' id='word_1_184' title='bbox 970 2184 1020 2246; x_wconf 84' lang='lat' dir='ltr'>vel</span> <span class='ocrx_word' id='word_1_185' title='bbox 1030 2184 1191 2247; x_wconf 87' lang='lat' dir='ltr'>laboriosus</span> <span class='ocrx_word' id='word_1_186' title='bbox 1201 2194 1284 2259; x_wconf 83' lang='lat' dir='ltr'>actor</span> 
     </span>
     <span class='ocr_line' id='line_1_21' title="bbox 98 2280 1283 2365; baseline -0.005 -17"><span class='ocrx_word' id='word_1_187' title='bbox 98 2295 221 2348; x_wconf 87' lang='lat' dir='ltr'>nauseat</span> <span class='ocrx_word' id='word_1_188' title='bbox 235 2283 318 2347; x_wconf 86' lang='lat' dir='ltr'>velut</span> <span class='ocrx_word' id='word_1_189' title='bbox 329 2283 400 2346; x_wconf 84' lang='lat' dir='ltr'>trita</span> <span class='ocrx_word' id='word_1_190' title='bbox 412 2293 443 2344; x_wconf 86' lang='lat' dir='ltr'>et</span> <span class='ocrx_word' id='word_1_191' title='bbox 454 2282 553 2359; x_wconf 86' lang='lat' dir='ltr'>obvia,</span> <span class='ocrx_word' id='word_1_192' title='bbox 567 2281 618 2343; x_wconf 90' lang='lat' dir='ltr'>ille</span> <span class='ocrx_word' id='word_1_193' title='bbox 627 2281 784 2365; x_wconf 90' lang='lat' dir='ltr'>nepotibus</span> <span class='ocrx_word' id='word_1_194' title='bbox 792 2280 855 2341; x_wconf 88' lang='lat' dir='ltr'>suis</span> <span class='ocrx_word' id='word_1_195' title='bbox 865 2300 944 2342; x_wconf 84' lang='lat' dir='ltr'>seros</span> <span class='ocrx_word' id='word_1_196' title='bbox 954 2289 1020 2362; x_wconf 90' lang='lat' dir='ltr'>post</span> <span class='ocrx_word' id='word_1_197' title='bbox 1029 2300 1122 2341; x_wconf 84' lang='lat' dir='ltr'>annos</span> <span class='ocrx_word' id='word_1_198' title='bbox 1135 2281 1283 2342; x_wconf 83' lang='lat' dir='ltr'>exactoris</span> 
     </span>
     <span class='ocr_line' id='line_1_22' title="bbox 99 2376 1282 2463; baseline -0.005 -18"><span class='ocrx_word' id='word_1_199' title='bbox 99 2391 130 2445; x_wconf 90' lang='lat' dir='ltr'>et</span> <span class='ocrx_word' id='word_1_200' title='bbox 140 2391 271 2449; x_wconf 83' lang='lat' dir='ltr'>nostram</span> <span class='ocrx_word' id='word_1_201' title='bbox 284 2379 470 2463; x_wconf 82' lang='lat' dir='ltr'>diligentiam</span> <span class='ocrx_word' id='word_1_202' title='bbox 484 2378 694 2441; x_wconf 85' lang='lat' dir='ltr'>desideraturis</span> <span class='ocrx_word' id='word_1_203' title='bbox 711 2377 983 2441; x_wconf 83' lang='lat' dir='ltr'>lucubratiunculas</span> <span class='ocrx_word' id='word_1_204' title='bbox 1000 2387 1113 2439; x_wconf 80' lang='lat' dir='ltr'>nostras</span> <span class='ocrx_word' id='word_1_205' title='bbox 1130 2396 1190 2437; x_wconf 90' lang='lat' dir='ltr'>uon</span> <span class='ocrx_word' id='word_1_206' title='bbox 1204 2376 1282 2439; x_wconf 84' lang='lat' dir='ltr'>iuvi-</span> 
     </span>
     <span class='ocr_line' id='line_1_23' title="bbox 99 2471 1281 2556; baseline -0.004 -15"><span class='ocrx_word' id='word_1_207' title='bbox 99 2481 179 2541; x_wconf 89' lang='lat' dir='ltr'>deat.</span> <span class='ocrx_word' id='word_1_208' title='bbox 220 2475 337 2550; x_wconf 77' lang='lat' dir='ltr'>Quibus</span> <span class='ocrx_word' id='word_1_209' title='bbox 349 2479 376 2538; x_wconf 89' lang='lat' dir='ltr'>si</span> <span class='ocrx_word' id='word_1_210' title='bbox 388 2476 460 2537; x_wconf 93' lang='lat' dir='ltr'>olim</span> <span class='ocrx_word' id='word_1_211' title='bbox 474 2474 624 2556; x_wconf 73' lang='lat' dir='ltr'>placuero,</span> <span class='ocrx_word' id='word_1_212' title='bbox 635 2473 769 2554; x_wconf 83' lang='lat' dir='ltr'>precium</span> <span class='ocrx_word' id='word_1_213' title='bbox 782 2493 880 2555; x_wconf 77' lang='lat' dir='ltr'>opera</span> <span class='ocrx_word' id='word_1_214' title='bbox 894 2492 968 2534; x_wconf 82' lang='lat' dir='ltr'>mere</span> <span class='ocrx_word' id='word_1_215' title='bbox 978 2472 1081 2534; x_wconf 82' lang='lat' dir='ltr'>secisse</span> <span class='ocrx_word' id='word_1_216' title='bbox 1093 2471 1266 2536; x_wconf 81' lang='lat' dir='ltr'>existimabo</span> <span class='ocrx_word' id='word_1_217' title='bbox 1270 2495 1281 2550; x_wconf 88' lang='lat'>;</span> 
     </span>
     <span class='ocr_line' id='line_1_24' title="bbox 98 2565 1283 2656; baseline -0.007 -19"><span class='ocrx_word' id='word_1_218' title='bbox 98 2575 323 2656; x_wconf 88' lang='lat' dir='ltr'>sidisplicuero,</span> <span class='ocrx_word' id='word_1_219' title='bbox 334 2573 432 2635; x_wconf 90' lang='lat' dir='ltr'>laudis</span> <span class='ocrx_word' id='word_1_220' title='bbox 438 2571 613 2634; x_wconf 84' lang='lat' dir='ltr'>existimabo</span> <span class='ocrx_word' id='word_1_221' title='bbox 622 2569 777 2632; x_wconf 88' lang='lat' dir='ltr'>cumulum</span> <span class='ocrx_word' id='word_1_222' title='bbox 788 2589 825 2630; x_wconf 86' lang='lat' dir='ltr'>ex</span> <span class='ocrx_word' id='word_1_223' title='bbox 835 2565 946 2650; x_wconf 79' lang='lat' dir='ltr'>optimi</span> <span class='ocrx_word' id='word_1_224' title='bbox 955 2567 1107 2630; x_wconf 85' lang='lat' dir='ltr'>voluntate</span> <span class='ocrx_word' id='word_1_225' title='bbox 1116 2566 1283 2650; x_wconf 75' lang='lat' dir='ltr'>medscrip·</span> 
     </span>
     <span class='ocr_line' id='line_1_25' title="bbox 99 2663 1282 2746; baseline -0.004 -14"><span class='ocrx_word' id='word_1_226' title='bbox 99 2671 175 2732; x_wconf 87' lang='lat' dir='ltr'>tioui</span> <span class='ocrx_word' id='word_1_227' title='bbox 186 2670 259 2732; x_wconf 91' lang='lat' dir='ltr'>buic</span> <span class='ocrx_word' id='word_1_228' title='bbox 271 2668 435 2732; x_wconf 84' lang='lat' dir='ltr'>accessisse.</span> <span class='ocrx_word' id='word_1_229' title='bbox 466 2667 537 2728; x_wconf 88' lang='lat' dir='ltr'>Hoc</span> <span class='ocrx_word' id='word_1_230' title='bbox 550 2666 686 2746; x_wconf 89' lang='lat' dir='ltr'>estquod</span> <span class='ocrx_word' id='word_1_231' title='bbox 695 2674 725 2726; x_wconf 87' lang='lat' dir='ltr'>te</span> <span class='ocrx_word' id='word_1_232' title='bbox 737 2663 874 2726; x_wconf 84' lang='lat' dir='ltr'>volebam</span> <span class='ocrx_word' id='word_1_233' title='bbox 887 2663 1015 2726; x_wconf 86' lang='lat' dir='ltr'>candide</span> <span class='ocrx_word' id='word_1_234' title='bbox 1027 2663 1131 2726; x_wconf 88' lang='lat' dir='ltr'>lector.</span> <span class='ocrx_word' id='word_1_235' title='bbox 1161 2663 1210 2727; x_wconf 89' lang='lat' dir='ltr'>De</span> <span class='ocrx_word' id='word_1_236' title='bbox 1223 2683 1282 2728; x_wconf 65' lang='grc' dir='ltr'>οω-</span> 
     </span>
     <span class='ocr_line' id='line_1_26' title="bbox 99 2758 1176 2844; baseline -0.006 -16"><span class='ocrx_word' id='word_1_237' title='bbox 99 2777 165 2828; x_wconf 89' lang='lat' dir='ltr'>tero</span> <span class='ocrx_word' id='word_1_238' title='bbox 176 2765 232 2828; x_wconf 88' lang='lat' dir='ltr'>tibi</span> <span class='ocrx_word' id='word_1_239' title='bbox 243 2783 363 2828; x_wconf 87' lang='lat' dir='ltr'>omnem</span> <span class='ocrx_word' id='word_1_240' title='bbox 374 2763 555 2827; x_wconf 62' lang='lat' dir='ltr'>natitatem</span> <span class='ocrx_word' id='word_1_241' title='bbox 568 2761 656 2844; x_wconf 87' lang='lat' dir='ltr'>pleno</span> <span class='ocrx_word' id='word_1_242' title='bbox 670 2758 939 2840; x_wconf 82' lang='lat' dir='ltr'>affectuapprecor.</span> <span class='ocrx_word' id='word_1_243' title='bbox 966 2758 1044 2822; x_wconf 84' lang='lat' dir='ltr'>Vive</span> <span class='ocrx_word' id='word_1_244' title='bbox 1052 2767 1082 2824; x_wconf 86' lang='lat' dir='ltr'>at</span> <span class='ocrx_word' id='word_1_245' title='bbox 1090 2758 1176 2822; x_wconf 83' lang='lat' dir='ltr'>Vale.</span> 
     </span>
    </p>
   </div>
   <div class='ocr_carea' id='block_1_4' title="bbox 0 0 1624 4700">
    <p class='ocr_par' dir='ltr' id='par_1_4' title="bbox 0 0 1624 4700">
     <span class='ocr_line' id='line_1_27' title="bbox 0 0 1624 4700; baseline 0 0"><span class='ocrx_word' id='word_1_246' title='bbox 0 0 1624 4700; x_wconf 95' lang='lat' dir='ltr'> </span> 
     </span>
    </p>
   </div>
  </div>
 </body>
</html>
