3225 4700
339 288 405 354 352
747 282 1157 352 ITINERARIUM.

340 440 456 501 misisse
480 438 645 500 exercitum
669 407 831 501 ddodecim
857 438 987 503 millium
1013 437 1160 519 peditum,
1185 446 1216 499 et
1242 435 1377 519 quinque
1405 429 1602 495 millia

340 537 474 619 equitum
502 536 691 617 spargebant,
716 557 836 619 unaque
853 537 979 619 jussisse
1003 535 1079 597 solvi
1101 536 1300 619 quadraginta
1323 540 1602 595 coronatum

340 634 436 696 millia
462 654 517 715 pro
540 632 676 714 augendo
700 635 894 716 undiquaque
915 633 1024 709 milite,
1047 633 1098 695 cui
1121 632 1334 714 praefioiendus
1359 638 1450 693 esset
1515 627 1602 687 Du

340 729 576 804 Aurelianensis,
591 730 641 791 cui
657 732 758 792 annue
771 732 863 814 pendi
883 732 1031 793 debebant
1047 731 1183 793 duodena
1195 740 1408 793 coronatorum
1430 724 1602 789 millii

342 828 424 889 Duci
444 830 515 890 verb
537 826 692 889 Bullionio
711 828 866 911 sexaginta
885 828 982 889 millia
1001 836 1220 903 coronatorum,
1241 836 1277 889 ut
1298 826 1492 887 transitum
1547 840 1602 903 pe

277 925 280 930 ⁴
342 926 495 987 Sedunum
518 926 711 1007 permitteret
757 926 893 987 Domino
918 924 970 1007 qui
997 927 1017 987 a
1040 926 1152 987 Sancto
1179 924 1287 986 Marco
1313 923 1602 984 nominabatur

341 1022 490 1083 numerari
502 1022 652 1083 debebant
659 1023 766 1085 vicena
776 1032 984 1084 coronatorum
995 1022 1100 1099 millia,
1111 1032 1145 1084 ut
1156 1020 1347 1085 cardinalem
1360 1018 1533 1081 Riobeli
1541 1036 1602 1077 un

340 1118 419 1182 vivis
431 1118 583 1180 eximeret.

383 1216 492 1277 Mortis
516 1216 560 1277 rei
581 1226 616 1279 ut
636 1217 768 1299 primdm
791 1237 824 1278 se
844 1216 908 1278 vita
929 1217 1105 1279 eximendos
1127 1213 1349 1289 intellexerunt,
1375 1222 1602 1277 evocarunt

340 1312 538 1394 virosprubos
549 1313 740 1375 conscientie
752 1313 890 1387 arbitros,
903 1314 1083 1394 quibuscum
1102 1313 1139 1375 de
1156 1312 1333 1394 gravissimo
1352 1310 1475 1371 animae
1521 1330 1602 1369 ne*

340 1410 423 1492 gotio
439 1410 520 1471 scrib
537 1410 717 1485 conferrent,
738 1419 819 1471 etse
838 1410 878 1471 ad
898 1420 1026 1472 mortem
1042 1410 1245 1492 disponerent,
1265 1408 1374 1489 quibua
1395 1408 1602 1490 peractis,

340 1517 524 1589 postremum
542 1506 654 1569 fabulae
671 1528 735 1569 suae
754 1516 856 1569 actum
878 1507 988 1583 daturi,
1004 1507 1205 1569 inthaatrum
1223 1508 1312 1568 ambo
1333 1505 1602 1575 deducuntur,

340 1604 395 1685 qui
408 1613 442 1664 ut
455 1624 518 1665 sese
532 1614 761 1685 conspexerunt,
776 1604 907 1686 primdm
921 1604 952 1665 in
967 1603 1133 1685 amplexus,
1146 1624 1218 1665 mox
1236 1603 1311 1665 alter
1327 1602 1414 1665 alteri
1431 1624 1602 1685 provo-1

341 1700 422 1762 lutus
435 1701 475 1761 ad
487 1721 587 1782 genua
599 1701 661 1762 ruit
679 1701 882 1783 deprecantes,
897 1701 978 1782 quod
992 1702 1050 1762 sibi
1067 1703 1172 1763 mutub
1184 1720 1303 1763 causam
1318 1700 1425 1761 mortis
1439 1700 1602 1761 dedis-¹

340 1809 423 1860 sent:
444 1799 597 1859 certabant
614 1798 767 1859 honestate
785 1808 818 1860 et
834 1818 936 1860 amore
954 1800 1054 1872 ambo,
1072 1812 1101 1859 et
1119 1808 1224 1861 neuter
1236 1798 1323 1859 alteri
1340 1798 1456 1879 primas
1470 1818 1589 1859 con-

341 1896 449 1957 cedere
461 1894 576 1970 valens,
588 1894 700 1978 singuli
717 1894 813 1977 parati
826 1916 881 1977 pm
899 1896 1041 1957 alterutro
1059 1896 1085 1957 si
1103 1905 1225 1977 possent
1241 1896 1395 1978 geminam
1412 1897 1602 1957 lunden-e¹

340 1993 446 2067 vitam,
464 1993 564 2074 quoad
584 1994 706 2055 tandem
727 2004 852 2076 uterque
869 2005 996 2057 mortem
1015 1994 1151 2077 oppetiit.
1193 1994 1427 2057 Custodiebatur
1447 1996 1575 2056 etiam

341 2100 415 2153 tunc
434 2091 560 2152 solliciti
585 2089 767 2167 Bullionius,
782 2092 870 2173 cujus
890 2112 980 2154 eausa
1000 2092 1117 2153 lubrico
1140 2093 1194 2153 sed
1215 2092 1341 2174 ancipiti
1363 2092 1576 2153 versabatur

342 2188 419 2249 loeo.
466 2188 537 2249 Nou
559 2187 719 2251 defuerunt
737 2188 898 2249 multorum
921 2188 1100 2270 Principum
1123 2188 1240 2271 Legati,
1259 2188 1312 2270 qui
1332 2197 1427 2249 morte
1448 2191 1569 2250 eximi

340 2285 497 2370 rogabant,
512 2302 638 2366 quorum
655 2285 793 2366 precibus
806 2286 928 2347 tandem
943 2285 1054 2347 Gallioe
1071 2286 1138 2347 Rex
1152 2285 1334 2368 subscripsit.

384 2383 545 2465 Supererat
566 2381 640 2442 Dux
660 2381 896 2459 Aurelianensis,
918 2383 972 2464 qui
992 2397 1059 2466 post
1078 2385 1208 2446 reditum
1227 2404 1315 2445 suum
1335 2384 1374 2444 ab
1393 2383 1487 2444 exilio
1509 2383 1558 2445 in

344 2482 514 2552 Franciam,
528 2479 640 2554 fratris,
654 2478 749 2562 Regis
758 2479 875 2542 vultum
889 2481 1023 2542 nondum
1036 2481 1164 2543 viderat.
1203 2481 1286 2541 Eum
1298 2480 1365 2542 Rex
1379 2481 1418 2540 ad
1433 2480 1552 2542 Sancti

343 2577 489 2641 Germani
508 2576 637 2656 Regiam
655 2586 769 2648 evocat,
789 2597 890 2638 secum
913 2577 944 2638 in
965 2578 1093 2660 gratiam
1110 2577 1282 2660 plenissime
1301 2577 1478 2650 rediturum,
1497 2579 1548 2638 ad

341 2695 430 2756 quem
444 2684 476 2735 ut
489 2673 580 2734 frater
596 2672 690 2754 Regis
709 2673 861 2756 ingressus
877 2684 932 2750 est,
948 2697 1018 2736 mox
1036 2697 1068 2738 se
1086 2677 1160 2737 solio
1181 2675 1397 2754 acquiescentis
1411 2675 1544 2755 pedibas

343 2771 489 2846 advolvit,
503 2769 683 2850 veniamque
697 2768 801 2832 delicti
821 2771 993 2853 postulavit.
1036 2772 1135 2845 Quem
1150 2773 1218 2834 Rex
1230 2771 1443 2833 humanissimi
1456 2782 1540 2833 terra

342 2877 518 2943 surrectum,
532 2865 751 2948 complectitur,
765 2877 910 2950 rogatque
927 2877 964 2929 ut
976 2868 1160 2951 inposterum
1178 2871 1211 2931 in
1224 2869 1288 2931 fide
1305 2880 1414 2952 perstet
1432 2871 1538 2930 memi-

343 2967 480 3046 neritque
493 2967 559 3046 jam
578 2961 718 3044 quintum
735 2984 844 3045 graves
861 2965 918 3026 sibi
937 2966 1102 3028 condonari
1121 2967 1234 3048 culpas,
1250 2966 1398 3050 simulque
1417 2969 1456 3030 ad
1475 2968 1535 3030 Re-

343 3066 446 3150 ginam
459 3065 593 3140 abducit,
610 3074 642 3125 et
658 3063 765 3146 Regiae
779 3081 891 3124 mensae
905 3062 1044 3140 adbibet;
1065 3084 1125 3145 qua
1142 3063 1229 3128 finita
1248 3065 1381 3127 Parisios
1396 3065 1534 3126 dimissus

341 3174 397 3239 est,
408 3164 463 3225 ubi
475 3163 584 3223 domus
594 3159 704 3222 Guisia
714 3159 877 3243 magnifice
888 3159 1008 3222 exculta
1019 3161 1283 3225 Aurelianensium
1295 3163 1378 3224 Daoi
1387 3163 1533 3246 assignata

342 3271 398 3323 est.
439 3258 525 3320 Fecit
544 3257 609 3319 baso
629 3257 727 3339 gratia
745 3257 848 3318 multis
861 3257 1058 3339 complicibus
1076 3279 1217 3342 magnam
1231 3260 1328 3323 veniae
1348 3267 1379 3322 et
1393 3259 1531 3322 libertatis

341 3377 436 3438 spem,
451 3375 543 3435 quam
556 3374 612 3416 nec
626 3362 750 3415 eventus
761 3353 876 3416 fefellit.

383 3453 490 3515 Mense
515 3449 683 3513 Novembri
703 3450 808 3535 magni
824 3449 939 3512 fiebant
959 3451 1085 3514 Parisiis
1104 3465 1265 3537 apparatus
1284 3466 1318 3517 ut
1337 3463 1450 3536 quauta
1470 3453 1530 3516 fieri

344 3560 441 3634 posset
453 3545 681 3631 magnificentia
692 3549 782 3609 ambo
792 3546 888 3630 Regii
906 3547 1068 3630 Principes
1080 3551 1147 3631 jam
1164 3552 1280 3632 pridem
1299 3553 1330 3612 in
1349 3551 1449 3613 lucem
1462 3551 1530 3612 editi

343 3661 374 3711 et
386 3647 515 3711 diversis
532 3643 658 3727 quidem
676 3645 818 3724 partubus
837 3645 912 3720 nati,
926 3665 1010 3708 sauro
1030 3647 1186 3730 Baptismo
1205 3658 1432 3711 renascerentur
1448 3659 1531 3729 atque
