3225 4700
351 363 416 430 264
752 359 1155 429 ITINERARIUM.

350 522 503 584 venissent
519 515 651 601 supremi
670 516 755 600 equis
772 527 843 582 sunt
861 517 1001 582 restituti.
1043 515 1179 602 Ingressi
1199 515 1325 578 urbem
1344 510 1447 594 epulo
1464 519 1541 572 suut
1554 529 1584 570 re

352 617 455 694 creati,
466 614 657 698 supremique
668 615 708 677 sd
718 635 853 677 mensam
864 613 1012 677 Colouelli
1020 613 1159 690 adhibiti,
1168 613 1230 675 ubi
1242 609 1432 683 laetissime,
1446 617 1585 689 tanquan

352 715 377 778 si
391 713 490 776 sdhuc
503 721 602 774 essent
615 711 715 785 liberi,
727 710 820 774 locati
833 721 913 774 sunt.
947 711 1040 773 Petiit
1051 710 1102 772 hic
1116 708 1312 773 Colonellus
1328 706 1432 768 wolf
1440 705 1585 767 vellentm

352 833 420 873 suos
433 807 565 892 supremi
578 817 660 871 certo
673 807 800 870 militari
813 808 884 871 litro
896 807 1056 883 redimere,
1069 808 1152 890 quod
1165 827 1246 868 cnm
1262 803 1475 878 annuissent,
1490 821 1585 864 comm

351 908 425 990 ipsis
448 927 552 969 omnes
570 905 721 968 numerati
742 917 823 981 sunt,
843 915 875 968 et
893 907 1007 988 scripto
1026 903 1208 989 consignati,
1237 913 1280 964 ut
1298 901 1412 964 cuivis
1436 909 1585 961 constaret

351 1013 497 1086 quantum
515 1004 711 1086 pecuniarum
731 1003 795 1065 suis
815 1003 999 1066 redimendis
1022 1024 1098 1087 opus
1121 1011 1207 1065 esset.
1260 1000 1361 1061 Hinc
1387 998 1585 1080 postmodum

351 1102 484 1183 supremi
498 1101 530 1163 in
544 1101 655 1164 tutiora
667 1100 735 1162 loca
748 1099 873 1162 deducti
885 1111 965 1163 sunt.

391 1197 500 1260 Omnis
509 1197 601 1280 hujus
614 1197 709 1259 cladis
720 1217 840 1259 oausam
851 1196 943 1260 fuisse
955 1198 1034 1260 inde
1045 1195 1175 1259 Ursellis
1183 1194 1353 1257 violatum
1368 1199 1404 1254 et
1413 1191 1583 1275 expilatam

349 1296 506 1378 templum,
522 1296 553 1357 in
568 1296 651 1377 quod
664 1313 725 1356 non
740 1303 810 1356 ante
823 1293 1010 1356 multosdies
1023 1293 1170 1356 diffractis
1183 1291 1315 1354 foribus
1329 1291 1457 1353 tristem
1472 1301 1506 1352 et
1518 1291 1582 1349 bar-

350 1393 455 1455 borum
469 1394 501 1454 in
519 1391 644 1454 modum
662 1391 799 1454 saevitum
820 1401 893 1467 erat,
912 1390 1019 1454 altaria
1035 1389 1212 1474 despoliata,
1234 1409 1335 1450 sacra
1356 1387 1460 1450 Cruci
1481 1385 1580 1447 suffiri

351 1489 511 1551 simulacra
533 1488 643 1562 diruta,
665 1495 746 1549 terra
768 1508 853 1550 sacru
870 1487 987 1563 effossa,
1006 1507 1118 1550 asseres
1137 1485 1276 1561 effracti,
1299 1485 1396 1549 sedes
1419 1484 1577 1565 disrupte,

351 1605 444 1646 sscrae
463 1593 560 1647 vestes
582 1605 637 1667 per
656 1583 824 1648 ludibrium
843 1587 876 1648 in
895 1585 954 1648 viis
973 1585 1102 1667 publicis
1124 1585 1304 1660 ventilatae,
1327 1602 1421 1646 sacru
1445 1580 1576 1662 deniqne

350 1681 483 1763 profanis
495 1682 663 1764 promiscue
675 1681 810 1744 confusa.

391 1775 464 1840 Non
476 1778 566 1840 debet
577 1775 635 1840 hoc
647 1777 716 1840 loco
725 1780 914 1860 praetermitti
924 1779 1075 1862 protervia
1084 1779 1174 1841 unius
1187 1780 1205 1840 b
1221 1777 1371 1842 Suedius
1380 1775 1460 1837 faece
1468 1771 1569 1835 militis

350 1873 452 1936 bDeo
467 1875 588 1958 egregie
606 1875 769 1958 castigetur
792 1875 842 1936 bic
854 1896 925 1937 cum
945 1875 1074 1938 Ursellis
1090 1876 1123 1936 in
1141 1876 1253 1958 templi
1274 1872 1438 1937 Catholici
1456 1869 1568 1951 expila-

348 1971 430 2033 tione
442 1991 561 2032 sacrum
571 1972 648 2034 forte
661 1970 786 2033 calicem
800 1972 986 2056 sublegisset,
997 1993 1033 2036 ac
1047 1973 1078 2034 in
1092 1993 1162 2034 eum
1177 1973 1295 2045 (venia
1309 1972 1355 2033 sit
1369 1969 1486 2044 verbis)
1496 1985 1564 2028 ven-

350 2067 404 2129 tris
419 2088 496 2129 onus
513 2088 583 2130 cnm
601 2067 676 2130 diris
690 2069 813 2131 vocibus
829 2068 920 2130 bomo
932 2069 1158 2152 profanissimns
1174 2069 1387 2152 deposuisset,
1396 2063 1560 2149 justissime

349 2184 421 2226 mox
434 2165 452 2226 b
464 2164 610 2226 scelerum
623 2165 745 2228 vindice
758 2167 865 2247 plexus
878 2176 934 2229 est.
974 2167 1037 2228 Vix
1050 2167 1131 2229 euim
1147 2168 1165 2229 b
1177 2167 1292 2248 templi
1307 2163 1429 2226 foribus
1441 2159 1558 2226 abierut,

350 2261 547 2324 descensurus
564 2261 676 2344 gradus
696 2263 727 2323 in
747 2263 860 2324 atrium
878 2263 982 2346 templi
1005 2273 1173 2346 vergentes,
1194 2263 1327 2326 fallente
1348 2259 1428 2342 pede
1451 2255 1557 2316 labitur

350 2359 484 2441 supinus,
505 2380 624 2440 unaque
642 2358 673 2419 in
693 2359 835 2433 cultrum,
848 2380 939 2442 quern
954 2359 1075 2422 sacculo
1092 2362 1203 2444 vagina
1218 2362 1304 2423 bene
1325 2356 1488 2423 munitum,
1501 2349 1554 2413 cir-

350 2456 542 2532 cumferebat,
562 2456 680 2532 incidit,
699 2477 789 2539 seque
807 2467 966 2519 cruentum
983 2457 1015 2518 iu
1034 2458 1160 2519 modum
1175 2459 1317 2532 sauciat3
1338 2456 1359 2516 d
1377 2473 1440 2535 quo
1457 2459 1554 2532 postea

348 2552 472 2615 vnlnere
489 2552 626 2614 omnium
643 2553 830 2616 medicorum
848 2565 878 2616 et
890 2552 1138 2635 peritissimorum
1156 2552 1378 2636 chirurgorum
1393 2556 1457 2611 arte
1472 2542 1552 2605 edhi-

349 2648 422 2718 bits,
435 2668 489 2730 per
502 2649 602 2710 sanari
619 2669 773 2730 nunquam
788 2651 903 2732 potuit;
923 2671 994 2713 cnm
1008 2650 1089 2713 enim
1102 2651 1194 2733 plaga
1206 2649 1379 2733 emplastro
1392 2640 1551 2727 quomodo·

348 2764 467 2826 cunque
477 2744 637 2827 applicata,
648 2766 708 2806 non
718 2746 901 2824 admitteret,
910 2746 1022 2810 sulum
1033 2746 1188 2829 putrefieri
1199 2747 1349 2829 primum,
1362 2744 1434 2805 dein
1449 2735 1549 2801 vermi·

347 2861 420 2903 nere
433 2842 535 2923 coepit,
547 2840 682 2922 adeoque
693 2841 804 2907 loedere
819 2855 854 2906 nt
862 2844 968 2926 procul
982 2842 1160 2905 accedentes
1168 2844 1355 2926 prohiberet,
1367 2842 1410 2902 ita
1423 2833 1547 2899 misellus

348 2940 432 3003 omni
449 2941 562 3003 auxilio
579 2940 738 3004 destitutus
756 2950 862 3016 morte,
881 2940 994 3023 lingue
1014 2939 1209 3022 petulantiam
1226 2950 1259 3003 et
1280 2935 1434 3023 profanati
1452 2928 1546 2993 calicis

348 3038 502 3120 injuriam,
517 3037 585 3100 luit.
622 3036 702 3099 Haec
715 3058 761 3099 res
775 3058 846 3099 cum
859 3036 909 3099 vel
922 3038 1057 3119 ipsorum
1071 3036 1297 3099 bWimariensi
1310 3030 1445 3096 exercitu
1458 3024 1545 3108 capti·

347 3155 455 3197 rorum
468 3135 638 3199 testimonio
652 3135 905 3217 comprobaretur,
916 3134 1082 3216 plurimum
1091 3133 1238 3195 momenti
1252 3129 1408 3195 attulitod
1417 3124 1542 3187 homines

349 3230 501 3292 dimculos
518 3252 554 3293 ac
572 3231 648 3295 diris
664 3234 788 3294 vocibus
805 3232 961 3308 arcendos,
976 3240 1007 3293 et
1024 3231 1044 3293 b
1061 3232 1154 3293 sacris
1168 3230 1231 3293 Dei
1246 3230 1366 3293 sedibus
1381 3217 1540 3305 depilmdis

348 3326 536 3389 evertendos.

389 3422 481 3486 Hunc
498 3423 615 3486 cladem
634 3434 664 3487 et
684 3423 882 3507 irruptionem
897 3424 1131 3509 Fridbergeuses
1146 3426 1178 3487 in
1194 3422 1406 3489 innocentibus
1418 3418 1535 3479 circum·

346 3519 456 3585 ricinis
475 3519 599 3583 Colonis
612 3520 766 3585 vindicare
780 3521 897 3584 connisi
908 3532 991 3598 sunt,
1003 3524 1086 3585 unde
1101 3534 1186 3587 sento
1199 3522 1334 3607 Augusti
1351 3520 1383 3581 in
1401 3510 1531 3596 oppidum

347 3615 586 3682 Bommersheim
605 3616 788 3700 irruperunt,
800 3638 839 3681 ac
857 3618 955 3701 primo
972 3620 1075 3682 omnia
1094 3641 1204 3703 pecora
1223 3621 1397 3704 sbegerunt,
1414 3608 1480 3672 dein
1497 3620 1530 3663 0¹

345 3714 486 3798 agricolis
499 3712 658 3777 nonnullos
672 3716 881 3789 conciderunt,
892 3726 957 3779 tum
968 3716 1084 3780 edibus
1095 3718 1197 3801 ignem
1210 3718 1401 3799 saneceruut
1412 3702 1529 3782 denique
