3225 4700
249 571 368 704 'Ji‘
464 574 607 709 ‚WJ-
701 598 759 696 ἐξ
859 574 939 706 ³2*
1050 579 1100 710 alr
1213 579 1255 668 'f'

209 1014 386 1083 Admodum
402 1015 582 1085 Reverem
591 1022 768 1107 perillustri
780 1048 819 1089 oo
828 1046 973 1111 ymeroro
988 1024 1135 1110 Domino,
1149 1027 1198 1093 D.

413 1170 665 1249 PHILIPPO
696 1173 995 1269 LUDOVICO,

100 1316 305 1407 Metropolit.
321 1317 525 1407 Moguntinae
543 1330 577 1386 et
593 1322 784 1387 Trevirensis
801 1324 1025 1411 Ecclesiarum,
1039 1327 1072 1395 S.
1087 1329 1164 1395 item
1177 1330 1296 1397 Albani

256 1430 347 1487 extra
363 1444 472 1487 muros
494 1422 773 1510 Moguntinenses‚
791 1448 851 1491 neo
870 1450 934 1493 non
954 1430 995 1495 ad
1017 1430 1146 1497 Gradus

354 1523 387 1589 S.
395 1523 526 1589 Mearm
537 1525 679 1613 Virginis
687 1526 860 1613 respective
870 1528 1046 1619 Praeposito

487 1636 520 1693 et
541 1627 706 1694 Canonioo
725 1628 920 1717 Capitulari:

676 1730 726 1796 Ac

516 1844 670 1913 Generosa
685 1845 834 1930 Domino,
848 1846 895 1915 D.

322 1980 494 2049 JOANNI
519 1980 826 2047 FERDINANDO
847 1980 1081 2067 ADOLPHO,

209 2114 422 2182 Baronibusin
435 2114 654 2203 Reiffenberg,
668 2115 830 2181 Fratribus
845 2117 1027 2201 Germanis,
1041 2118 1189 2186 Dominis

485 2218 565 2283 meis
579 2217 720 2306 apprime
734 2218 930 2285 venerandis.

120 2476 128 2498 ‚⁴
178 2404 181 2407 ’
294 2407 344 2480 ’μ’
369 2405 579 2472 1cr0RUM
592 2404 646 2471 hic
659 2414 801 2471 veterum
818 2405 924 2472 imitor
943 2407 1129 2474 industriam
1147 2410 1294 2492 (Domini

120 2580 124 2588 J
152 2514 178 2585 ‘s
387 2512 449 2576 mei
463 2510 618 2590 Gratissi)
636 2509 791 2596 siquidem
805 2509 962 2596 ingeniosi
978 2510 1024 2574 illi
1038 2520 1160 2576 naturus
1175 2515 1292 2596 aemuli,

140 2628 151 2651 s
386 2635 450 2678 non
466 2613 544 2679 satis
557 2611 617 2677 arti
629 2633 696 2675 sum
710 2610 828 2676 iactum
847 2611 1015 2698 putabant,
1029 2611 1056 2676 si
1069 2613 1141 2678 rudi
1154 2615 1292 2702 primum

164 2762 175 2795 ,
270 2726 282 2815 ζ
385 2737 481 2804 opera
509 2715 723 2792 informatam,
746 2713 906 2800 justisque
932 2713 1132 2779 lineamentis
1159 2716 1293 2782 circum·

220 2817 274 2870 ἰ)
289 2852 292 2869 »
307 2830 310 2839 ·
339 2815 347 2877 l
385 2819 535 2905 scriptam
549 2816 731 2903 imaginem,
743 2824 813 2879 tum
823 2815 960 2902 politiori
975 2815 1169 2881 elaboratam
1184 2840 1292 2901 manu,
1314 2805 1318 2814 ¹

103 2920 287 2984 distinctam
304 2921 435 2995 umbria,
443 2920 562 2986 floridis
571 2940 732 3007 aspersam
742 2917 901 2982 coloribus
912 2928 1008 3005 atque
1016 2919 1187 3005 pigmentis
1198 2920 1291 2986 abso-

103 3018 203 3086 lutam
216 3023 340 3103 darent,
352 3032 386 3087 et
399 3023 441 3088 ad
454 3043 593 3109 unguem
608 3020 792 3108 perfectam,
803 3019 863 3084 nisi
878 3019 1085 3107 prodeuntem
1097 3020 1139 3085 ab
1153 3021 1290 3104 officina,

103 3124 136 3187 in
151 3125 280 3210 angusti
293 3125 429 3212 alicujus
442 3124 553 3212 templi
567 3122 667 3204 tholo,
675 3121 726 3186 vel
737 3123 771 3185 in
782 3121 912 3186 Theatri
922 3121 1057 3208 alicujus
1071 3121 1183 3205 fronte,
1194 3124 1244 3189 vel
1257 3125 1291 3189 in

103 3227 161 3290 fori
180 3226 266 3292 certe
286 3228 508 3294 loculamentis
525 3227 751 3314 appenderent,
764 3232 797 3289 et
816 3225 1043 3312 inopportuno
1062 3225 1180 3290 lumine
1194 3227 1292 3293 collo·

103 3339 221 3394 carent.

145 3431 233 3508 Quid
247 3432 332 3498 enirn
346 3439 474 3495 tantum
490 3427 661 3518 profuisset
679 3427 812 3493 Zeuxidi
826 3427 860 3492 in
875 3449 936 3493 sua
952 3426 1113 3518 Penelope
1130 3452 1291 3518 pueroque

102 3532 260 3598 Botrifero
275 3541 375 3598 artem
389 3533 511 3613 vicisse,
526 3531 604 3618 quid
616 3529 780 3595 Timanthi
792 3529 826 3593 in
838 3528 1006 3618 Iphigenia
1017 3552 1076 3595 sua
1086 3553 1189 3598 mores
1200 3533 1292 3620 pinx-

99 3638 173 3720 isse,
184 3635 261 3724 quid
275 3635 447 3701 Parrhasio
460 3635 589 3722 depicto
604 3633 752 3698 subtilius
765 3633 837 3699 velo
857 3633 1007 3698 eximium
1025 3633 1177 3722 pingendi
1192 3635 1292 3700 artifi-
