3225 4700
487 364 895 441 ITINBRARIUM.
962 390 972 401 “
1227 374 1291 439 315

82 504 191 566 sacrm
206 505 379 573 violentiam
398 513 531 592 inferret,
550 520 709 585 latrocinia
725 534 755 586 et
772 524 853 587 furta
869 526 947 589 inter
964 527 1072 590 milites
1091 526 1290 597 abolerentur,

82 597 309 667 effrenatornm
321 627 439 691 quoque
452 613 548 677 libido
559 621 823 701 comprimeretur:
846 624 954 704 quibus
967 624 1060 685 initiis
1073 623 1179 705 optimi
1194 621 1292 683 Ducis

82 705 196 774 partes
208 700 249 763 ad
261 706 404 767 amussim
417 714 566 789 prestitit.

497 1391 687 1470 CAPUT
723 1396 883 1474 LXIII.

293 1554 348 1623 De
361 1560 452 1629 rebus
466 1564 633 1637 Francia
646 1571 685 1637 dc
697 1571 788 1639 Melo
799 1574 835 1639 iu
848 1574 980 1641 Arteria
991 1582 1098 1665 pertis.

221 1723 244 1746 '⁵
260 1719 339 1826 Ἴ)
369 1741 532 1807 UANDO
550 1755 581 1808 et
592 1766 653 1827 qua
667 1750 823 1812 occasione
836 1751 1036 1815 cordatissimi
1050 1755 1112 1817 duo
1127 1755 1290 1820 Generales

325 1846 340 1877 ,s
385 1851 416 1903 et
430 1842 569 1923 preclari
582 1842 856 1928 Campi-Ductores
871 1848 1008 1911 Homine
1021 1851 1210 1915 etWerthins
1221 1875 1290 1936 cap·

332 1943 347 1998 t
384 1939 420 2014 ti,
435 1950 465 2001 et
475 1939 525 2001 bie
534 1941 685 2021 quideme
696 1943 805 2017 Gallis,
816 1944 920 2006 altera
932 1946 1017 2008 Boiis
1027 1946 1143 2009 diutule
1153 1952 1309 2012 custodia·

148 2123 156 2130 ἡ
304 2072 322 2108 u
347 2074 348 2081 κ
383 2039 488 2100 attenti
503 2037 623 2111 fuerint,
636 2040 758 2101 aliunde
771 2049 899 2103 constat.
940 2042 981 2103 Et
996 2043 1067 2105 licet
1082 2044 1120 2105 de
1136 2045 1290 2125 utriusque

119 2164 120 2174 ¹
152 2129 176 2186 2*
284 2117 342 2182 v?
382 2137 557 2200 liberatione
570 2135 806 2218 soepiusinterea
815 2146 915 2199 actum
924 2137 1221 2215 fuerituibiltarnen
1236 2141 1290 2203 hn-

93 2255 208 2316 oneque
226 2238 330 2319 peragi
347 2238 454 2319 potnit,
466 2236 568 2316 quoad
584 2234 705 2295 tandem
725 2233 904 2295 instantibus
917 2245 1043 2317 utraque
1061 2246 1143 2316 parte
1163 2238 1289 2318 captivis

92 2333 322 2412 permutationis
346 2348 434 2416 pacta
456 2332 607 2415 proposita
626 2340 657 2394 et
676 2332 784 2394 modus
803 2331 961 2394 conclusus
982 2332 1232 2414 permutationem
1255 2334 1287 2396 in

91 2429 235 2492 effectum
248 2431 428 2494 deducendi.
470 2429 565 2490 Dicta
576 2429 634 2491 fnit
646 2428 815 2490 liberationi
828 2429 893 2490 dies
902 2428 1049 2510 vigesima
1062 2438 1168 2510 quarta
1182 2429 1287 2492 Martii

92 2526 181 2587 Anni
196 2525 419 2590 M-DGXLII
431 2546 494 2607 qua
505 2535 629 2606 uterque
646 2525 686 2586 ad
703 2535 818 2586 certum
832 2525 931 2586 locum
945 2525 1127 2606 (ponticulus
1139 2535 1203 2587 erat
1215 2547 1288 2588 saxo

93 2633 264 2686 constratus
281 2645 342 2686 nou
361 2623 466 2704 procul
480 2622 580 2686 Iohra
597 2623 637 2684 ad
655 2643 766 2704 pagum
781 2622 945 2703 Diimling)
959 2621 1179 2683 deducerentur
1193 2623 1286 2684 comi·
1354 2685 1358 2694 ,

91 2721 228 2784 tentibus
245 2721 394 2801 utrimque
412 2730 533 2782 eentum
552 2718 712 2799 equitibus.
754 2718 833 2780 Haec
856 2719 908 2780 ubi
932 2718 1032 2782 illuxit
1055 2718 1112 2780 iter
1136 2721 1286 2801 utrimque

91 2838 206 2901 magno
218 2818 330 2900 gaudio
342 2817 528 2900 captivorum
541 2823 723 2895 susceptum,
734 2814 875 2896 dictoque
889 2816 956 2878 loco
969 2824 1159 2877 conventum.
1200 2815 1286 2878 Hinc

92 2936 130 2977 ex
145 2925 272 2996 utraque
290 2923 374 2995 parte
391 2913 476 2976 misai
492 2913 554 2974 dno
571 2911 760 2974 oentnriones
773 2912 910 2992 equitum
927 2921 961 2973 ut
980 2932 1081 2974 coram
1094 2912 1285 2993 inspicerent,

92 3022 124 3074 et
142 3012 273 3074 militum
290 3030 460 3082 numerum,
481 3018 511 3072 et
531 3008 678 3090 imprimis
698 3007 894 3070 Generalium
914 3009 967 3089 qui
988 3007 1179 3089 permutandi
1202 3017 1287 3069 erant

92 3108 284 3190 presentiam
305 3107 502 3188 explorarent
541 3105 586 3168 Hi
607 3114 763 3186 postqum
787 3106 889 3168 omnia
908 3125 946 3167 ex
966 3105 1061 3187 pactis
1083 3103 1213 3166 fideliter
1234 3106 1285 3185 agi

92 3205 317 3288 comperissent,
331 3214 362 3267 et
378 3203 419 3265 ed
436 3222 506 3266 suoa
523 3201 703 3278 retulissent,
722 3201 919 3264 amicabiliter
938 3202 979 3264 ad
997 3200 1169 3262 condictum
1186 3201 1285 3281 ponti·

92 3303 197 3366 culum
217 3299 367 3384 congressi
386 3308 466 3377 sunt,
487 3308 518 3361 et
535 3297 706 3360 humaniter
724 3298 803 3360 inter
822 3317 854 3359 se
874 3298 1026 3370 collocuti,
1039 3296 1139 3377 quoad
1158 3296 1285 3378 impedi-

92 3408 196 3462 menta
208 3419 247 3460 ex
257 3419 350 3460 curru
362 3397 395 3460 iu
407 3415 532 3460 currum
546 3393 785 3456 transferrentur.
827 3393 944 3467 Quibus
955 3393 1092 3476 peractis,
1105 3413 1160 3454 svo
1174 3403 1205 3454 et
1217 3392 1283 3452 vale

92 3495 178 3569 dato,
191 3495 253 3558 duo
266 3493 430 3558 Generalea
446 3513 517 3554 cnm
534 3491 597 3552 snis
614 3491 741 3571 quiaque
757 3491 819 3573 qud
835 3491 1066 3563 destinaverant,
1084 3489 1237 3551 redierunt
1255 3496 1285 3548 et

92 3591 217 3672 quidem
234 3590 392 3654 Generalis
410 3589 547 3651 Hornius
565 3588 696 3671 primum
714 3587 886 3662 Breucum,
904 3587 956 3649 ubi
974 3587 1144 3668 explosione
1164 3583 1285 3667 gemina

94 3689 230 3755 omnium
243 3697 459 3756 tormentorum
471 3694 502 3752 et
513 3685 648 3752 oratione
658 3685 842 3751 Gemanica
854 3684 886 3746 in
899 3683 1042 3766 primaria
1054 3681 1180 3746 ecclesia
1191 3679 1283 3742 bono-
