3225 4700
306 345 372 411 382
704 339 1104 409 ITINERARIUM.

308 497 423 559 biculas
441 507 473 559 ct
489 518 592 580 pagos,
612 497 801 559 Gersbacum
820 496 911 556 etiam
929 505 960 556 et
972 494 1192 556 Oberkircham
1210 513 1247 554 ac
1265 493 1362 574 ipsam
1377 492 1520 569 denique

310 595 431 656 Bedam
451 595 600 656 Marcbiae
614 593 805 676 metropolim
825 602 930 652 contra
943 592 1044 653 datam
1059 590 1151 652 fidem
1169 598 1199 650 et
1216 589 1330 650 salvam
1349 587 1520 669 quandiam
1585 575 1586 644 l

308 692 421 753 abactis
441 694 598 773 pecoribus
621 692 821 773 diripuerunt,
843 688 893 749 ubi
919 699 980 749 tam
1002 687 1216 750 ecclesiasticos
1236 685 1329 766 quam
1349 683 1521 746 saeculares

308 789 507 870 ignominiose
524 788 633 862 verbis,
647 787 881 866 verberibusque
898 785 1023 866 aliisque
1041 784 1138 846 modis
1151 783 1266 845 habitos
1277 785 1320 844 ita
1330 791 1520 850 tractarunt,

309 897 344 946 ut
356 884 489 946 calamus
503 885 633 946 scribere
646 885 862 965 perhorrescat.

351 980 421 1054 Quo
434 981 539 1043 eodem
554 982 615 1043 fere
634 991 767 1062 tempore
781 980 892 1041 Comes
906 980 944 1040 de
957 976 1092 1040 Courral
1110 977 1204 1061 Regis
1218 975 1329 1039 Galliae
1347 995 1518 1046 consensu,

310 1078 503 1140 Gubernator
518 1077 734 1160 Uberlinganae
749 1077 831 1137 urbis
845 1097 905 1137 non
921 1077 962 1137 ita
974 1076 1091 1158 pridem
1109 1075 1293 1156 interceptae,
1312 1083 1357 1136 est
1367 1073 1518 1154 designa·

309 1187 377 1236 tus:
407 1175 457 1235 cui
475 1174 634 1256 assignatae
651 1175 764 1235 centies
784 1173 868 1234 mille
885 1173 971 1234 librae
987 1193 1040 1234 seu
1056 1172 1152 1233 franci
1171 1171 1283 1233 Gallici
1303 1191 1358 1252 pro
1376 1171 1518 1231 couscri-

310 1272 415 1333 beudis
438 1271 614 1354 quingentis
636 1270 787 1351 equitibus
807 1281 838 1332 ct
858 1271 1040 1352 octingentis
1065 1270 1227 1350 peditibus,
1251 1289 1287 1329 ac
1312 1266 1515 1350 expediendis

309 1389 362 1430 sex
382 1369 509 1429 navibus
527 1389 597 1450 quse
618 1389 672 1449 per
691 1368 791 1429 lacum
814 1368 1022 1434 Apronianum
1046 1377 1151 1428 contra
1173 1366 1360 1428 adversanos
1380 1361 1516 1424 excuba-

311 1474 385 1527 rent.

351 1560 482 1623 Decimo
495 1581 576 1622 nono
593 1561 700 1623 Martii
719 1561 880 1624 Erlachius
898 1582 968 1623 cum
988 1560 1118 1623 Gallicis
1133 1559 1279 1643 suppetiis
1297 1557 1422 1619 insidias
1445 1556 1514 1617 Zel-

309 1657 442 1719 leusibus
455 1659 566 1740 posuit,
580 1680 617 1720 ex
636 1679 763 1740 quorum
784 1659 923 1740 proesidio
934 1679 1004 1719 cum
1024 1658 1175 1718 elicuisset
1191 1667 1312 1718 centum
1327 1654 1439 1736 viginti
1453 1653 1513 1714 cir-

310 1753 386 1815 citer
405 1757 531 1836 equites,
554 1756 668 1817 cinctos
686 1767 855 1838 opportuno
876 1757 941 1817 loco
959 1755 1069 1830 obruit,
1089 1755 1132 1816 ita
1149 1755 1249 1815 utrix
1266 1754 1371 1815 decem
1392 1753 1511 1814 cladem

311 1852 515 1914 renunciaturi
528 1851 698 1935 effugerint.
740 1853 803 1925 Qui
817 1853 898 1914 idem
915 1852 1099 1914 laudensem
1114 1873 1231 1934 passum
1243 1871 1312 1912 cum
1323 1850 1513 1912 nobilissima

311 1969 380 2010 arce
395 1948 566 2011 Stetteufels
580 1951 645 2011 sine
658 1970 781 2011 suorum
795 1951 942 2032 sanguine
956 1949 1084 2010 feliciter
1098 1948 1267 2030 occupavit.
1307 1947 1512 2030 Uberlingani

311 2066 430 2126 qnoque
451 2045 554 2107 navim
572 2045 711 2108 ducentis
727 2047 871 2108 frumenti
893 2047 985 2107 modii
1007 2055 1160 2107 sonustam
1180 2065 1217 2106 ex
1233 2045 1410 2107 molendino
1424 2044 1511 2106 Golt-

310 2141 388 2203 bacb
401 2154 575 2204 avexerunt.

354 2238 421 2300 Nec
435 2240 532 2300 multb
545 2249 610 2321 post
623 2239 715 2302 iidem
728 2239 942 2304 Piulendorfio
953 2238 1063 2322 viginti
1077 2257 1169 2319 equos
1183 2258 1250 2299 cum
1266 2259 1373 2320 pecore
1386 2239 1424 2300 ab
1438 2239 1512 2320 ipsis

313 2336 431 2398 moeniis
446 2336 647 2400 abduxerunt.
691 2338 776 2399 Dum
790 2338 862 2400 verb
876 2338 1002 2400 redeunt
1019 2337 1050 2398 iu
1067 2346 1189 2399 centum
1202 2335 1409 2418 cataphractos
1425 2337 1510 2418 cqui-

312 2444 356 2495 tes
372 2446 402 2495 et
419 2436 458 2494 60
475 2434 594 2496 circiter
610 2435 786 2497 desultorios
807 2435 1023 2517 Miirsburgum
1043 2446 1234 2515 properantes
1252 2434 1453 2509 incurrerunt,
1474 2458 1510 2498 ac

312 2530 426 2610 impetu
441 2531 519 2592 facto
538 2532 665 2613 triginta
683 2534 897 2613 protriverunt,
915 2532 1116 2614 quadraginta
1135 2543 1287 2613 ceperunt,
1303 2551 1339 2593 ac
1357 2534 1511 2615 octoginta

312 2637 442 2709 quatuor
453 2648 544 2707 equos
557 2648 627 2689 cum
641 2629 724 2689 omni
741 2630 888 2689 instructu
902 2648 1003 2689 secum
1017 2628 1193 2690 retulerunt.

357 2722 451 2784 Haud
471 2723 685 2786 infelicioribus
700 2726 840 2806 auspiciis
858 2726 898 2787 ad
920 2725 1170 2808 Ravenspurgum
1190 2726 1422 2789 Weimarienses
1440 2749 1509 2790 cum

317 2822 401 2882 Boiis
415 2821 530 2882 velitati
543 2832 624 2894 sunt,
638 2821 669 2881 in
688 2821 749 2901 qud
761 2823 951 2905 expeditione
971 2822 1057 2884 multi
1074 2822 1259 2885 Batauorum
1273 2825 1365 2886 occisi
1379 2838 1458 2895 sunt,
1473 2848 1508 2887 ec
1585 2846 1586 2851 ¹

315 2919 377 2999 ipse
391 2918 546 2998 copiarum
566 2919 674 2980 ductor
689 2919 843 2981 Werthius
858 2920 1071 3003 gravissimum
1091 2922 1273 3001 captivitatis
1293 2932 1324 2983 et
1342 2924 1445 2985 mortis
1459 2944 1507 3005 pe-

315 3014 443 3076 riculum
459 3014 590 3087 adiisset,
605 3015 665 3075 uisi
678 3015 834 3076 confestim
850 3018 890 3082 ad
904 3018 1007 3077 urbem
1021 3016 1094 3099 fugi
1105 3017 1222 3099 elapsus
1235 3028 1321 3080 emet.

358 3110 429 3172 Hac
442 3111 508 3193 ipsi
519 3112 692 3174 velitatione
706 3112 865 3174 Generalis
877 3113 1045 3175 Praefectus
1056 3114 1230 3196 vigiliarum
1247 3116 1392 3197 Meropus
1404 3138 1506 3179 secuu-

315 3210 388 3270 dum
401 3218 492 3289 caput
504 3207 642 3269 lethalem
654 3208 774 3292 plagam
788 3210 913 3292 accepit
953 3211 1020 3273 Nec
1034 3212 1161 3274 adversa
1173 3234 1242 3296 pars
1256 3214 1343 3294 plane
1361 3215 1506 3276 indemnis

316 3306 383 3375 fuit,
397 3325 434 3366 ex
447 3304 505 3385 qud
520 3305 630 3367 Comes
643 3307 767 3386 quidam
782 3308 821 3368 da
838 3308 1033 3391 Witgenstein
1049 3311 1193 3372 occidisse
1207 3312 1388 3392 perhibetur.

358 3402 422 3464 Sub
435 3400 596 3462 dimidium
610 3402 633 3464 J
636 3401 690 3463 ulii
705 3402 864 3468 Generalis
881 3425 1032 3466 armorum
1047 3406 1234 3469 Gallicorum
1249 3408 1359 3471 Comes
1373 3409 1412 3470 de
1426 3410 1505 3471 Gue-

317 3498 414 3569 brian,
434 3497 597 3559 Rotwilam
615 3498 751 3560 obsidere
768 3501 903 3576 tentavit,
919 3521 954 3562 ac
969 3512 1051 3563 tanto
1070 3505 1184 3585 impetu
1202 3505 1324 3566 adortus
1342 3515 1397 3580 est,
1411 3518 1444 3568 ut
1459 3508 1504 3567 ob-

317 3594 390 3655 sessi
403 3595 484 3655 iutra
497 3614 590 3655 nuum
611 3594 691 3655 diem
709 3616 801 3678 supra
818 3598 962 3659 ducentos
982 3600 1173 3683 septuaginta
1188 3601 1302 3682 globos,
1318 3622 1354 3663 ex
1374 3603 1504 3663 maximis

319 3692 475 3753 tormentis
493 3690 608 3753 bellicis
627 3712 763 3755 excussos
781 3714 834 3774 per
854 3695 957 3756 urbem
975 3695 1160 3777 collegerint,
1176 3698 1284 3777 quibus
1304 3707 1401 3759 tamen
1418 3699 1502 3759 nihilo
