3225 4700
492 360 903 432 ITINERARIUM.
1227 361 1291 425 373

78 518 179 578 doxae
193 516 287 592 dicto,
303 518 420 591 lubens,
439 519 543 580 volens
561 519 653 580 fidem
667 529 698 579 et
713 517 913 578 constantiam
927 515 1029 577 sancte
1048 513 1176 587 addicit,
1190 513 1291 593 aquis·

78 635 148 695 que
168 613 347 675 salutaribus
367 613 508 688 abluitur,
527 634 697 695 nomenque
716 612 889 675 Christiano
909 612 969 672 ritu
990 611 1176 672 Ferdinandi
1197 609 1290 670 Fran·

80 711 164 771 cisci
179 710 386 793 Engelberger
398 711 530 772 sortitur.
575 712 621 772 Ut
630 711 701 771 verb
715 710 821 770 seriam
833 719 864 770 et
876 709 1042 769 ultroneam
1053 707 1144 768 fuisse
1154 705 1290 786 perfidioe

80 807 290 888 ejurationem
303 808 419 888 probet,
438 807 654 888 acerrimeque
667 808 769 878 verbo,
782 805 844 885 qua
857 804 968 884 scripto
985 804 1173 884 persequitur
1189 823 1291 883 super·

81 903 205 963 stitiosa
224 902 406 965 Judaeorum
422 903 573 986 dogmata,
592 905 653 965 imb
674 915 704 965 et
716 903 850 964 libellum
865 902 945 982 typis
965 901 1079 983 vulgat,
1097 920 1158 980 quo
1177 901 1291 982 gravis·

83 999 184 1060 simos
197 999 299 1081 impiae
314 1001 536 1080 pervicacitatis
550 1020 675 1076 errores,
690 1020 751 1060 non
765 1000 831 1060 sine
842 997 1042 1060 Hebraeorum
1053 994 1208 1058 stomacho
1221 1016 1292 1078 pro·

85 1096 184 1177 palat.

127 1193 190 1253 His
216 1192 374 1274 principiis
395 1193 499 1270 meris,
522 1194 639 1256 aditum
662 1193 720 1255 sibi
741 1193 781 1255 ad
807 1193 970 1255 multorum
993 1193 1082 1254 etiam
1108 1190 1288 1272 Magnetum

87 1290 258 1351 amicitiam
275 1301 306 1352 et
319 1289 552 1352 familiaritatem
567 1291 727 1372 praestruit,
742 1290 865 1352 interim
878 1290 950 1351 verb
967 1290 1006 1351 ad
1020 1288 1133 1349 nefaria
1148 1307 1202 1348 sua
1219 1308 1290 1348 con·

87 1388 160 1448 11111
173 1387 293 1448 nomine
307 1385 481 1448 Christiano
498 1389 640 1450 abutitur.
682 1387 792 1460 Quoad
807 1388 927 1449 tandem
942 1407 1023 1448 anno
1041 1384 1207 1445 Millesimo
1224 1405 1289 1444 sex·

88 1483 256 1544 centesimo
270 1485 500 1566 quadragesimo
510 1485 652 1556 secundo,
662 1486 717 1546 sub
727 1485 808 1546 diem
819 1484 995 1566 vigesimam
1006 1482 1170 1544 secundam
1179 1481 1289 1541 mensis

89 1581 235 1661 Augusti,
254 1579 391 1660 complex
409 1581 557 1642 manifesti
571 1581 645 1642 furti
659 1581 933 1663 comprehenditur,
948 1599 1068 1660 unaque
1084 1597 1153 1638 cum
1171 1576 1288 1638 duobus

89 1681 161 1741 aliis
179 1681 202 1741 J
205 1681 310 1754 udaeis,
330 1681 439 1761 quibus
455 1681 510 1741 diu
526 1678 713 1758 multumque
730 1677 898 1748 colluserat,
913 1687 943 1738 et
962 1677 1001 1737 ad
1018 1675 1196 1757 gravissima
1209 1673 1288 1734 furta

90 1786 199 1837 auctor
220 1776 327 1850 fuerat,
352 1797 408 1836 nec
427 1797 487 1837 non
509 1777 551 1836 ita
571 1776 689 1857 pridem
710 1776 837 1836 socienis
855 1775 978 1836 modum
999 1781 1187 1854 suggesserat
1208 1771 1287 1832 clam

91 1872 236 1934 illabendi
252 1873 284 1933 in
306 1872 493 1934 Serenissimi
515 1873 701 1934 Archidncis
715 1872 848 1933 Austriae
869 1870 1023 1941 conclave,
1040 1880 1069 1930 et
1089 1867 1288 1948 depeculandi

92 1969 262 2052 potissimos
279 1969 431 2030 thesauros
445 1970 514 2031 istic
531 1969 680 2050 depositos
693 1970 786 2046 (unda
805 1969 894 2030 etiam
910 1967 1044 2048 precium
1060 1964 1202 2026 undecim
1220 1962 1288 2024 mil-

92 2068 167 2128 lium
181 2065 380 2147 imperialium
394 2067 594 2142 abstulerunt)
608 2065 769 2147 suspendio
782 2065 981 2146 adjudicatur.

135 2163 219 2235 Quid
231 2161 349 2223 11111111
373 2161 437 2223 Η11
451 2162 540 2222 111111
554 2173 711 2244 postquam
721 2163 947 2234 animadvertit,
958 2162 1047 2222 latam
1060 2161 1092 2221 in
1107 2179 1137 2221 se
1148 2168 1180 2221 et
1193 2159 1288 2220 socios

94 2259 656 2339 11111111111111111111111111111ᾱί
674 2257 861 2341 perdifficilis
879 2267 955 2318 11111
973 2257 1059 2331 ratio,
1074 2256 1112 2317 ad
1131 2256 1288 2339 ingenium

96 2358 194 2433 rediit,
220 2369 249 2419 et
271 2358 480 2439 impiissimam
506 2356 643 2417 fraudem
666 2378 702 2417 ac
732 2356 956 2417 fraudulentam
977 2354 1172 2434 impietatem,
1196 2374 1288 2434 quam

94 2467 179 2517 tauto
198 2464 330 2535 tempore
353 2453 502 2515 celaverat
522 2451 673 2514 liberrime
694 2452 842 2532 professus
862 2463 915 2525 111,
936 2472 992 2513 111
1011 2472 1106 2525 mora,
1132 2450 1246 2512 Christi
1271 2452 1288 2511 e

96 2574 183 2614 cruce
200 2552 357 2633 pendentis
375 2551 507 2632 signum,
524 2550 605 2629 quod
620 2569 711 2609 mauu
726 2548 913 2629 praeferebat,
929 2547 1070 2629 quodque
1085 2547 1193 2628 sapius
1207 2548 1289 2609 hand

96 2649 191 2710 multb
204 2662 284 2723 ante,
297 2670 357 2708 non
372 2648 436 2708 sine
450 2647 501 2727 pio
515 2646 609 2706 animi
622 2666 710 2707 sensu
721 2645 832 2706 osculis
845 2645 1051 2719 honoraverat,
1068 2654 1096 2706 et
1109 2644 1290 2707 dulcissimis

97 2751 129 2824 (o
145 2747 187 2806 mi
205 2746 282 2806 bone
297 2745 320 2807 J
323 2748 393 2820 ssu)
414 2744 538 2804 vocibus
557 2742 704 2804 allocutus
722 2741 831 2814 fuerat,
850 2762 962 2823 magno
976 2741 1076 2803 furore
1094 2751 1124 2803 et
1144 2742 1289 2823 intempe-

97 2846 171 2905 ranti
185 2843 276 2917 rabie,
291 2843 331 2903 ad
345 2852 453 2903 terram
464 2838 555 2914 elisit,
569 2838 716 2921 sacrilego
728 2857 780 2897 ore
794 2837 986 2918 consputavit
999 2849 1029 2898 et
1041 2837 1217 2899 detestando
1230 2837 1291 2899 cal·

97 2962 188 3002 caneo
206 2940 332 3014 attrivit,
349 2938 554 3019 subjungens:
585 2935 665 3010 Cum
685 2935 784 3014 itaque
803 2934 993 2995 moriendum
1015 2933 1090 2995 mihi
1110 2935 1157 3009 sit,
1180 2954 1238 2994 non
1258 2947 1291 2996 nt

98 3038 295 3110 Christianus,
317 3036 370 3097 sed
387 3044 422 3095 ut
441 3053 530 3095 verus
550 3032 573 3094 J
577 3033 680 3092 ndaeus
696 3031 736 3091 ad
754 3038 922 3091 extremum
940 3050 1033 3110 nsque
1051 3030 1177 3092 halitum
1193 3050 1292 3111 perse-

98 3136 216 3206 verabo,
231 3144 272 3207 et,
286 3143 321 3194 ut
333 3132 411 3205 talis,
426 3130 549 3203 moriar,
564 3149 662 3209 neque
674 3129 712 3188 ab
726 3125 783 3187 hac
797 3128 945 3189 sententia
962 3148 1011 3188 me
1025 3126 1182 3208 quisquam
1198 3127 1292 3187 dimo·

98 3230 188 3291 vebit.
232 3228 410 3290 Horrendus
423 3228 545 3307 insuper
557 3224 755 3306 blasphemias
764 3212 968 3303 impurissimo
980 3243 1031 3285 ore
1042 3232 1071 3284 et
1081 3223 1293 3303 procacissima

99 3330 200 3409 lingna
212 3327 356 3388 evomuit.

137 3422 299 3485 Cohorruit
312 3423 352 3482 ad
365 3420 505 3481 scelestas
519 3438 618 3493 voces,
631 3418 684 3499 qui
697 3418 737 3479 ad
757 3418 967 3479 deducendum
981 3419 1009 3480 ei
1023 3418 1184 3499 adjunctus
1196 3416 1293 3478 fuerat

99 3532 181 3603 pater
207 3519 364 3581 Societatis
391 3518 414 3578 J
418 3536 486 3592 ssu,
507 3516 662 3576 cohorruit
680 3525 711 3575 11
729 3516 793 3595 ipse
816 3516 924 3595 judex,
946 3536 1014 3577 cum
1042 3515 1116 3575 viris
1141 3513 1292 3595 primariis

101 3618 165 3679 istic
184 3617 392 3699 presentibus,
411 3624 442 3675 11
460 3614 695 3694 impurissimam
717 3632 777 3672 1111
796 3612 939 3685 hominis,
957 3613 1010 3673 sed
1025 3611 1096 3673 ferae
1112 3610 1219 3672 hellnae
1233 3630 1292 3671 ser-

100 3707 220 3779 monem
234 3714 462 3797 excipientibus,
480 3709 534 3793 qni
554 3708 700 3772 nefarium
719 3708 920 3769 tenebrionem
936 3708 1121 3791 gravissimis
1140 3706 1239 3769 verbis
1254 3706 1294 3768 ad
