3225 4700
339 345 404 412 276
730 339 754 404 1
759 339 855 406 TIN
861 339 1044 408 ERARI
1050 338 1135 406 ΗΜ.

381 497 451 580 Age
465 493 623 576 Hybcrnia
637 500 671 554 ιιι
683 492 750 574 ipra
762 501 875 573 quanta
886 501 999 573 quanta
1010 491 1144 572 qualisve
1157 510 1239 552 nuno
1250 509 1294 563 es,
1306 509 1396 551 exere
1410 487 1455 550 de
1467 487 1540 568 pnl-

342 612 412 655 vere
424 601 514 672 capnt
531 599 616 652 tuum
634 597 665 650 et
684 589 805 669 loquere
823 596 924 668 prote
936 586 977 648 ad
994 587 1141 649 invidiam
1157 587 1401 648 obtrectatorum.
1448 584 1539 656 Quid

342 691 420 753 fores
440 686 514 767 quid
534 687 639 747 amabo
658 684 746 758 fores,
765 683 828 744 eine
848 681 1018 763 Anglorum
1037 679 1238 763 (Angelorum
1258 682 1359 742 dicere
1376 678 1537 754 volebam)

343 779 543 842 commercio?
564 777 647 850 Quid
660 777 737 838 fores
749 778 809 838 nisi
822 776 904 838 natio
913 795 1026 858 aspera,
1043 775 1204 856 sylvestris,
1220 775 1330 838 brutal
1350 775 1443 836 Itane
1462 796 1538 836 vero

343 885 395 936 tuo
407 873 512 936 honori
525 873 653 947 decedit,
669 893 739 934 cum
752 871 874 933 aliunde
888 871 990 941 discis,
1002 871 1084 952 quod
1098 871 1131 932 in
1143 872 1270 946 deserto,
1283 869 1441 951 sylvisque
1454 871 1537 930 inter

343 971 492 1052 pecudum
506 989 610 1052 greges
623 969 713 1030 docta
726 987 879 1048 nunquam
894 966 1025 1028 fuisses?
1046 966 1161 1028 Iterum
1174 966 1266 1047 igitur
1283 986 1382 1028 assero
1399 976 1433 1028 et
1446 967 1535 1027 iden-

344 1067 437 1128 tidem
450 1074 551 1146 repeto
563 1065 627 1126 sine
639 1062 813 1146 Anglorum
825 1061 973 1124 consortio
990 1080 1137 1143 nuquam
1155 1060 1316 1141 Hybcrnia
1333 1062 1421 1123 bouis
1440 1063 1534 1123 mori·

344 1163 400 1224 bus
413 1159 587 1223 instruenda
598 1159 714 1220 fuisses.

385 1260 500 1321 Testem
515 1255 708 1318 nibilominus
720 1255 802 1316 omni
815 1254 988 1336 exceptione
1000 1254 1145 1334 majorem
1158 1253 1287 1327 adduco,
1298 1274 1359 1315 uon
1372 1253 1534 1338 vulgarem

344 1353 441 1426 illum,
455 1353 527 1434 quia
538 1351 692 1412 sanctitate
706 1350 828 1425 eminet,
841 1369 902 1410 nou
915 1369 1036 1422 uorum,
1050 1349 1123 1430 quia
1135 1359 1267 1431 tempore
1278 1351 1412 1412 Iotharii
1423 1351 1454 1413 Ι.
1467 1352 1534 1412 Ιιιι-

344 1451 488 1532 paratoria
510 1456 541 1508 et
561 1446 730 1507 Innocentii
750 1445 798 1506 11.
821 1445 980 1506 Pontificio
999 1444 1140 1518 Romani,
1159 1445 1216 1506 hoc
1242 1455 1289 1508 est
1312 1467 1393 1508 anno
1415 1447 1535 1509 Christi

346 1544 504 1606 millesimo
517 1539 678 1603 centesimo
691 1539 837 1622 vigesimo
854 1549 937 1601 sexto
957 1539 1069 1612 floruit,
1088 1539 1249 1602 §.scilieet
1267 1541 1461 1604 Bemardum
1476 1545 1535 1623 qui

346 1640 390 1701 ait
402 1640 433 1700 in
447 1636 583 1700 encomio
597 1634 769 1697 Malachiae.
797 1634 883 1696 Siout
895 1635 985 1717 piscis
998 1635 1031 1695 in
1040 1634 1118 1696 mari
1127 1655 1188 1696 non
1199 1637 1278 1717 sapit
1289 1637 1390 1714 salem,
1403 1639 1448 1699 ita
1461 1639 1534 1701 Ma·

345 1733 457 1800 luchiae
476 1733 554 1794 inter
574 1731 724 1793 Barbaros
742 1731 857 1792 nullam
877 1729 1042 1792 barbariem
1061 1731 1162 1792 traxit
1195 1730 1288 1794 Unde
1307 1733 1352 1794 sic
1372 1733 1482 1810 infero,
1508 1736 1535 1796 si

347 1829 488 1910 Hyberni
501 1835 631 1908 tempore
644 1827 678 1889 S.
693 1825 854 1887 Malachiae
868 1825 958 1902 (inter
970 1845 1045 1906 quos
1061 1827 1136 1908 egit)
1154 1827 1281 1888 Barbari
1298 1840 1392 1902 erant,
1409 1851 1534 1892 necesse

345 1925 468 1989 omnino
480 1932 524 1986 est
535 1923 585 1986 rel
597 1922 762 1984 barbariem
776 1923 814 1983 ab
827 1920 937 2004 Anglis
946 1921 1136 1995 dedidicisse,
1147 1922 1196 1983 vel
1208 1923 1246 1984 ab
1258 1923 1311 1985 illo
1324 1934 1458 2006 tempore
1471 1926 1533 1988 huc

347 2021 486 2102 usquead
495 2019 554 2080 huc
564 2019 595 2079 in
606 2018 741 2080 barbaric
751 2017 922 2098 perstitisse,
933 2036 1003 2077 cum
1016 2017 1087 2079 inde
1098 2038 1193 2099 usque
1206 2020 1304 2101 majus
1313 2023 1531 2085 commercium

345 2137 415 2179 cum
429 2115 512 2178 nulli
525 2135 651 2196 usquam
665 2123 753 2196 gente
765 2133 857 2193 quam
873 2133 943 2173 cum
962 2112 1082 2194 Anglis,
1099 2113 1268 2191 habuerint,
1285 2126 1375 2197 atque
1390 2117 1451 2179 hoc
1468 2141 1530 2181 non

346 2235 383 2276 ex
397 2211 464 2273 mei
475 2212 528 2273 sed
542 2210 584 2271 D.
598 2209 747 2272 Bernardi
764 2207 921 2280 sententib,
939 2227 1027 2289 quem
1046 2207 1100 2290 qui
1116 2211 1225 2272 erroris
1241 2213 1416 2288 convicerit,
1431 2225 1464 2277 et
1481 2237 1531 2278 me

346 2307 514 2383 convincet,
529 2326 625 2388 neque
638 2305 718 2367 enim
731 2305 832 2366 abnuo
844 2324 914 2366 cum
927 2313 1010 2367 tanto
1022 2305 1087 2367 viro
1100 2325 1212 2369 errasse
1225 2310 1334 2390 potius,
1348 2330 1440 2392 quam
1458 2333 1529 2376 cnm

347 2404 477 2467 indoctis
490 2411 520 2465 et
532 2402 770 2484 imprudentibus
784 2400 816 2461 in
830 2399 913 2461 tanti
923 2402 1055 2462 veritatis
1066 2402 1133 2465 luce
1142 2402 1330 2481 hallucinari,
1340 2417 1393 2468 aut
1402 2408 1528 2491 inglorie

346 2500 473 2563 adulari.
514 2500 577 2561 Pro
590 2500 702 2579 majore
718 2497 840 2577 insuper
857 2496 1026 2558 assertionis
1042 2496 1132 2578 hujus
1149 2500 1301 2562 evidentia
1318 2523 1392 2565 voco
1402 2505 1433 2565 in
1447 2508 1528 2567 testi·

345 2596 481 2659 monium
493 2594 650 2658 verborum
663 2612 797 2655 meorum
811 2611 914 2654 omnes
928 2591 1094 2673 Hybernioe
1107 2614 1254 2675 proceres,
1267 2608 1302 2659 ut
1310 2600 1486 2662 seutentiam
1494 2603 1527 2662 iu

346 2712 379 2755 re
396 2710 456 2753 non
474 2689 590 2752 difficili
608 2688 700 2750 libere
717 2689 928 2770 pronuncient.
969 2687 1092 2771 Ipsique
1108 2691 1271 2754 adversarii
1289 2696 1349 2756 mei
1366 2696 1471 2759 dicant
1489 2720 1527 2760 ex

346 2786 537 2860 conscientia,
550 2784 631 2865 quod
643 2784 751 2845 sentiro
765 2794 914 2867 coguntur
926 2785 951 2846 si
965 2785 1142 2848 hodiernum
1156 2788 1324 2869 Hybernioe
1333 2800 1443 2853 statum
1456 2814 1525 2855 cum

346 2884 468 2965 antiquo
481 2880 645 2956 conferant,
658 2898 726 2962 quse
743 2883 849 2943 amabo
867 2902 986 2944 moram
1003 2883 1147 2945 sermonis
1163 2892 1194 2944 et
1211 2885 1361 2947 actionum
1374 2887 1407 2947 in
1419 2888 1525 2951 melius

345 2978 492 3043 mutatio?
512 2977 592 3039 unde
605 2975 688 3037 illam
701 2984 806 3056 putant
819 2976 996 3040 inductam?
1015 2998 1054 3039 an
1067 2999 1106 3040 ax
1118 2978 1224 3041 ultimi
1237 2980 1314 3042 forte
1332 2983 1457 3059 Arabia,
1471 2998 1523 3048 aut

346 3097 384 3138 ex
401 3074 534 3138 extremi
551 3071 777 3153 Monomotopa,
792 3081 844 3134 aut
855 3093 894 3134 ex
906 3072 1035 3153 conficti
1047 3073 1149 3156 aliqud
1162 3074 1276 3159 Uopia
1292 3078 1373 3140 uude
1385 3088 1438 3141 aut
1449 3081 1523 3143 nulli

346 3183 399 3233 aut
412 3171 472 3232 rari
485 3168 646 3232 admodum
660 3167 692 3227 in
706 3166 897 3248 Hyberniam
910 3169 1037 3251 ingressi
1049 3179 1128 3231 sunt.

387 3265 478 3338 Quod
490 3264 562 3326 verb
575 3264 615 3326 ad
628 3263 819 3326 Ultonienses
826 3266 893 3346 jam
906 3275 1030 3346 spectat,
1042 3287 1104 3327 nou
1122 3277 1223 3349 putem
1241 3268 1309 3331 illos
1324 3269 1401 3332 solos
1413 3272 1522 3353 politis·

346 3360 420 3424 simb
434 3368 573 3435 tornatos,
587 3368 618 3421 et
629 3369 714 3421 natos
727 3379 789 3421 esse
799 3360 888 3432 velle,
901 3363 1042 3442 quoniam
1056 3371 1119 3425 tota
1132 3364 1290 3443 Hybemia
1303 3368 1437 3430 omnium
1449 3369 1521 3430 Cro·

345 3455 520 3539 nologorum
534 3466 563 3517 et
577 3454 851 3538 Topographoram,
870 3458 923 3537 qni
940 3458 1064 3537 quidem
1083 3459 1121 3521 de
1139 3459 1300 3540 Hybemid
1315 3463 1520 3537 meminerunt,

345 3570 443 3627 aensu,
457 3550 591 3612 Barbara
603 3549 661 3613 fuit
670 3553 708 3613 ab
721 3551 926 3614 incunabulis:
948 3554 974 3616 si
986 3564 1059 3629 tota,
1073 3555 1125 3616 ubi
1138 3576 1221 3637 ergo,
1234 3578 1294 3637 quo
1311 3557 1457 3641 Magistro
1467 3563 1518 3621 sub

344 3668 405 3731 quo
416 3656 513 3722 torno,
528 3646 717 3719 Ultonienses
728 3646 794 3725 soli,
809 3656 870 3711 tam
879 3651 952 3718 scite
967 3650 1098 3713 dedolati
1112 3661 1191 3727 sunt,
1208 3664 1241 3716 ut
1252 3674 1323 3716 mox
1335 3655 1373 3716 ab
1391 3664 1455 3717 ortu
1466 3676 1517 3718 suo
