<?xml version="1.0" encoding="UTF-8"?>
<!DOCTYPE html PUBLIC "-//W3C//DTD XHTML 1.0 Transitional//EN"
    "http://www.w3.org/TR/xhtml1/DTD/xhtml1-transitional.dtd">
<html xmlns="http://www.w3.org/1999/xhtml" xml:lang="en" lang="en">
 <head>
  <title>
</title>
<meta http-equiv="Content-Type" content="text/html;charset=utf-8" />
  <meta name='ocr-system' content='tesseract 3.04.00' />
  <meta name='ocr-capabilities' content='ocr_page ocr_carea ocr_par ocr_line ocrx_word'/>
</head>
<body>
  <div class='ocr_page' id='page_1' title='image "./itinerariumthom00kerngoog_0180.png"; bbox 0 0 3225 4700; ppageno 0'>
   <div class='ocr_carea' id='block_1_1' title="bbox 341 320 1138 390">
    <p class='ocr_par' dir='ltr' id='par_1_1' title="bbox 341 320 1138 390">
     <span class='ocr_line' id='line_1_1' title="bbox 341 320 1138 390; baseline -0.003 -1"><span class='ocrx_word' id='word_1_1' title='bbox 341 328 398 390; x_wconf 83' lang='lat'><strong>106</strong></span> <span class='ocrx_word' id='word_1_2' title='bbox 730 320 1138 389; x_wconf 81' lang='lat' dir='ltr'><em>ITINERARIUM.</em></span> 
     </span>
    </p>
   </div>
   <div class='ocr_carea' id='block_1_2' title="bbox 334 472 1553 2294">
    <p class='ocr_par' dir='ltr' id='par_1_2' title="bbox 337 472 1553 1522">
     <span class='ocr_line' id='line_1_2' title="bbox 337 472 1553 558; baseline -0.004 -21"><span class='ocrx_word' id='word_1_3' title='bbox 337 476 388 538; x_wconf 87' lang='lat' dir='ltr'><strong>ille</strong></span> <span class='ocrx_word' id='word_1_4' title='bbox 398 476 486 537; x_wconf 85' lang='lat' dir='ltr'><strong>cadat</strong></span> <span class='ocrx_word' id='word_1_5' title='bbox 496 475 567 537; x_wconf 83' lang='lat' dir='ltr'><strong>uleoe</strong></span> <span class='ocrx_word' id='word_1_6' title='bbox 576 479 689 558; x_wconf 86' lang='lat' dir='ltr'><strong>jactus,</strong></span> <span class='ocrx_word' id='word_1_7' title='bbox 702 494 793 556; x_wconf 85' lang='lat' dir='ltr'><strong>quem</strong></span> <span class='ocrx_word' id='word_1_8' title='bbox 805 494 859 537; x_wconf 81' lang='lat' dir='ltr'><strong>vos</strong></span> <span class='ocrx_word' id='word_1_9' title='bbox 870 476 959 539; x_wconf 88' lang='lat' dir='ltr'><strong>militi</strong></span> <span class='ocrx_word' id='word_1_10' title='bbox 972 475 1087 537; x_wconf 72' lang='lat' dir='ltr'><strong>cesari</strong></span> <span class='ocrx_word' id='word_1_11' title='bbox 1099 495 1154 537; x_wconf 89' lang='lat' dir='ltr'><strong>suo</strong></span> <span class='ocrx_word' id='word_1_12' title='bbox 1167 472 1341 537; x_wconf 84' lang='lat' dir='ltr'><strong>fidelissimo</strong></span> <span class='ocrx_word' id='word_1_13' title='bbox 1349 474 1459 556; x_wconf 83' lang='lat' dir='ltr'><strong>jacere</strong></span> <span class='ocrx_word' id='word_1_14' title='bbox 1476 494 1553 534; x_wconf 87' lang='lat' dir='ltr'><strong>non</strong></span> 
     </span>
     <span class='ocr_line' id='line_1_3' title="bbox 339 570 1553 654; baseline -0.002 -21"><span class='ocrx_word' id='word_1_15' title='bbox 339 574 402 634; x_wconf 87' lang='lat' dir='ltr'><strong>sine</strong></span> <span class='ocrx_word' id='word_1_16' title='bbox 424 573 595 654; x_wconf 73' lang='lat' dir='ltr'><strong>turpissimi</strong></span> <span class='ocrx_word' id='word_1_17' title='bbox 613 571 725 654; x_wconf 75' lang='lat' dir='ltr'><strong>injurii</strong></span> <span class='ocrx_word' id='word_1_18' title='bbox 744 571 902 633; x_wconf 78' lang='lat' dir='ltr'><strong>molimini.</strong></span> <span class='ocrx_word' id='word_1_19' title='bbox 945 570 1006 633; x_wconf 84' lang='lat' dir='ltr'><strong>Sed</strong></span> <span class='ocrx_word' id='word_1_20' title='bbox 1024 592 1166 654; x_wconf 78' lang='lat' dir='ltr'><strong>quorsum</strong></span> <span class='ocrx_word' id='word_1_21' title='bbox 1184 592 1243 653; x_wconf 87' lang='lat' dir='ltr'><strong>ego</strong></span> <span class='ocrx_word' id='word_1_22' title='bbox 1256 572 1367 633; x_wconf 86' lang='lat' dir='ltr'><strong>frustra</strong></span> <span class='ocrx_word' id='word_1_23' title='bbox 1385 572 1553 641; x_wconf 85' lang='lat' dir='ltr'><strong>imbellis,</strong></span> 
     </span>
     <span class='ocr_line' id='line_1_4' title="bbox 338 666 1552 750; baseline -0.001 -21"><span class='ocrx_word' id='word_1_24' title='bbox 338 670 427 730; x_wconf 83' lang='lat' dir='ltr'><strong>bruta</strong></span> <span class='ocrx_word' id='word_1_25' title='bbox 436 669 517 750; x_wconf 85' lang='lat' dir='ltr'><strong>jacio</strong></span> <span class='ocrx_word' id='word_1_26' title='bbox 531 669 668 742; x_wconf 84' lang='lat' dir='ltr'><strong>fulmina,</strong></span> <span class='ocrx_word' id='word_1_27' title='bbox 682 688 768 731; x_wconf 82' lang='lat' dir='ltr'><strong>vanae</strong></span> <span class='ocrx_word' id='word_1_28' title='bbox 780 679 850 731; x_wconf 89' lang='lat' dir='ltr'><strong>sunt</strong></span> <span class='ocrx_word' id='word_1_29' title='bbox 861 670 926 731; x_wconf 88' lang='lat' dir='ltr'><strong>sine</strong></span> <span class='ocrx_word' id='word_1_30' title='bbox 935 669 1051 729; x_wconf 84' lang='lat' dir='ltr'><strong>viribus</strong></span> <span class='ocrx_word' id='word_1_31' title='bbox 1062 669 1127 744; x_wconf 80' lang='lat' dir='ltr'><strong>iroe,</strong></span> <span class='ocrx_word' id='word_1_32' title='bbox 1142 666 1216 749; x_wconf 90' lang='lat' dir='ltr'><strong>quin</strong></span> <span class='ocrx_word' id='word_1_33' title='bbox 1229 669 1262 728; x_wconf 92' lang='lat' dir='ltr'><strong>in</strong></span> <span class='ocrx_word' id='word_1_34' title='bbox 1275 687 1417 749; x_wconf 84' lang='lat' dir='ltr'><strong>campum</strong></span> <span class='ocrx_word' id='word_1_35' title='bbox 1429 668 1552 749; x_wconf 77' lang='lat' dir='ltr'><strong>potius</strong></span> 
     </span>
     <span class='ocr_line' id='line_1_5' title="bbox 338 763 1552 848; baseline -0.001 -22"><span class='ocrx_word' id='word_1_36' title='bbox 338 766 487 848; x_wconf 87' lang='lat' dir='ltr'><strong>egredior,</strong></span> <span class='ocrx_word' id='word_1_37' title='bbox 501 766 635 827; x_wconf 88' lang='lat' dir='ltr'><strong>animum</strong></span> <span class='ocrx_word' id='word_1_38' title='bbox 649 764 836 827; x_wconf 88' lang='lat' dir='ltr'><strong>distrahendi</strong></span> <span class='ocrx_word' id='word_1_39' title='bbox 849 774 880 826; x_wconf 92' lang='lat' dir='ltr'><strong>et</strong></span> <span class='ocrx_word' id='word_1_40' title='bbox 891 765 982 826; x_wconf 91' lang='lat' dir='ltr'><strong>bilem</strong></span> <span class='ocrx_word' id='word_1_41' title='bbox 996 765 1184 845; x_wconf 87' lang='lat' dir='ltr'><strong>decoquendi</strong></span> <span class='ocrx_word' id='word_1_42' title='bbox 1197 763 1317 847; x_wconf 60' lang='lat' dir='ltr'><strong>gratia?</strong></span> <span class='ocrx_word' id='word_1_43' title='bbox 1337 765 1385 826; x_wconf 91' lang='lat' dir='ltr'><strong>Ut</strong></span> <span class='ocrx_word' id='word_1_44' title='bbox 1396 765 1552 846; x_wconf 78' lang='lat' dir='ltr'><strong>primum</strong></span> 
     </span>
     <span class='ocr_line' id='line_1_6' title="bbox 339 860 1548 945; baseline -0.003 -21"><span class='ocrx_word' id='word_1_45' title='bbox 339 862 426 924; x_wconf 90' lang='lat' dir='ltr'><strong>miles</strong></span> <span class='ocrx_word' id='word_1_46' title='bbox 440 872 538 925; x_wconf 81' lang='lat' dir='ltr'><strong>noster</strong></span> <span class='ocrx_word' id='word_1_47' title='bbox 551 864 583 923; x_wconf 94' lang='lat' dir='ltr'><strong>in</strong></span> <span class='ocrx_word' id='word_1_48' title='bbox 597 871 733 945; x_wconf 87' lang='lat' dir='ltr'><strong>apertum</strong></span> <span class='ocrx_word' id='word_1_49' title='bbox 746 861 869 944; x_wconf 87' lang='lat' dir='ltr'><strong>prodiit,</strong></span> <span class='ocrx_word' id='word_1_50' title='bbox 879 881 950 921; x_wconf 87' lang='lat' dir='ltr'><strong>mox</strong></span> <span class='ocrx_word' id='word_1_51' title='bbox 962 861 995 921; x_wconf 93' lang='lat' dir='ltr'><strong>in</strong></span> <span class='ocrx_word' id='word_1_52' title='bbox 1009 860 1124 922; x_wconf 86' lang='lat' dir='ltr'><strong>hostem</strong></span> <span class='ocrx_word' id='word_1_53' title='bbox 1137 862 1246 922; x_wconf 88' lang='lat' dir='ltr'><strong>ductus</strong></span> <span class='ocrx_word' id='word_1_54' title='bbox 1258 869 1313 921; x_wconf 86' lang='lat' dir='ltr'><strong>est.</strong></span> <span class='ocrx_word' id='word_1_55' title='bbox 1343 862 1447 941; x_wconf 79' lang='lat' dir='ltr'><strong>Atque</strong></span> <span class='ocrx_word' id='word_1_56' title='bbox 1461 882 1548 922; x_wconf 85' lang='lat' dir='ltr'><strong>mox</strong></span> 
     </span>
     <span class='ocr_line' id='line_1_7' title="bbox 340 956 1547 1040; baseline -0.002 -20"><span class='ocrx_word' id='word_1_57' title='bbox 340 959 514 1040; x_wconf 71' lang='lat' dir='ltr'><strong>diequinti</strong></span> <span class='ocrx_word' id='word_1_58' title='bbox 534 958 640 1020; x_wconf 83' lang='lat' dir='ltr'><strong>Martii</strong></span> <span class='ocrx_word' id='word_1_59' title='bbox 667 978 729 1020; x_wconf 76' lang='lat' dir='ltr'><strong>suae</strong></span> <span class='ocrx_word' id='word_1_60' title='bbox 750 958 935 1020; x_wconf 78' lang='lat' dir='ltr'><strong>fortitudinis</strong></span> <span class='ocrx_word' id='word_1_61' title='bbox 956 957 1041 1018; x_wconf 87' lang='lat' dir='ltr'><strong>dedit</strong></span> <span class='ocrx_word' id='word_1_62' title='bbox 1060 956 1240 1038; x_wconf 68' lang='lat' dir='ltr'><strong>specimina:</strong></span> <span class='ocrx_word' id='word_1_63' title='bbox 1267 957 1428 1018; x_wconf 71' lang='lat' dir='ltr'><strong>Generalis</strong></span> <span class='ocrx_word' id='word_1_64' title='bbox 1446 959 1547 1019; x_wconf 86' lang='lat' dir='ltr'><strong>enim</strong></span> 
     </span>
     <span class='ocr_line' id='line_1_8' title="bbox 341 1054 1545 1139; baseline -0.002 -22"><span class='ocrx_word' id='word_1_65' title='bbox 341 1056 479 1139; x_wconf 87' lang='lat' dir='ltr'><strong>Glitzing</strong></span> <span class='ocrx_word' id='word_1_66' title='bbox 503 1055 680 1117; x_wconf 81' lang='lat' dir='ltr'><strong>Guartaium</strong></span> <span class='ocrx_word' id='word_1_67' title='bbox 700 1054 835 1115; x_wconf 78' lang='lat' dir='ltr'><strong>hostibus</strong></span> <span class='ocrx_word' id='word_1_68' title='bbox 849 1063 1057 1135; x_wconf 79' lang='lat' dir='ltr'><strong>stratagemate</strong></span> <span class='ocrx_word' id='word_1_69' title='bbox 1074 1054 1210 1115; x_wconf 87' lang='lat' dir='ltr'><strong>seudolo</strong></span> <span class='ocrx_word' id='word_1_70' title='bbox 1228 1054 1349 1134; x_wconf 89' lang='lat' dir='ltr'><strong>eripuit,</strong></span> <span class='ocrx_word' id='word_1_71' title='bbox 1365 1074 1545 1134; x_wconf 87' lang='lat' dir='ltr'><strong>omnesque</strong></span> 
     </span>
     <span class='ocr_line' id='line_1_9' title="bbox 339 1149 1541 1235; baseline -0.002 -23"><span class='ocrx_word' id='word_1_72' title='bbox 339 1154 432 1235; x_wconf 74' lang='lat' dir='ltr'><strong>proph</strong></span> <span class='ocrx_word' id='word_1_73' title='bbox 449 1154 481 1213; x_wconf 92' lang='lat' dir='ltr'><strong>in</strong></span> <span class='ocrx_word' id='word_1_74' title='bbox 494 1173 530 1215; x_wconf 91' lang='lat' dir='ltr'><strong>eo</strong></span> <span class='ocrx_word' id='word_1_75' title='bbox 545 1150 745 1233; x_wconf 75' lang='lat' dir='ltr'><strong>praesidiarios</strong></span> <span class='ocrx_word' id='word_1_76' title='bbox 763 1150 964 1210; x_wconf 81' lang='lat' dir='ltr'><strong>internecione</strong></span> <span class='ocrx_word' id='word_1_77' title='bbox 984 1149 1105 1225; x_wconf 76' lang='lat' dir='ltr'><strong>delevit,</strong></span> <span class='ocrx_word' id='word_1_78' title='bbox 1119 1150 1234 1231; x_wconf 83' lang='lat' dir='ltr'><strong>accepit</strong></span> <span class='ocrx_word' id='word_1_79' title='bbox 1250 1160 1363 1231; x_wconf 84' lang='lat' dir='ltr'><strong>septem</strong></span> <span class='ocrx_word' id='word_1_80' title='bbox 1375 1158 1406 1210; x_wconf 85' lang='lat' dir='ltr'><strong>et</strong></span> <span class='ocrx_word' id='word_1_81' title='bbox 1422 1151 1541 1211; x_wconf 88' lang='lat' dir='ltr'><strong>decem</strong></span> 
     </span>
     <span class='ocr_line' id='line_1_10' title="bbox 339 1246 1540 1332; baseline -0.001 -22"><span class='ocrx_word' id='word_1_82' title='bbox 339 1250 473 1329; x_wconf 89' lang='lat' dir='ltr'><strong>peditum</strong></span> <span class='ocrx_word' id='word_1_83' title='bbox 492 1246 613 1323; x_wconf 73' lang='lat' dir='ltr'><strong>uexilla,</strong></span> <span class='ocrx_word' id='word_1_84' title='bbox 634 1263 664 1309; x_wconf 87' lang='lat' dir='ltr'><strong>et</strong></span> <span class='ocrx_word' id='word_1_85' title='bbox 681 1248 740 1309; x_wconf 88' lang='lat' dir='ltr'><strong>tria</strong></span> <span class='ocrx_word' id='word_1_86' title='bbox 759 1248 906 1328; x_wconf 85' lang='lat' dir='ltr'><strong>equitnm,</strong></span> <span class='ocrx_word' id='word_1_87' title='bbox 925 1248 1103 1310; x_wconf 82' lang='lat' dir='ltr'><strong>Generalem</strong></span> <span class='ocrx_word' id='word_1_88' title='bbox 1127 1248 1320 1311; x_wconf 77' lang='lat' dir='ltr'><strong>excubiarum</strong></span> <span class='ocrx_word' id='word_1_89' title='bbox 1344 1249 1540 1332; x_wconf 76' lang='lat' dir='ltr'><strong>Magistrum</strong></span> 
     </span>
     <span class='ocr_line' id='line_1_11' title="bbox 342 1344 1538 1427; baseline 0.001 -22"><span class='ocrx_word' id='word_1_90' title='bbox 342 1345 527 1417; x_wconf 89' lang='lat' dir='ltr'><strong>Dromundt,</strong></span> <span class='ocrx_word' id='word_1_91' title='bbox 548 1345 668 1405; x_wconf 86' lang='lat' dir='ltr'><strong>natione</strong></span> <span class='ocrx_word' id='word_1_92' title='bbox 684 1344 819 1421; x_wconf 87' lang='lat' dir='ltr'><strong>Scotum,</strong></span> <span class='ocrx_word' id='word_1_93' title='bbox 836 1364 905 1405; x_wconf 91' lang='lat' dir='ltr'><strong>cnm</strong></span> <span class='ocrx_word' id='word_1_94' title='bbox 926 1344 1029 1405; x_wconf 78' lang='lat' dir='ltr'><strong>miultis</strong></span> <span class='ocrx_word' id='word_1_95' title='bbox 1050 1346 1223 1427; x_wconf 73' lang='lat' dir='ltr'><strong>capitaneis</strong></span> <span class='ocrx_word' id='word_1_96' title='bbox 1239 1345 1482 1427; x_wconf 83' lang='lat' dir='ltr'><strong>officialibusque</strong></span> <span class='ocrx_word' id='word_1_97' title='bbox 1504 1348 1538 1406; x_wconf 89' lang='lat' dir='ltr'><strong>iu</strong></span> 
     </span>
     <span class='ocr_line' id='line_1_12' title="bbox 339 1426 707 1522; baseline 0 -21"><span class='ocrx_word' id='word_1_98' title='bbox 339 1442 542 1522; x_wconf 84' lang='lat' dir='ltr'><strong>captivitatem</strong></span> <span class='ocrx_word' id='word_1_99' title='bbox 556 1440 653 1501; x_wconf 83' lang='lat' dir='ltr'><strong>duxit.</strong></span> <span class='ocrx_word' id='word_1_100' title='bbox 700 1426 707 1439; x_wconf 72' lang='grc'><strong><em>’</em></strong></span> 
     </span>
    </p>

    <p class='ocr_par' dir='ltr' id='par_1_3' title="bbox 334 1536 1537 2294">
     <span class='ocr_line' id='line_1_13' title="bbox 381 1536 1537 1619; baseline 0.002 -22"><span class='ocrx_word' id='word_1_101' title='bbox 381 1537 536 1597; x_wconf 84' lang='lat' dir='ltr'><strong>Nunciata</strong></span> <span class='ocrx_word' id='word_1_102' title='bbox 553 1546 626 1598; x_wconf 80' lang='lat' dir='ltr'><strong>tunc</strong></span> <span class='ocrx_word' id='word_1_103' title='bbox 647 1556 765 1618; x_wconf 91' lang='lat' dir='ltr'><strong>quoque</strong></span> <span class='ocrx_word' id='word_1_104' title='bbox 784 1536 871 1598; x_wconf 91' lang='lat' dir='ltr'><strong>nobis</strong></span> <span class='ocrx_word' id='word_1_105' title='bbox 892 1545 938 1598; x_wconf 86' lang='lat' dir='ltr'><strong>est</strong></span> <span class='ocrx_word' id='word_1_106' title='bbox 952 1538 1110 1619; x_wconf 87' lang='lat' dir='ltr'><strong>occupatio</strong></span> <span class='ocrx_word' id='word_1_107' title='bbox 1127 1537 1309 1613; x_wconf 73' lang='lat' dir='ltr'><strong>Baunonia,</strong></span> <span class='ocrx_word' id='word_1_108' title='bbox 1324 1538 1434 1600; x_wconf 89' lang='lat' dir='ltr'><strong>nobilis</strong></span> <span class='ocrx_word' id='word_1_109' title='bbox 1452 1540 1537 1599; x_wconf 80' lang='lat' dir='ltr'><strong>civi-</strong></span> 
     </span>
     <span class='ocr_line' id='line_1_14' title="bbox 339 1633 1533 1715; baseline 0.001 -21"><span class='ocrx_word' id='word_1_110' title='bbox 339 1633 409 1694; x_wconf 90' lang='lat' dir='ltr'><strong>tatis</strong></span> <span class='ocrx_word' id='word_1_111' title='bbox 427 1634 467 1695; x_wconf 89' lang='lat' dir='ltr'><strong>ad</strong></span> <span class='ocrx_word' id='word_1_112' title='bbox 486 1633 625 1694; x_wconf 88' lang='lat' dir='ltr'><strong>Moenum</strong></span> <span class='ocrx_word' id='word_1_113' title='bbox 642 1634 720 1708; x_wconf 74' lang='lat' dir='ltr'><strong>sitae,</strong></span> <span class='ocrx_word' id='word_1_114' title='bbox 741 1653 832 1714; x_wconf 89' lang='lat' dir='ltr'><strong>quam</strong></span> <span class='ocrx_word' id='word_1_115' title='bbox 853 1634 984 1715; x_wconf 79' lang='lat' dir='ltr'><strong>Ramsay</strong></span> <span class='ocrx_word' id='word_1_116' title='bbox 1004 1635 1091 1698; x_wconf 88' lang='lat' dir='ltr'><strong>miles</strong></span> <span class='ocrx_word' id='word_1_117' title='bbox 1110 1635 1193 1696; x_wconf 83' lang='lat' dir='ltr'><strong>vafer</strong></span> <span class='ocrx_word' id='word_1_118' title='bbox 1210 1655 1279 1695; x_wconf 91' lang='lat' dir='ltr'><strong>cum</strong></span> <span class='ocrx_word' id='word_1_119' title='bbox 1297 1634 1392 1696; x_wconf 88' lang='lat' dir='ltr'><strong>multo</strong></span> <span class='ocrx_word' id='word_1_120' title='bbox 1411 1636 1533 1695; x_wconf 86' lang='lat' dir='ltr'><strong>circum</strong></span> 
     </span>
     <span class='ocr_line' id='line_1_15' title="bbox 334 1729 1534 1812; baseline 0.002 -22"><span class='ocrx_word' id='word_1_121' title='bbox 334 1729 502 1809; x_wconf 89' lang='lat' dir='ltr'><strong>jacentium</strong></span> <span class='ocrx_word' id='word_1_122' title='bbox 516 1730 695 1810; x_wconf 87' lang='lat' dir='ltr'><strong>oppidorum</strong></span> <span class='ocrx_word' id='word_1_123' title='bbox 705 1730 906 1803; x_wconf 87' lang='lat' dir='ltr'><strong>incommodo,</strong></span> <span class='ocrx_word' id='word_1_124' title='bbox 912 1732 978 1812; x_wconf 89' lang='lat' dir='ltr'><strong>jam</strong></span> <span class='ocrx_word' id='word_1_125' title='bbox 988 1732 1083 1793; x_wconf 91' lang='lat' dir='ltr'><strong>multo</strong></span> <span class='ocrx_word' id='word_1_126' title='bbox 1092 1742 1224 1812; x_wconf 87' lang='lat' dir='ltr'><strong>tempore</strong></span> <span class='ocrx_word' id='word_1_127' title='bbox 1234 1730 1400 1792; x_wconf 83' lang='lat' dir='ltr'><strong>insederat:</strong></span> <span class='ocrx_word' id='word_1_128' title='bbox 1421 1732 1457 1791; x_wconf 92' lang='lat' dir='ltr'><strong>in</strong></span> <span class='ocrx_word' id='word_1_129' title='bbox 1470 1733 1534 1812; x_wconf 76' lang='lat' dir='ltr'><strong>qni</strong></span> 
     </span>
     <span class='ocr_line' id='line_1_16' title="bbox 338 1826 1534 1909; baseline 0.002 -23"><span class='ocrx_word' id='word_1_130' title='bbox 338 1826 493 1887; x_wconf 89' lang='lat' dir='ltr'><strong>obsidione</strong></span> <span class='ocrx_word' id='word_1_131' title='bbox 513 1826 642 1887; x_wconf 88' lang='lat' dir='ltr'><strong>multum</strong></span> <span class='ocrx_word' id='word_1_132' title='bbox 657 1846 756 1907; x_wconf 79' lang='lat' dir='ltr'><strong>operte</strong></span> <span class='ocrx_word' id='word_1_133' title='bbox 775 1848 838 1889; x_wconf 81' lang='lat' dir='ltr'><strong>sure</strong></span> <span class='ocrx_word' id='word_1_134' title='bbox 858 1829 966 1909; x_wconf 80' lang='lat' dir='ltr'><strong>posuit,</strong></span> <span class='ocrx_word' id='word_1_135' title='bbox 985 1828 1106 1890; x_wconf 87' lang='lat' dir='ltr'><strong>nomino</strong></span> <span class='ocrx_word' id='word_1_136' title='bbox 1125 1828 1363 1889; x_wconf 86' lang='lat' dir='ltr'><strong>Eminentissimi</strong></span> <span class='ocrx_word' id='word_1_137' title='bbox 1382 1828 1534 1890; x_wconf 87' lang='lat' dir='ltr'><strong>Electoris</strong></span> 
     </span>
     <span class='ocr_line' id='line_1_17' title="bbox 340 1922 1531 2007; baseline 0.001 -24"><span class='ocrx_word' id='word_1_138' title='bbox 340 1922 527 2004; x_wconf 86' lang='lat' dir='ltr'><strong>Mognntini‚</strong></span> <span class='ocrx_word' id='word_1_139' title='bbox 542 1923 666 2003; x_wconf 89' lang='lat' dir='ltr'><strong>qnidam</strong></span> <span class='ocrx_word' id='word_1_140' title='bbox 679 1942 716 1985; x_wconf 84' lang='lat' dir='ltr'><strong>ex</strong></span> <span class='ocrx_word' id='word_1_141' title='bbox 730 1923 836 1985; x_wconf 89' lang='lat' dir='ltr'><strong>Nobili</strong></span> <span class='ocrx_word' id='word_1_142' title='bbox 848 1936 879 1986; x_wconf 89' lang='lat' dir='ltr'><strong>et</strong></span> <span class='ocrx_word' id='word_1_143' title='bbox 890 1924 1035 2007; x_wconf 76' lang='lat' dir='ltr'><strong>genamad</strong></span> <span class='ocrx_word' id='word_1_144' title='bbox 1051 1924 1142 2006; x_wconf 87' lang='lat' dir='ltr'><strong>stirpe</strong></span> <span class='ocrx_word' id='word_1_145' title='bbox 1159 1944 1261 1985; x_wconf 85' lang='lat' dir='ltr'><strong>eornm</strong></span> <span class='ocrx_word' id='word_1_146' title='bbox 1275 1924 1314 1985; x_wconf 92' lang='lat' dir='ltr'><strong>de</strong></span> <span class='ocrx_word' id='word_1_147' title='bbox 1332 1924 1531 1998; x_wconf 85' lang='lat' dir='ltr'><strong>Metternich,</strong></span> 
     </span>
     <span class='ocr_line' id='line_1_18' title="bbox 339 2019 1531 2102; baseline 0 -21"><span class='ocrx_word' id='word_1_148' title='bbox 339 2027 369 2081; x_wconf 91' lang='lat' dir='ltr'><strong>et</strong></span> <span class='ocrx_word' id='word_1_149' title='bbox 389 2019 572 2080; x_wconf 85' lang='lat' dir='ltr'><strong>Praenobilis-</strong></span> <span class='ocrx_word' id='word_1_150' title='bbox 597 2020 746 2082; x_wconf 82' lang='lat' dir='ltr'><strong>Dominus</strong></span> <span class='ocrx_word' id='word_1_151' title='bbox 768 2021 905 2083; x_wconf 87' lang='lat' dir='ltr'><strong>Joannes</strong></span> <span class='ocrx_word' id='word_1_152' title='bbox 924 2020 1157 2102; x_wconf 73' lang='lat' dir='ltr'><strong>christophorus</strong></span> <span class='ocrx_word' id='word_1_153' title='bbox 1180 2020 1199 2081; x_wconf 80' lang='lat' dir='ltr'><strong>h</strong></span> <span class='ocrx_word' id='word_1_154' title='bbox 1223 2020 1419 2082; x_wconf 83' lang='lat' dir='ltr'><strong>Bettendorff</strong></span> <span class='ocrx_word' id='word_1_155' title='bbox 1435 2022 1531 2082; x_wconf 84' lang='lat' dir='ltr'><strong>Vice-</strong></span> 
     </span>
     <span class='ocr_line' id='line_1_19' title="bbox 340 2115 1530 2199; baseline 0.001 -22"><span class='ocrx_word' id='word_1_156' title='bbox 340 2115 512 2177; x_wconf 85' lang='lat' dir='ltr'><strong>Cclouellus</strong></span> <span class='ocrx_word' id='word_1_157' title='bbox 525 2115 597 2177; x_wconf 93' lang='lat' dir='ltr'><strong>olim</strong></span> <span class='ocrx_word' id='word_1_158' title='bbox 611 2116 643 2177; x_wconf 91' lang='lat' dir='ltr'><strong>in</strong></span> <span class='ocrx_word' id='word_1_159' title='bbox 664 2115 861 2197; x_wconf 87' lang='lat' dir='ltr'><strong>Imperatorio</strong></span> <span class='ocrx_word' id='word_1_160' title='bbox 875 2118 1019 2193; x_wconf 84' lang='lat' dir='ltr'><strong>exercitu,</strong></span> <span class='ocrx_word' id='word_1_161' title='bbox 1034 2136 1115 2178; x_wconf 87' lang='lat' dir='ltr'><strong>nuno</strong></span> <span class='ocrx_word' id='word_1_162' title='bbox 1131 2117 1289 2199; x_wconf 72' lang='lat' dir='ltr'><strong>praefectus</strong></span> <span class='ocrx_word' id='word_1_163' title='bbox 1304 2117 1336 2177; x_wconf 88' lang='lat' dir='ltr'><strong>in</strong></span> <span class='ocrx_word' id='word_1_164' title='bbox 1355 2138 1425 2179; x_wconf 89' lang='lat' dir='ltr'><strong>arce</strong></span> <span class='ocrx_word' id='word_1_165' title='bbox 1439 2117 1530 2178; x_wconf 78' lang='lat' dir='ltr'><strong>Khu-</strong></span> 
     </span>
     <span class='ocr_line' id='line_1_20' title="bbox 339 2211 458 2294; baseline 0 -22"><span class='ocrx_word' id='word_1_166' title='bbox 339 2211 458 2294; x_wconf 83' lang='lat' dir='ltr'><strong>igstein.</strong></span> 
     </span>
    </p>
   </div>
   <div class='ocr_carea' id='block_1_3' title="bbox 379 2307 1595 2405">
    <p class='ocr_par' dir='ltr' id='par_1_4' title="bbox 379 2307 1595 2405">
     <span class='ocr_line' id='line_1_21' title="bbox 379 2307 1595 2405; baseline 0.006 -34"><span class='ocrx_word' id='word_1_167' title='bbox 379 2307 563 2390; x_wconf 87' lang='lat' dir='ltr'><strong>Accepimus</strong></span> <span class='ocrx_word' id='word_1_168' title='bbox 582 2310 632 2371; x_wconf 90' lang='lat' dir='ltr'><strong>hic</strong></span> <span class='ocrx_word' id='word_1_169' title='bbox 646 2328 765 2390; x_wconf 88' lang='lat' dir='ltr'><strong>qnoque</strong></span> <span class='ocrx_word' id='word_1_170' title='bbox 777 2310 828 2372; x_wconf 84' lang='lat' dir='ltr'><strong>vel</strong></span> <span class='ocrx_word' id='word_1_171' title='bbox 840 2329 901 2372; x_wconf 91' lang='lat' dir='ltr'><strong>uon</strong></span> <span class='ocrx_word' id='word_1_172' title='bbox 919 2309 1015 2372; x_wconf 84' lang='lat' dir='ltr'><strong>multb</strong></span> <span class='ocrx_word' id='word_1_173' title='bbox 1033 2312 1151 2392; x_wconf 74' lang='lat' dir='ltr'><strong>postule</strong></span> <span class='ocrx_word' id='word_1_174' title='bbox 1164 2310 1301 2374; x_wconf 84' lang='lat' dir='ltr'><strong>felicibus</strong></span> <span class='ocrx_word' id='word_1_175' title='bbox 1314 2311 1443 2392; x_wconf 79' lang='lat' dir='ltr'><strong>primum</strong></span> <span class='ocrx_word' id='word_1_176' title='bbox 1456 2334 1531 2377; x_wconf 84' lang='lat' dir='ltr'><strong>suc-</strong></span> <span class='ocrx_word' id='word_1_177' title='bbox 1594 2360 1595 2405; x_wconf 44' lang='lat' dir='ltr'><strong>p</strong></span> 
     </span>
    </p>
   </div>
   <div class='ocr_carea' id='block_1_4' title="bbox 173 2407 1528 3745">
    <p class='ocr_par' dir='ltr' id='par_1_5' title="bbox 339 2407 1528 2485">
     <span class='ocr_line' id='line_1_22' title="bbox 339 2407 1528 2485; baseline 0.004 -18"><span class='ocrx_word' id='word_1_178' title='bbox 339 2407 467 2468; x_wconf 80' lang='lat' dir='ltr'><strong>cassibus</strong></span> <span class='ocrx_word' id='word_1_179' title='bbox 485 2407 508 2468; x_wconf 89' lang='lat' dir='ltr'>J</span> <span class='ocrx_word' id='word_1_180' title='bbox 511 2408 615 2468; x_wconf 87' lang='lat' dir='ltr'><strong>oannis</strong></span> <span class='ocrx_word' id='word_1_181' title='bbox 635 2407 673 2468; x_wconf 84' lang='lat' dir='ltr'><strong>de</strong></span> <span class='ocrx_word' id='word_1_182' title='bbox 693 2407 801 2468; x_wconf 82' lang='lat' dir='ltr'><strong>Warth</strong></span> <span class='ocrx_word' id='word_1_183' title='bbox 818 2419 925 2469; x_wconf 87' lang='lat' dir='ltr'><strong>contra</strong></span> <span class='ocrx_word' id='word_1_184' title='bbox 945 2409 1064 2469; x_wconf 87' lang='lat' dir='ltr'><strong>Ducem</strong></span> <span class='ocrx_word' id='word_1_185' title='bbox 1084 2409 1325 2485; x_wconf 85' lang='lat' dir='ltr'><strong>Wimarieusem,</strong></span> <span class='ocrx_word' id='word_1_186' title='bbox 1346 2427 1382 2470; x_wconf 86' lang='lat' dir='ltr'><strong>ao</strong></span> <span class='ocrx_word' id='word_1_187' title='bbox 1398 2427 1470 2471; x_wconf 89' lang='lat' dir='ltr'><strong>mox</strong></span> <span class='ocrx_word' id='word_1_188' title='bbox 1486 2413 1528 2473; x_wconf 91' lang='lat' dir='ltr'><strong>de</strong></span> 
     </span>
    </p>

    <p class='ocr_par' dir='ltr' id='par_1_6' title="bbox 339 2503 1525 2586">
     <span class='ocr_line' id='line_1_23' title="bbox 339 2503 1525 2586; baseline 0.003 -22"><span class='ocrx_word' id='word_1_189' title='bbox 339 2503 502 2564; x_wconf 88' lang='lat' dir='ltr'><strong>miserabili</strong></span> <span class='ocrx_word' id='word_1_190' title='bbox 525 2503 610 2566; x_wconf 85' lang='lat' dir='ltr'><strong>clade</strong></span> <span class='ocrx_word' id='word_1_191' title='bbox 632 2523 668 2565; x_wconf 87' lang='lat' dir='ltr'><strong>ac</strong></span> <span class='ocrx_word' id='word_1_192' title='bbox 691 2505 863 2586; x_wconf 84' lang='lat' dir='ltr'><strong>captivitate</strong></span> <span class='ocrx_word' id='word_1_193' title='bbox 886 2505 1022 2586; x_wconf 85' lang='lat' dir='ltr'><strong>ejusdem</strong></span> <span class='ocrx_word' id='word_1_194' title='bbox 1046 2504 1088 2566; x_wconf 87' lang='lat' dir='ltr'><strong>G.</strong></span> <span class='ocrx_word' id='word_1_195' title='bbox 1107 2504 1216 2566; x_wconf 83' lang='lat' dir='ltr'><strong>Werth</strong></span> <span class='ocrx_word' id='word_1_196' title='bbox 1236 2515 1267 2567; x_wconf 89' lang='lat' dir='ltr'><strong>et</strong></span> <span class='ocrx_word' id='word_1_197' title='bbox 1286 2506 1377 2566; x_wconf 86' lang='lat' dir='ltr'><strong>trium</strong></span> <span class='ocrx_word' id='word_1_198' title='bbox 1399 2505 1525 2568; x_wconf 87' lang='lat' dir='ltr'><strong>aliorum</strong></span> 
     </span>
    </p>

    <p class='ocr_par' dir='ltr' id='par_1_7' title="bbox 341 2599 1526 2683">
     <span class='ocr_line' id='line_1_24' title="bbox 341 2599 1526 2683; baseline 0.003 -21"><span class='ocrx_word' id='word_1_199' title='bbox 341 2600 546 2674; x_wconf 85' lang='lat' dir='ltr'><strong>Generalinm‚</strong></span> <span class='ocrx_word' id='word_1_200' title='bbox 558 2601 640 2661; x_wconf 88' lang='lat' dir='ltr'><strong>Puta</strong></span> <span class='ocrx_word' id='word_1_201' title='bbox 648 2600 745 2661; x_wconf 89' lang='lat' dir='ltr'><strong>Ducis</strong></span> <span class='ocrx_word' id='word_1_202' title='bbox 758 2601 879 2675; x_wconf 85' lang='lat' dir='ltr'><strong>Snvclli,</strong></span> <span class='ocrx_word' id='word_1_203' title='bbox 892 2599 1089 2676; x_wconf 86' lang='lat' dir='ltr'><strong>Enchenfort,</strong></span> <span class='ocrx_word' id='word_1_204' title='bbox 1100 2609 1130 2662; x_wconf 85' lang='lat' dir='ltr'><strong>et</strong></span> <span class='ocrx_word' id='word_1_205' title='bbox 1139 2602 1321 2683; x_wconf 86' lang='lat' dir='ltr'><strong>Sperreuter.</strong></span> <span class='ocrx_word' id='word_1_206' title='bbox 1351 2601 1526 2667; x_wconf 80' lang='lat' dir='ltr'><strong>straverant</strong></span> 
     </span>
    </p>

    <p class='ocr_par' dir='ltr' id='par_1_8' title="bbox 173 2695 1525 2778">
     <span class='ocr_line' id='line_1_25' title="bbox 173 2695 1525 2778; baseline 0.002 -22"><span class='ocrx_word' id='word_1_207' title='bbox 173 2745 181 2763; x_wconf 39' lang='grc' dir='ltr'><strong>ι</strong></span> <span class='ocrx_word' id='word_1_208' title='bbox 340 2697 436 2778; x_wconf 85' lang='lat' dir='ltr'><strong>primb</strong></span> <span class='ocrx_word' id='word_1_209' title='bbox 450 2699 545 2758; x_wconf 90' lang='lat' dir='ltr'><strong>nostri</strong></span> <span class='ocrx_word' id='word_1_210' title='bbox 559 2698 598 2757; x_wconf 90' lang='lat' dir='ltr'><strong>ad</strong></span> <span class='ocrx_word' id='word_1_211' title='bbox 612 2695 836 2758; x_wconf 82' lang='lat' dir='ltr'><strong>Rheinseldinm</strong></span> <span class='ocrx_word' id='word_1_212' title='bbox 853 2697 979 2772; x_wconf 86' lang='lat' dir='ltr'><strong>hostem,</strong></span> <span class='ocrx_word' id='word_1_213' title='bbox 993 2697 1047 2758; x_wconf 87' lang='lat' dir='ltr'><strong>sed</strong></span> <span class='ocrx_word' id='word_1_214' title='bbox 1063 2717 1134 2758; x_wconf 86' lang='lat' dir='ltr'><strong>curn</strong></span> <span class='ocrx_word' id='word_1_215' title='bbox 1151 2697 1330 2759; x_wconf 68' lang='lat' dir='ltr'><strong>betachde</strong></span> <span class='ocrx_word' id='word_1_216' title='bbox 1342 2697 1437 2759; x_wconf 78' lang='lat' dir='ltr'><strong>libere</strong></span> <span class='ocrx_word' id='word_1_217' title='bbox 1449 2699 1525 2760; x_wconf 92' lang='lat' dir='ltr'><strong>nim·</strong></span> 
     </span>
    </p>

    <p class='ocr_par' dir='ltr' id='par_1_9' title="bbox 209 2793 1525 2876">
     <span class='ocr_line' id='line_1_26' title="bbox 209 2793 1525 2876; baseline 0.002 -23"><span class='ocrx_word' id='word_1_218' title='bbox 209 2793 220 2804; x_wconf 76' lang='grc'><strong>“</strong></span> <span class='ocrx_word' id='word_1_219' title='bbox 340 2794 403 2854; x_wconf 89' lang='lat' dir='ltr'><strong>ium</strong></span> <span class='ocrx_word' id='word_1_220' title='bbox 423 2793 509 2854; x_wconf 89' lang='lat' dir='ltr'><strong>miles</strong></span> <span class='ocrx_word' id='word_1_221' title='bbox 528 2803 629 2854; x_wconf 87' lang='lat' dir='ltr'><strong>noster</strong></span> <span class='ocrx_word' id='word_1_222' title='bbox 645 2793 754 2875; x_wconf 86' lang='lat' dir='ltr'><strong>partim</strong></span> <span class='ocrx_word' id='word_1_223' title='bbox 770 2793 811 2853; x_wconf 89' lang='lat' dir='ltr'><strong>ad</strong></span> <span class='ocrx_word' id='word_1_224' title='bbox 825 2794 952 2873; x_wconf 73' lang='lat' dir='ltr'><strong>praedas,</strong></span> <span class='ocrx_word' id='word_1_225' title='bbox 969 2793 1079 2874; x_wconf 87' lang='lat' dir='ltr'><strong>purtim</strong></span> <span class='ocrx_word' id='word_1_226' title='bbox 1097 2794 1138 2854; x_wconf 87' lang='lat' dir='ltr'><strong>ad</strong></span> <span class='ocrx_word' id='word_1_227' title='bbox 1155 2794 1285 2873; x_wconf 84' lang='lat' dir='ltr'><strong>quietem</strong></span> <span class='ocrx_word' id='word_1_228' title='bbox 1299 2794 1371 2868; x_wconf 87' lang='lat' dir='ltr'><strong>abit,</strong></span> <span class='ocrx_word' id='word_1_229' title='bbox 1390 2795 1525 2876; x_wconf 82' lang='lat' dir='ltr'><strong>viresque</strong></span> 
     </span>
    </p>

    <p class='ocr_par' dir='ltr' id='par_1_10' title="bbox 339 2889 1524 2973">
     <span class='ocr_line' id='line_1_27' title="bbox 339 2889 1524 2973; baseline 0.001 -21"><span class='ocrx_word' id='word_1_230' title='bbox 339 2893 450 2953; x_wconf 71' lang='lat' dir='ltr'><strong>temere</strong></span> <span class='ocrx_word' id='word_1_231' title='bbox 463 2889 620 2973; x_wconf 78' lang='lat' dir='ltr'><strong>dispergit,</strong></span> <span class='ocrx_word' id='word_1_232' title='bbox 634 2890 751 2971; x_wconf 84' lang='lat' dir='ltr'><strong>colligit</strong></span> <span class='ocrx_word' id='word_1_233' title='bbox 763 2889 883 2951; x_wconf 87' lang='lat' dir='ltr'><strong>interim</strong></span> <span class='ocrx_word' id='word_1_234' title='bbox 897 2890 991 2951; x_wconf 83' lang='lat' dir='ltr'><strong>hostis</strong></span> <span class='ocrx_word' id='word_1_235' title='bbox 1005 2908 1076 2951; x_wconf 89' lang='lat' dir='ltr'><strong>cum</strong></span> <span class='ocrx_word' id='word_1_236' title='bbox 1093 2889 1190 2950; x_wconf 88' lang='lat' dir='ltr'><strong>milite</strong></span> <span class='ocrx_word' id='word_1_237' title='bbox 1202 2891 1327 2964; x_wconf 89' lang='lat' dir='ltr'><strong>animos,</strong></span> <span class='ocrx_word' id='word_1_238' title='bbox 1342 2899 1372 2950; x_wconf 90' lang='lat' dir='ltr'><strong>et</strong></span> <span class='ocrx_word' id='word_1_239' title='bbox 1385 2893 1524 2953; x_wconf 76' lang='lat' dir='ltr'><strong>renovati</strong></span> 
     </span>
    </p>

    <p class='ocr_par' dir='ltr' id='par_1_11' title="bbox 286 2985 1523 3070">
     <span class='ocr_line' id='line_1_28' title="bbox 286 2985 1523 3070; baseline 0.002 -25"><span class='ocrx_word' id='word_1_240' title='bbox 286 3020 295 3045; x_wconf 70' lang='grc' dir='ltr'><strong>ι</strong></span> <span class='ocrx_word' id='word_1_241' title='bbox 340 2987 452 3070; x_wconf 72' lang='lat' dir='ltr'><strong>pugni,</strong></span> <span class='ocrx_word' id='word_1_242' title='bbox 474 2987 644 3067; x_wconf 72' lang='lat' dir='ltr'><strong>turpissime</strong></span> <span class='ocrx_word' id='word_1_243' title='bbox 662 3005 712 3048; x_wconf 89' lang='lat' dir='ltr'><strong>eos</strong></span> <span class='ocrx_word' id='word_1_244' title='bbox 729 2986 841 3062; x_wconf 80' lang='lat' dir='ltr'><strong>fundit,</strong></span> <span class='ocrx_word' id='word_1_245' title='bbox 862 2986 881 3046; x_wconf 77' lang='lat' dir='ltr'><strong>h</strong></span> <span class='ocrx_word' id='word_1_246' title='bbox 899 2986 1007 3066; x_wconf 82' lang='lat' dir='ltr'><strong>quibus</strong></span> <span class='ocrx_word' id='word_1_247' title='bbox 1026 2986 1116 3067; x_wconf 86' lang='lat' dir='ltr'><strong>paulb</strong></span> <span class='ocrx_word' id='word_1_248' title='bbox 1131 2995 1201 3046; x_wconf 87' lang='lat' dir='ltr'><strong>ante</strong></span> <span class='ocrx_word' id='word_1_249' title='bbox 1217 2986 1301 3047; x_wconf 78' lang='lat' dir='ltr'><strong>fusus</strong></span> <span class='ocrx_word' id='word_1_250' title='bbox 1318 2985 1436 3061; x_wconf 72' lang='lat' dir='ltr'><strong>fuerat}</strong></span> <span class='ocrx_word' id='word_1_251' title='bbox 1456 3008 1523 3048; x_wconf 79' lang='lat' dir='ltr'><strong>mor</strong></span> 
     </span>
    </p>

    <p class='ocr_par' dir='ltr' id='par_1_12' title="bbox 339 3082 1522 3164">
     <span class='ocr_line' id='line_1_29' title="bbox 339 3082 1522 3164; baseline 0.002 -20"><span class='ocrx_word' id='word_1_252' title='bbox 339 3083 574 3158; x_wconf 84' lang='lat' dir='ltr'><strong>Rheinleldiam‚</strong></span> <span class='ocrx_word' id='word_1_253' title='bbox 586 3103 656 3144; x_wconf 91' lang='lat' dir='ltr'><strong>cum</strong></span> <span class='ocrx_word' id='word_1_254' title='bbox 666 3083 696 3143; x_wconf 87' lang='lat' dir='ltr'><strong>ei</strong></span> <span class='ocrx_word' id='word_1_255' title='bbox 705 3084 839 3144; x_wconf 86' lang='lat' dir='ltr'><strong>succurri</strong></span> <span class='ocrx_word' id='word_1_256' title='bbox 848 3082 928 3143; x_wconf 88' lang='lat' dir='ltr'><strong>haud</strong></span> <span class='ocrx_word' id='word_1_257' title='bbox 937 3090 1043 3162; x_wconf 63' lang='lat' dir='ltr'><strong>ponet,</strong></span> <span class='ocrx_word' id='word_1_258' title='bbox 1053 3083 1093 3144; x_wconf 90' lang='lat' dir='ltr'><strong>ad</strong></span> <span class='ocrx_word' id='word_1_259' title='bbox 1106 3083 1289 3144; x_wconf 89' lang='lat' dir='ltr'><strong>deditionem</strong></span> <span class='ocrx_word' id='word_1_260' title='bbox 1297 3085 1388 3164; x_wconf 82' lang='lat' dir='ltr'><strong>cogit.</strong></span> <span class='ocrx_word' id='word_1_261' title='bbox 1423 3083 1522 3157; x_wconf 83' lang='lat' dir='ltr'><strong>Quan-</strong></span> 
     </span>
    </p>

    <p class='ocr_par' dir='ltr' id='par_1_13' title="bbox 339 3177 1520 3261">
     <span class='ocr_line' id='line_1_30' title="bbox 339 3177 1520 3261; baseline 0.003 -22"><span class='ocrx_word' id='word_1_262' title='bbox 339 3178 370 3239; x_wconf 79' lang='lat' dir='ltr'><strong>to</strong></span> <span class='ocrx_word' id='word_1_263' title='bbox 383 3178 449 3239; x_wconf 77' lang='lat' dir='ltr'><strong>hac</strong></span> <span class='ocrx_word' id='word_1_264' title='bbox 458 3180 545 3241; x_wconf 91' lang='lat' dir='ltr'><strong>nobis</strong></span> <span class='ocrx_word' id='word_1_265' title='bbox 556 3179 655 3240; x_wconf 82' lang='lat' dir='ltr'><strong>clades</strong></span> <span class='ocrx_word' id='word_1_266' title='bbox 665 3178 722 3240; x_wconf 86' lang='lat' dir='ltr'><strong>fnit</strong></span> <span class='ocrx_word' id='word_1_267' title='bbox 734 3177 954 3240; x_wconf 79' lang='lat' dir='ltr'><strong>lamentabilius</strong></span> <span class='ocrx_word' id='word_1_268' title='bbox 962 3180 1002 3239; x_wconf 92' lang='lat' dir='ltr'><strong>ob</strong></span> <span class='ocrx_word' id='word_1_269' title='bbox 1010 3186 1160 3241; x_wconf 80' lang='lat' dir='ltr'><strong>tentorum</strong></span> <span class='ocrx_word' id='word_1_270' title='bbox 1169 3179 1303 3240; x_wconf 82' lang='lat' dir='ltr'><strong>virorum</strong></span> <span class='ocrx_word' id='word_1_271' title='bbox 1311 3180 1520 3261; x_wconf 80' lang='lat' dir='ltr'><strong>captivitatem,</strong></span> 
     </span>
    </p>

    <p class='ocr_par' dir='ltr' id='par_1_14' title="bbox 337 3273 1519 3434">
     <span class='ocr_line' id='line_1_31' title="bbox 338 3273 1519 3357; baseline 0.004 -22"><span class='ocrx_word' id='word_1_272' title='bbox 338 3275 423 3336; x_wconf 84' lang='lat' dir='ltr'><strong>tontb</strong></span> <span class='ocrx_word' id='word_1_273' title='bbox 432 3275 530 3336; x_wconf 76' lang='lat' dir='ltr'><strong>lectior</strong></span> <span class='ocrx_word' id='word_1_274' title='bbox 539 3275 650 3337; x_wconf 86' lang='lat' dir='ltr'><strong>accidit</strong></span> <span class='ocrx_word' id='word_1_275' title='bbox 659 3275 810 3356; x_wconf 88' lang='lat' dir='ltr'><strong>illaquam</strong></span> <span class='ocrx_word' id='word_1_276' title='bbox 821 3273 904 3335; x_wconf 85' lang='lat' dir='ltr'><strong>Galli</strong></span> <span class='ocrx_word' id='word_1_277' title='bbox 911 3275 950 3335; x_wconf 84' lang='lat' dir='ltr'><strong>ab</strong></span> <span class='ocrx_word' id='word_1_278' title='bbox 962 3273 1108 3355; x_wconf 85' lang='lat' dir='ltr'><strong>Hispanis</strong></span> <span class='ocrx_word' id='word_1_279' title='bbox 1119 3275 1249 3357; x_wconf 86' lang='lat' dir='ltr'><strong>perpessi</strong></span> <span class='ocrx_word' id='word_1_280' title='bbox 1258 3276 1370 3337; x_wconf 90' lang='lat' dir='ltr'><strong>suntin</strong></span> <span class='ocrx_word' id='word_1_281' title='bbox 1379 3277 1519 3340; x_wconf 89' lang='lat' dir='ltr'><strong>solutione</strong></span> 
     </span>
     <span class='ocr_line' id='line_1_32' title="bbox 337 3370 710 3434; baseline -0.008 0"><span class='ocrx_word' id='word_1_282' title='bbox 337 3370 500 3434; x_wconf 88' lang='lat' dir='ltr'><strong>obsidionis</strong></span> <span class='ocrx_word' id='word_1_283' title='bbox 514 3371 710 3432; x_wconf 84' lang='lat' dir='ltr'><strong>Fontarabisc.</strong></span> 
     </span>
    </p>

    <p class='ocr_par' dir='ltr' id='par_1_15' title="bbox 381 3467 1517 3552">
     <span class='ocr_line' id='line_1_33' title="bbox 381 3467 1517 3552; baseline 0.004 -25"><span class='ocrx_word' id='word_1_284' title='bbox 381 3467 562 3528; x_wconf 79' lang='lat' dir='ltr'><strong>Excurterat</strong></span> <span class='ocrx_word' id='word_1_285' title='bbox 575 3468 722 3548; x_wconf 88' lang='lat' dir='ltr'><strong>Princeps</strong></span> <span class='ocrx_word' id='word_1_286' title='bbox 735 3467 887 3528; x_wconf 76' lang='lat' dir='ltr'><strong>Condaeus</strong></span> <span class='ocrx_word' id='word_1_287' title='bbox 899 3477 968 3529; x_wconf 85' lang='lat' dir='ltr'><strong>auto</strong></span> <span class='ocrx_word' id='word_1_288' title='bbox 981 3486 1092 3548; x_wconf 81' lang='lat' dir='ltr'><strong>paucos</strong></span> <span class='ocrx_word' id='word_1_289' title='bbox 1108 3488 1234 3545; x_wconf 87' lang='lat' dir='ltr'><strong>menses,</strong></span> <span class='ocrx_word' id='word_1_290' title='bbox 1247 3486 1316 3530; x_wconf 89' lang='lat' dir='ltr'><strong>cum</strong></span> <span class='ocrx_word' id='word_1_291' title='bbox 1330 3469 1439 3552; x_wconf 86' lang='lat' dir='ltr'><strong>viginti</strong></span> <span class='ocrx_word' id='word_1_292' title='bbox 1450 3491 1517 3551; x_wconf 90' lang='lat' dir='ltr'><strong>qna·</strong></span> 
     </span>
    </p>

    <p class='ocr_par' dir='ltr' id='par_1_16' title="bbox 338 3563 1514 3648">
     <span class='ocr_line' id='line_1_34' title="bbox 338 3563 1514 3648; baseline 0.002 -24"><span class='ocrx_word' id='word_1_293' title='bbox 338 3571 407 3625; x_wconf 88' lang='lat' dir='ltr'><strong>tuor</strong></span> <span class='ocrx_word' id='word_1_294' title='bbox 419 3563 550 3625; x_wconf 91' lang='lat' dir='ltr'><strong>militnm</strong></span> <span class='ocrx_word' id='word_1_295' title='bbox 563 3565 705 3640; x_wconf 89' lang='lat' dir='ltr'><strong>millibus,</strong></span> <span class='ocrx_word' id='word_1_296' title='bbox 719 3565 855 3643; x_wconf 88' lang='lat' dir='ltr'><strong>equitum</strong></span> <span class='ocrx_word' id='word_1_297' title='bbox 868 3565 987 3645; x_wconf 85' lang='lat' dir='ltr'><strong>partim,</strong></span> <span class='ocrx_word' id='word_1_298' title='bbox 1002 3565 1111 3646; x_wconf 86' lang='lat' dir='ltr'><strong>partim</strong></span> <span class='ocrx_word' id='word_1_299' title='bbox 1128 3565 1263 3646; x_wconf 89' lang='lat' dir='ltr'><strong>peditum</strong></span> <span class='ocrx_word' id='word_1_300' title='bbox 1280 3567 1312 3626; x_wconf 89' lang='lat' dir='ltr'><strong>in</strong></span> <span class='ocrx_word' id='word_1_301' title='bbox 1334 3565 1514 3648; x_wconf 86' lang='lat' dir='ltr'><strong>Hispaniam,</strong></span> 
     </span>
    </p>

    <p class='ocr_par' dir='ltr' id='par_1_17' title="bbox 339 3659 1516 3745">
     <span class='ocr_line' id='line_1_35' title="bbox 339 3659 1516 3745; baseline 0.001 -22"><span class='ocrx_word' id='word_1_302' title='bbox 339 3661 533 3744; x_wconf 85' lang='lat' dir='ltr'><strong>felicibusque</strong></span> <span class='ocrx_word' id='word_1_303' title='bbox 550 3661 689 3743; x_wconf 87' lang='lat' dir='ltr'><strong>auspiciis</strong></span> <span class='ocrx_word' id='word_1_304' title='bbox 700 3661 767 3743; x_wconf 85' lang='lat' dir='ltr'><strong>jam</strong></span> <span class='ocrx_word' id='word_1_305' title='bbox 780 3659 882 3742; x_wconf 88' lang='lat' dir='ltr'><strong>aliqua</strong></span> <span class='ocrx_word' id='word_1_306' title='bbox 897 3661 963 3723; x_wconf 87' lang='lat' dir='ltr'><strong>loca</strong></span> <span class='ocrx_word' id='word_1_307' title='bbox 975 3672 1005 3723; x_wconf 90' lang='lat' dir='ltr'><strong>et</strong></span> <span class='ocrx_word' id='word_1_308' title='bbox 1021 3671 1123 3745; x_wconf 85' lang='lat' dir='ltr'><strong>portus</strong></span> <span class='ocrx_word' id='word_1_309' title='bbox 1136 3662 1352 3724; x_wconf 87' lang='lat' dir='ltr'><strong>commodiores</strong></span> <span class='ocrx_word' id='word_1_310' title='bbox 1370 3663 1402 3724; x_wconf 90' lang='lat' dir='ltr'><strong>in</strong></span> <span class='ocrx_word' id='word_1_311' title='bbox 1415 3663 1516 3724; x_wconf 84' lang='lat' dir='ltr'><strong>dediti·</strong></span> 
     </span>
    </p>
   </div>
   <div class='ocr_carea' id='block_1_5' title="bbox 0 0 1618 4700">
    <p class='ocr_par' dir='ltr' id='par_1_18' title="bbox 0 0 1618 4700">
     <span class='ocr_line' id='line_1_36' title="bbox 0 0 1618 4700; baseline 0 0"><span class='ocrx_word' id='word_1_312' title='bbox 0 0 1618 4700; x_wconf 95' lang='lat' dir='ltr'><strong> </strong></span> 
     </span>
    </p>
   </div>
  </div>
 </body>
</html>
