3225 4700
678 339 763 404 90
1450 329 2267 403 ITINERARIUM.

676 505 867 548 sarem
920 492 981 545 et
1023 482 1395 545 Caesarianos
1441 482 1830 546 Consiliarios
1879 485 2226 547 transmisit.
2331 485 2474 549 Hoc
2527 488 2733 551 eodem
2783 497 3131 572 tempor-e

681 583 944 644 Saxones
969 600 1044 642 ex
1069 580 1347 641 omnibus
1371 578 1550 641 Albis
1574 580 1777 644 Fluvii
1801 583 2087 664 portubus
2113 582 2399 645 Suedicos
2426 584 2644 647 milites
2667 585 2999 668 pepulere.

1480 1157 1865 1233 CAPUT
1937 1160 2245 1235 XXIV.

1164 1334 1272 1402 De
1297 1336 1696 1404 ulterioribus
1726 1336 2109 1405 Saoce-ssibus
2133 1352 2349 1407 emetra
2381 1341 2620 1409 Succos.

1045 1695 1049 1703 Ι
1081 1631 1119 1699 sp
1149 1615 1173 1644 '¹
1234 1621 1593 1683 Generalem
1623 1617 1833 1682 Gallae
1861 1630 2070 1681 contra
2096 1621 2454 1684 Bannirium
2486 1644 2674 1705 nuper
2698 1627 2732 1685 ὲ
2762 1625 3060 1706 Burgun-

937 1739 942 1760 ¹
1230 1718 1332 1780 dia
1363 1728 1696 1791 evocatum,
1726 1737 1853 1779 rem
1884 1720 2123 1781 strenue
2153 1738 2365 1801 agere3
2406 1720 2753 1801 videretque
2785 1720 3061 1782 Serenia-

760 1872 792 1904 ,,
1093 1876 1113 1904 ,ὦ
1153 1825 1169 1852 ’“
1229 1820 1445 1881 simum
1469 1813 1868 1896 Lotharingiae
1892 1815 2129 1877 Ducem
2156 1814 2461 1890 Carolum,
2486 1836 2626 1877 cum
2648 1815 3057 1878 Picolominio

716 1932 720 1940 '
772 1952 776 1956 -
1228 1924 1437 1977 contra
1479 1910 1747 1973 Gallicas
1788 1911 1989 1992 copias
2029 1911 2272 1973 aliunde
2311 1912 2686 1991 impeditum,
2725 1915 2804 1974 ad
2846 1912 3054 1973 Rheni

673 2009 831 2090 ripas
860 2030 922 2071 se
952 2021 1326 2092 quantocyus
1361 2006 1673 2081 convertit,
1713 2015 1782 2068 ut
1815 2006 2067 2069 militem
2102 2027 2299 2082 suum,
2336 2008 2541 2069 multis
2578 2009 2720 2070 belli
2755 2009 3053 2090 famisque

669 2106 1106 2169 calamitatibus
1122 2106 1464 2190 fatigatum,
1489 2102 1554 2163 in
1575 2101 1857 2164 Bavariae
1878 2104 2163 2183 partibus,
2187 2104 2290 2165 ubi
2317 2104 2541 2166 sciebat
2561 2124 2758 2167 rerum
2778 2107 3050 2167 omnium

671 2201 1032 2264 affluentiam
1072 2203 1253 2264 etiam
1283 2220 1445 2262 nunc
1480 2200 1561 2261 ad
1585 2198 1815 2260 victum
1848 2208 2180 2281 suppetere,
2208 2200 2484 2262 nonnihil
2517 2210 2841 2264 recrearet:
2883 2204 3052 2264 exci-
3111 2199 3118 2206 ’

669 2305 794 2360 tato
831 2298 1030 2380 itaque
1071 2306 1248 2381 ponte
1285 2295 1506 2372 navali,
1545 2296 1627 2358 ad
1665 2314 1845 2376 quem
1885 2295 2417 2378 Argentoratenses
2455 2296 2619 2374 hinc,
2656 2298 2832 2361 istinc
2868 2298 3048 2361 Basi-

670 2394 895 2456 leenses
919 2395 1226 2478 egregiam
1254 2413 1428 2475 opem
1459 2401 1520 2455 et
1541 2411 1781 2474 operam
1811 2393 2211 2469 contulerunt,
2239 2394 2475 2456 summa
2501 2415 2641 2456 cum
2673 2395 3047 2457 festinatione

668 2489 825 2552 inter
848 2491 1166 2553 Brisacum
1184 2498 1246 2552 et
1265 2489 1665 2573 Argentinam
1688 2487 1978 2570 Legiones
2002 2488 2232 2569 aliquot
2255 2492 2524 2572 equitum
2544 2489 2906 2567 transmisit3
2939 2512 3047 2575 ag-

667 2607 1017 2671 gressusque
1037 2608 1111 2649 ex
1131 2586 1429 2669 insperato
1455 2586 1722 2666 quinque
1744 2584 2034 2667 Legiones
2056 2586 2168 2646 snb
2190 2587 2367 2648 Duce
2386 2587 2433 2650 J
2435 2607 2625 2649 oanne
2643 2588 2721 2649 de
2739 2586 2952 2648 Werth
2977 2589 3040 2649 in

667 2705 825 2768 pag-o
860 2685 1123 2766 quodam
1164 2683 1292 2744 sine
1330 2681 1514 2742 hostis
1551 2690 1720 2742 metu
1756 2680 2141 2754 diversantes,
2180 2682 2342 2744 fudit
2378 2682 2745 2765 fugavitque.
2851 2683 3042 2764 Cujus

665 2781 858 2843 cladis
883 2781 1139 2842 nuncius
1163 2787 1233 2840 ut
1251 2777 1510 2859 primum
1535 2777 1617 2838 ad
1634 2775 1681 2838 J
1685 2775 1895 2836 oannis
1914 2776 2174 2838 Werthii
2196 2798 2368 2840 aures
2393 2779 2604 2840 allatus
2628 2788 2737 2854 est,
2759 2799 2899 2840 mox
2922 2779 3039 2841 col-

669 2869 824 2938 lecto
861 2877 1127 2957 equitatu
1161 2873 1395 2957 magnis
1434 2871 1743 2934 itineribus
1779 2881 1991 2934 contra
2025 2872 2255 2935 homin
2301 2875 2588 2950 excurrit,
2632 2876 2696 2936 111
2734 2893 2911 2956 quem
2954 2875 3039 2936 nil

667 2973 868 3033 minus
889 2973 1073 3052 quam
1099 2971 1175 3032 de
1196 2968 1548 3031 adversariis
1577 2967 1959 3048 cogitantem,
1972 2969 2221 3050 jamque
2246 2969 2474 3050 aliquot
2494 2969 2827 3054 Legionum
2852 2980 3037 3032 exter-

671 3068 1025 3130 minatorem
1038 3067 1232 3143 irruit,
1250 3065 1430 3128 tantis
1454 3063 1690 3139 animis,
1718 3073 1781 3125 ut
1804 3064 1999 3147 primo
2016 3066 2216 3128 statim
2244 3065 2467 3148 impetu
2488 3076 2738 3148 quatuor
2754 3067 3036 3149 1103101100

667 3162 1068 3225 internecione
1105 3163 1412 3234 deleverit,
1450 3161 1749 3241 reliquum
1786 3172 1987 3225 autem
2024 3162 2252 3225 hostem
2292 3163 2356 3223 10
2395 3163 2799 3244 turpissimam
2836 3163 3031 3246 fugam

669 3259 1012 3340 conjecerit,
1041 3260 1418 3342 co‘e'geritque
1448 3258 1526 3319 ad
1558 3258 2094 3340 propugnaculum,
2122 3259 2286 3340 quod
2310 3279 2386 3320 ex
2413 3259 2527 3320 hac
2554 3258 2757 3321 Rheni
2785 3268 2946 3340 parte
2970 3258 3030 3319 in

668 3353 838 3416 aditu
851 3356 1048 3435 pontis
1065 3365 1203 3417 ante
1216 3356 1580 3418 excitaverat
1594 3356 1859 3436 recipere
1884 3375 2173 3438 gressum,
2195 3375 2266 3416 ac
2288 3376 2409 3417 non
2434 3355 2628 3419 multo
2646 3364 2776 3437 post
2800 3364 3029 3436 accepto

668 3449 708 3511 a
751 3449 1152 3534 Lotharingioe
1195 3451 1370 3512 Duce
1409 3450 1675 3531 quinque
1710 3451 1971 3514 millium
2008 3472 2314 3527 succursu,
2353 3452 2418 3513 in
2456 3452 2802 3515 ulteriorem
2841 3451 3026 3514 Rheni

667 3546 862 3628 ripam
888 3547 1049 3608 unde
1069 3556 1312 3609 venerat
1335 3547 1529 3609 redire
1555 3566 1676 3607 non
1702 3547 1832 3608 sine
1857 3547 2146 3630 sanguine
2171 3547 2546 3631 compulerit.
2615 3547 2828 3611 Mense
2844 3549 2891 3612 J
2894 3548 3026 3610 unio

669 3642 1070 3726 Lotharingus
1092 3653 1154 3706 et
1181 3642 1459 3705 Marchio
1483 3642 1561 3705 de
1587 3641 1657 3705 S.
1677 3641 1948 3707 Martino
1968 3664 2092 3706 rem
2119 3647 2356 3708 strenue
2381 3655 2634 3728 egerunt
2652 3654 2862 3709 contra
2887 3645 3025 3708 Gal·
