3225 4700
484 347 506 413 I
510 347 567 413 l'l
571 346 792 416 NERARI
799 348 886 414 ΠΜ.
1228 350 1287 414 169

74 496 202 557 ludum
215 499 308 579 patris
320 498 433 562 factam
448 499 559 563 imitari
572 500 692 577 vellent,
703 511 821 584 arrepto
831 500 927 563 cultro
936 500 990 582 qni
1001 500 1151 563 lanionem
1164 511 1285 563 acturus

74 602 152 653 erat
163 594 298 658 advocat
310 596 431 659 irenem
441 597 598 672 minorem,
611 599 664 679 qni
677 598 823 660 infantem
836 597 934 660 adhuc
948 598 979 659 in
993 597 1094 659 fasciis
1102 618 1193 680 snpra
1201 618 1284 659 men·

76 709 152 750 aem
176 690 361 772 depositum,
383 714 439 755 cen
459 693 624 775 porcellum
645 704 756 767 teneat,
778 694 841 775 ipse
860 694 980 756 interim
997 694 1104 755 adacto
1121 695 1154 755 in
1172 692 1282 756 collum

78 784 203 861 cultro,
219 789 396 870 sanguinem
412 789 531 851 minimi
547 790 699 852 fraterculi
714 790 762 851 sui
778 790 890 870 excipit
904 790 936 851 in
949 790 1116 864 feramina,
1129 799 1164 853 ut
1174 790 1281 864 siebat,

79 884 424 963 posteaatllribendnm.
452 886 632 967 Supervenit
645 886 836 969 postcadem
847 886 1283 967 pater,attonitnsquenlriqne

80 980 247 1041 innocenti
266 979 430 1043 fratricidae
451 992 585 1044 extrema
606 983 748 1056 minatur,
772 981 804 1041 hi
826 1002 897 1042 vero
918 982 992 1043 dam
1012 982 1133 1063 iirgiunt
1153 982 1284 1063 parentis

82 1076 249 1150 saevitiam,
262 1097 325 1139 sese
338 1076 371 1137 in
384 1077 507 1139 furnum
519 1080 648 1160 jamjam
659 1099 714 1161 pro
728 1078 873 1159 pinsendo
891 1098 968 1159 pane
986 1078 1219 1139 cdefflciendnm
1232 1080 1283 1139 ab·

83 1172 179 1234 dunt.
211 1172 312 1235 Mater
323 1173 443 1235 interim
456 1175 562 1257 ignara
571 1194 672 1237 rerum
680 1175 816 1236 omnium
829 1174 926 1235 subito
936 1174 1028 1256 lignis
1039 1175 1140 1255 ignem
1151 1176 1282 1256 subjicit,

84 1276 181 1348 atqne
201 1270 242 1331 ad
257 1269 384 1331 farinam
401 1291 487 1332 snam
501 1284 533 1334 et
550 1291 625 1353 opus
641 1271 730 1346 redit,
749 1271 856 1351 ignara
868 1290 960 1351 quam
973 1270 1064 1333 chara
1081 1270 1138 1331 sibi
1156 1271 1282 1352 pignora

84 1362 219 1426 laterent
240 1366 272 1425 in
295 1365 397 1439 furno,
419 1376 509 1448 atqua
529 1367 574 1429 ita
594 1375 755 1446 utrumqne
777 1364 876 1427 filium
896 1375 1077 1427 concremat.
1124 1365 1283 1428 Intellecto

85 1481 161 1521 vero
181 1482 245 1523 non
265 1461 362 1524 mnlto
382 1474 448 1543 post
467 1483 566 1524 errore
585 1472 618 1524 et
636 1462 822 1525 lamentabili
846 1482 917 1523 casn
940 1462 1058 1523 minimi
1081 1482 1201 1544 qnoque
1225 1462 1282 1523 lilii

86 1556 321 1639 desperabnnda
338 1560 370 1620 in
389 1568 512 1641 putenm
530 1580 663 1641 praeceps
679 1559 751 1631 abit,
769 1558 904 1620 miserias
921 1578 989 1620 snas
1006 1568 1041 1620 nt
1056 1560 1181 1640 putabat
1198 1558 1282 1620 brevi

87 1666 241 1716 tormento
253 1654 386 1717 linitura.
418 1655 503 1729 Quid
515 1654 566 1718 lric
579 1664 682 1738 ageret
693 1654 799 1716 infelix
812 1654 1023 1736 paterfamilias
1036 1655 1090 1734 qui
1103 1674 1179 1736 pene
1193 1674 1284 1717 causa

87 1749 190 1812 inerat
201 1759 233 1813 et
245 1751 374 1813 dnornm
386 1751 520 1814 liliorum
533 1762 564 1815 et
572 1752 676 1813 manis
688 1750 793 1812 mortis
802 1770 873 1812 cnm
883 1768 914 1811 ae
925 1750 1003 1810 vidit
1013 1759 1043 1810 et
1054 1770 1144 1811 nxore
1153 1760 1184 1812 et
1192 1750 1283 1811 chara

88 1846 194 1909 sobole
206 1846 324 1921 orbam,
337 1846 437 1911 noluit
448 1848 492 1909 eis
503 1848 583 1910 ultra
594 1868 658 1909 esse
671 1856 819 1929 superstes
831 1867 840 1919 ς
862 1845 964 1907 abiens
977 1844 1073 1927 igitur
1088 1844 1195 1926 laqueo
1213 1846 1283 1907 sibi·

89 1952 156 2004 met
168 1943 270 2023 galam
284 1942 386 2025 fregit.

132 2038 234 2100 VIII.
254 2039 347 2102 Addo
359 2060 427 2122 qna
445 2041 564 2102 Drestae
581 2039 726 2101 accidisse
743 2038 883 2123 prodigia
899 2037 1101 2120 perhibentur.
1143 2036 1282 2099 Primum

92 2135 235 2215 estquod
250 2136 282 2195 in
297 2136 398 2198 Domo
413 2136 552 2199 lictorum
565 2136 711 2197 Praefecti
727 2136 825 2218 panis,
840 2154 930 2216 qnam
948 2144 1081 2195 recenter
1100 2136 1131 2197 in
1149 2155 1282 2197 mensam

92 2230 256 2295 attulerant
273 2230 388 2302 famuli,
402 2233 442 2293 ad
455 2232 583 2313 primam
596 2231 759 2293 sectionem
772 2231 918 2314 sanguine
936 2230 1120 2293 manaverit:
1141 2232 1182 2293 ad
1200 2232 1285 2293 nori·

93 2336 185 2389 tatem
193 2328 238 2390 rei
246 2327 388 2390 attonitus
397 2348 468 2390 cam
477 2326 691 2410 paterfamilias
703 2348 812 2411 panem
823 2326 912 2390 simul
921 2346 990 2389 cum
1003 2325 1098 2389 cultro
1107 2328 1140 2390 in
1151 2348 1283 2391 mensam

93 2425 248 2507 abjecisset
261 2434 396 2487 metuens
408 2425 612 2488 contaminare
630 2443 737 2486 crnore
754 2443 874 2497 manns,
891 2444 959 2485 mox
977 2424 1040 2505 ipsc
1053 2443 1171 2506 qnoque
1188 2425 1284 2487 culter

94 2523 272 2604 sangninem
283 2531 385 2605 guttas
396 2521 481 2584 velat
492 2522 631 2584 sudorem
645 2521 820 2602 protrudere
833 2521 922 2603 cepit.

134 2618 250 2680 Eodem
263 2637 355 2700 prope
366 2627 501 2699 tempora
513 2617 684 2680 institorum
694 2616 845 2678 Praefecto
859 2615 956 2698 pultes
969 2615 1001 2676 in
1013 2616 1191 2698 sanguinem
1204 2616 1283 2678 abie-

95 2723 175 2776 runt.
204 2715 280 2777 Vico
293 2713 416 2776 domino
427 2733 548 2795 quoqne
561 2733 666 2776 carnes
677 2714 754 2774 bene
767 2723 837 2774 ante
850 2722 881 2774 et
893 2713 947 2774 din
960 2712 1057 2788 elixae,
1072 2733 1141 2774 cnm
1155 2714 1187 2773 in
1201 2733 1284 2774 men·

95 2829 157 2870 sam
177 2809 269 2872 illatis
286 2820 385 2872 cuent
401 2820 432 2872 et
449 2810 585 2872 dissectae
606 2807 720 2870 iteratis
741 2808 858 2869 vicibus
878 2808 1050 2889 sangninem
1070 2818 1282 2889 apparuerunt.

96 2904 264 2986 Omniaque
280 2905 346 2968 haee
361 2905 447 2988 signa
462 2925 533 2966 mox
547 2905 580 2965 in
596 2904 711 2965 curiam
730 2911 891 2966 convocato
907 2903 1093 2985 magistratui
1108 2903 1199 2965 allata
1213 2914 1284 2966 sunt

95 3000 297 3081 inspicienda:
318 3022 380 3064 non
398 3001 495 3063 multo
515 3009 582 3082 post
599 3000 685 3062 fossra
702 3000 794 3062 etiam
813 2999 895 3062 urbis
912 3001 953 3060 ad
970 3011 1084 3081 portam
1102 3000 1282 3062 Pirnerrsem

95 3096 237 3179 sangnine
253 3097 344 3160 variis
359 3098 392 3160 in
407 3097 480 3160 locis
496 3097 672 3171 rabuerunt,
685 3096 770 3178 qnod
788 3096 869 3158 idem
887 3095 959 3158 alibi
977 3095 1178 3178 comparuisse
1195 3096 1282 3158 multi

96 3205 307 3256 mererarnnt.
