3225 4700
339 323 402 389 266
731 319 1136 388 ITINERARIUM.

341 475 400 537 nisi
416 475 480 536 dux
497 475 625 536 nimium
643 484 749 537 centus
766 475 937 537 retraxisset
953 473 1212 558 indignabundus,
1233 473 1318 536 forte
1336 471 1418 554 quia
1434 473 1555 553 sperabat

342 571 406 632 l'ore
425 579 458 632 ut
477 570 556 633 ultro
574 571 758 634 deditionem
779 572 924 643 swerent,
946 573 1023 634 forta
1042 572 1115 654 quia
1135 571 1270 632 nolebat
1290 580 1361 631 tam
1383 569 1556 630 nobilemet

342 666 467 728 charum
486 683 608 729 suornm
628 666 758 730 militurn
776 669 956 750 sanguinem
977 668 1122 730 funderet
1154 668 1293 729 Interea
1313 674 1349 728 et
1366 666 1393 728 ii
1412 667 1470 747 qui
1490 666 1556 726 iutra

341 763 453 826 moenia
467 771 562 840 erant,
575 781 667 844 seque
675 765 741 845 jam
754 765 794 826 ad
807 784 909 826 arcem
922 764 1005 826 velut
1021 764 1162 827 ultimum
1180 763 1316 846 asylum
1333 762 1491 824 retr-ahere
1505 783 1555 824 ce

341 869 459 942 perant,
474 861 536 922 imo
554 860 691 923 obtestati
709 863 829 923 fuerant
840 861 941 923 virum
958 862 1143 944 religiosum,
1157 871 1192 923 nt
1208 881 1272 922 ena
1284 859 1475 922 auctoritate
1488 880 1556 919 eom·

342 957 434 1019 moda
447 967 535 1038 pecta
553 958 636 1039 apud
653 957 827 1040 Hispanum
846 958 1030 1040 impetraret,
1049 957 1173 1040 ignaria
1191 957 1417 1020 obsidentium
1433 956 1498 1016 risa
1513 957 1555 1016 ob-

342 1061 517 1115 struxerunt
528 1061 621 1116 noctu
636 1055 720 1134 qnod
732 1054 866 1115 interdiu
884 1053 1045 1135 disjectum
1061 1054 1176 1125 fuerat;
1202 1063 1238 1115 et
1252 1053 1398 1116 Roseani
1411 1054 1466 1133 qni
1480 1053 1553 1114 Prid-

343 1147 443 1232 bergue
461 1151 502 1212 ad
520 1150 579 1212 buc
598 1149 807 1222 subsistebant,
826 1169 881 1232 pro
897 1149 1046 1212 solutione
1065 1151 1240 1213 obsidionis
1259 1151 1463 1212 adrenerunt
1478 1149 1553 1228 eqni

343 1246 451 1308 validis
467 1247 560 1308 armis
577 1265 669 1328 qnam
685 1246 806 1322 animis,
821 1247 861 1308 ad
878 1267 1008 1329 qnorum
1026 1257 1228 1328 conspectum
1250 1246 1397 1329 Hispani
1412 1265 1483 1307 mor
1501 1244 1553 1305 col·

341 1341 436 1414 lectis,
453 1353 488 1404 ut
506 1352 642 1425 poterant
659 1343 769 1424 panico
783 1363 876 1426 prope
892 1352 977 1404 metu
993 1343 1168 1422 exanimati,
1190 1344 1292 1415 vasis,
1314 1341 1474 1404 curriculo
1491 1341 1552 1402 inde

342 1439 549 1520 profugerunt,
558 1438 669 1500 relictis
679 1450 747 1521 post
756 1460 788 1501 se
801 1439 939 1501 omnibus
949 1439 1105 1502 tormentis
1116 1439 1249 1512 bellicis,
1258 1440 1378 1520 quibus
1391 1439 1481 1521 paulo
1490 1447 1550 1499 ante

342 1535 453 1596 moenia
470 1545 689 1597 concmseraut.
732 1535 810 1608 Quae
823 1535 948 1616 quidem
963 1536 1065 1597 omnia
1082 1557 1143 1598 uon
1159 1537 1229 1598 eine
1247 1537 1433 1618 turpissimo
1447 1535 1549 1617 probro

341 1630 373 1691 in
386 1629 516 1691 bostium
535 1649 641 1692 manus
659 1631 860 1706 devenissent,
871 1632 933 1693 nisi
944 1633 1061 1714 equites
1074 1633 1259 1716 Mogontini
1274 1633 1398 1695 bostem
1413 1632 1548 1711 tantisper

341 1725 561 1802 sustinuissent,
576 1727 676 1807 quoad
693 1728 755 1790 dno
773 1750 810 1790 ex
829 1729 889 1792 illis
907 1730 968 1792 alio
985 1730 1018 1792 in
1033 1729 1175 1792 tutiorem
1193 1728 1305 1791 locum
1320 1727 1414 1790 avebi
1426 1735 1547 1810 possent

345 1823 430 1884 Hinc
447 1833 482 1885 nt
499 1825 650 1885 creverint
664 1826 758 1887 animi
776 1825 911 1888 hostibus
926 1847 1054 1908 pronum
1069 1836 1115 1887 eet
1129 1826 1231 1887 cuivis
1245 1825 1396 1909 prudenti
1403 1824 1544 1904 judicare,

341 1921 422 1982 cene
437 1927 539 2001 postea
556 1921 621 1982 ausi
639 1930 709 1982 snut
726 1921 788 1996 ille,
803 1922 844 1983 ad
860 1942 928 2003 quer
945 1922 1029 2004 prim
1048 1943 1106 1984 nee
1123 1923 1351 2005 cogitationem
1369 1919 1543 2001 adjecerunt,

342 2015 434 2078 libere
448 2017 528 2078 enim
547 2025 619 2078 tunc
633 2016 737 2099 ltingt
755 2017 955 2099 Fridbergum
973 2028 1005 2080 et
1022 2017 1095 2080 binc
1107 2018 1186 2081 istuc
1200 2017 1397 2091 comeabaut,
1411 2031 1542 2076 excurre·

341 2113 415 2174 bant
428 2112 459 2174 in
473 2113 574 2175 vicina
590 2113 703 2193 oppida
719 2122 750 2174 et
762 2132 867 2195 pagos,
881 2113 1128 2197 depopulabnndi
1139 2115 1374 2197 prodebantur,
1388 2110 1543 2172 illudebant

341 2209 513 2271 edversario
525 2207 615 2269 militi
630 2217 692 2270 tam
708 2209 850 2290 prreclare
867 2209 985 2272 scilicet
1000 2211 1120 2272 urbium
1133 2208 1344 2292 expugnatori
1351 2231 1360 2279 ;
1380 2213 1539 2268 comeatum

341 2307 465 2390 iusuper
476 2327 532 2389 pro
548 2305 638 2368 libitu
656 2306 847 2383 invehebant,
862 2308 1160 2389 praeterquamquod
1176 2314 1337 2369 tormenta
1353 2303 1407 2365 illa
1420 2301 1482 2363 sine
1493 2319 1539 2360 cn·

338 2404 480 2485 jusquam
493 2402 728 2466 contradictione
738 2402 915 2477 crebebant,
924 2414 956 2465 et
968 2404 1000 2465 in
1011 2405 1187 2486 despectum
1198 2402 1401 2486 Mogontinre
1412 2398 1499 2471 urbis,
1510 2396 1537 2454 in

342 2510 505 2582 conspeetu
520 2520 597 2582 pene
615 2501 729 2562 civium
747 2510 778 2563 et
790 2501 924 2563 militum
936 2510 1086 2563 tormenta
1103 2521 1201 2583 nuper
1218 2508 1360 2582 accepta,
1381 2494 1538 2559 identidem

341 2594 544 2656 exonerabant
556 2612 626 2655 enm
640 2610 754 2677 magno
768 2594 874 2677 plausu
885 2604 917 2656 et
928 2594 1035 2657 festiva
1046 2596 1278 2659 acclamatione.

381 2690 572 2774 Ringebatur
584 2710 676 2772 prope
691 2690 974 2773 Mogontineneium
991 2690 1121 2754 militam
1137 2694 1329 2764 animositas,
1342 2686 1536 2751 succensebat-

341 2802 401 2869 qne
422 2806 485 2849 aure
505 2786 654 2860 tenuitati,
677 2786 761 2867 qaod
780 2785 932 2848 eafficiem
951 2806 1013 2848 non
1034 2797 1115 2849 earet
1136 2788 1313 2852 adversario
1335 2783 1426 2848 militi
1447 2799 1533 2863 perse·

341 2884 482 2966 quend03
503 2903 541 2945 ne
552 2892 651 2944 tamen
666 2900 784 2962 semper
793 2882 1027 2967 impaueragari
1037 2885 1223 2964 permitteret
1233 2886 1318 2947 bunc
1328 2904 1360 2945 se
1370 2875 1534 2943 vindicandi

341 2981 467 3044 modum
487 2980 680 3063 excogitavit.
722 2979 904 3041 Adduxerat
922 2978 1071 3041 Colonelli
1091 2982 1175 3043 Rosa
1197 2983 1420 3045 Iocamtaueus
1440 2972 1531 3036 &⁶5⁰

341 3078 417 3159 qnid
429 3076 665 3139 necessariarum
679 3096 779 3137 rernm
794 3076 939 3159 Bingam,
951 3088 1057 3139 eontra
1070 3078 1151 3141 bunc
1162 3081 1248 3141 exire
1262 3080 1342 3141 serio
1354 3079 1491 3144 retunt
1504 3076 1531 3127 ‘l

340 3188 380 3231 ne
393 3190 519 3234 nurnero
529 3172 683 3234 inferiores
692 3172 772 3235 boeti
782 3175 887 3257 preda
895 3183 926 3235 et
935 3176 1060 3237 victima
1070 3176 1187 3252 fierent,
1197 3176 1383 3260 Hegionem
1393 3167 1526 3249 Eqsllm

342 3286 401 3327 non
426 3270 578 3330 neminem
599 3290 636 3330 ex
655 3268 819 3331 fortissima
837 3269 1051 3333 Meutberiana
1069 3272 1203 3354 legione
1222 3273 1255 3334 in
1274 3270 1387 3335 vicinia
1400 3272 1524 3349 agentem

340 3364 490 3426 adamant
503 3366 534 3425 in
550 3366 735 3440 societatem,
749 3375 840 3445 atque
857 3367 902 3428 ita
918 3388 958 3428 ex
974 3368 1095 3430 insidiis
1112 3388 1303 3432 reversuram
1318 3360 1461 3431 Coloaelli
1471 3357 1522 3416 ΙΙ)-

340 3468 562 3522 cumtenentem
582 3460 769 3538 (Raltbssari
785 3461 901 3524 bomini
918 3484 1027 3525 nomen
1047 3467 1125 3542 erat)
1141 3476 1311 3547 expectant,
1327 3468 1522 3546 egrtttt¹¹¹¹¹¹<lue

341 3557 532 3642 exinopinato
560 3578 678 3621 summa
708 3558 900 3621 contentione
927 3561 1088 3637 inuadant,
1120 3562 1254 3625 fundunt
1282 3560 1400 3631 multos,
1425 3552 1519 3631 ἕῳ(

338 3654 440 3739 plnres
455 3656 587 3739 reliquos
603 3674 665 3717 nna
682 3676 753 3718 curn
773 3654 863 3718 Duce
879 3654 1057 3721 Brltbaaare
1073 3658 1106 3719 in
1120 3660 1327 3741 ceptiritateru
1341 3645 1517 3734 Magum

338 3753 504 3815 abducunt.
