3225 4700
510 359 912 431 ITINERARIUM.
1245 361 1306 428 261

152 507 251 570 Erant
262 509 342 572 iuter
354 508 488 593 captivos
501 514 638 576 nonnulli
651 515 704 597 qni
713 536 811 598 nuper
820 516 876 577 snb
886 512 1017 576 Cereris
1025 512 1184 595 stipendiis
1198 511 1310 574 milita·

106 613 189 676 rent,
202 625 238 668 uc
251 607 421 688 posthabito
434 621 620 674 recremento
633 610 787 674 fidelitatis
800 613 841 673 ad
853 611 968 673 hesum
977 610 1184 693 profugerant,
1195 607 1228 670 lri
1238 629 1309 670 cnm

107 701 223 763 scirent
240 701 279 763 de
298 722 354 765 sno
372 703 470 785 cupite
485 713 597 781 ectum,
616 707 744 788 quaesito
761 707 876 790 effugio
892 714 1066 788 eruperunt,
1085 706 1167 788 quod
1184 704 1308 788 plurimi

108 795 215 878 inique
230 797 371 861 tulerunt.
415 799 465 862 De
478 812 588 864 cretero
600 803 711 865 mirum
724 803 849 865 omnino
861 811 907 864 est
917 821 1008 883 quum
1025 802 1176 864 creverint
1193 801 1311 883 reliquo

108 893 202 956 militi
216 894 309 956 enimi
323 905 385 958 tam
399 897 511 960 eximio
523 919 661 962 successu
676 900 825 962 sociorum
838 899 976 974 enimeti,
991 899 1043 961 vix
1056 900 1137 960 enim
1151 908 1253 981 postes
1265 920 1311 960 re·

109 989 203 1051 tineri
216 999 352 1072 poterent
365 994 403 1055 eb
416 993 642 1057 excursionibus
656 995 687 1058 in
703 995 830 1069 hostem,
843 1015 933 1077 quem
947 1004 1037 1058 antea
1048 995 1187 1057 nonnulli
1200 996 1310 1058 snbve-

110 1085 165 1148 riti
178 1086 306 1151 suerent.

152 1183 395 1248 luculentiorem
413 1185 533 1269 plegem
552 1187 767 1250 Wimurienses
784 1186 920 1250 tulerunt
937 1187 1088 1250 Ursellis:
1110 1207 1216 1250 verum
1229 1188 1310 1250 euim

110 1299 184 1342 vero
207 1290 364 1363 ροιιφιιιιι
387 1283 474 1344 illum
496 1283 599 1346 locum
622 1284 718 1346 nostri
741 1284 838 1347 multo
859 1294 994 1367 tempore
1017 1285 1198 1348 emmeno
1219 1283 1311 1346 militi

111 1383 306 1444 commodum
322 1381 470 1444 uidissent
487 1402 525 1444 ex
542 1403 604 1464 quo
624 1392 729 1446 contm
746 1381 933 1444 latrunculos
952 1369 1196 1464 Fridbergenses,
1215 1389 1310 1443 totam

109 1477 171 1540 lete
183 1478 313 1559 petriam
332 1477 516 1553 infestentes,
531 1499 699 1555 excurrere,
717 1498 882 1560 eorumque
894 1478 1053 1540 andaciam
1065 1477 1229 1560 reprimere
1243 1496 1310 1558 pos-

110 1587 188 1650 sent,
202 1575 313 1658 saepius
326 1573 448 1656 quidem
463 1575 632 1658 occupandi
646 1573 772 1638 consilis
784 1584 815 1636 et
832 1575 963 1637 mtiones
980 1575 1184 1652 contulerunt,
1204 1574 1259 1637 sed
1271 1575 1310 1636 ob

110 1672 242 1734 militum
255 1671 413 1754 mantiam
426 1693 582 1753 nunquam
600 1672 709 1753 exequi
726 1680 900 1754 potuerunt,
919 1672 992 1753 quie
1007 1672 1162 1748 videbent,
1175 1673 1235 1735 nisi
1247 1672 1312 1734 suf·

111 1768 233 1831 ficiente
246 1768 387 1850 praesidio
401 1767 447 1830 illi
459 1766 527 1830 loco
540 1768 756 1850 provideretur,
774 1768 839 1831 fore
851 1777 886 1830 ut
902 1767 935 1830 in
948 1767 1070 1830 hostiles
1083 1789 1190 1831 munus
1207 1769 1312 1832 devol-

110 1875 233 1927 veretur
254 1884 316 1926 una
343 1885 413 1927 cum
438 1865 533 1927 milite
561 1864 635 1927 illuc
661 1865 809 1948 exposito.
859 1865 982 1927 Interee
1007 1864 1224 1928 Wimerienses
1248 1866 1311 1927 suis

111 1963 208 2044 copiis
226 1969 384 2044 occupent,
403 1963 544 2044 ciuesque
562 1962 695 2044 primum
712 1962 753 2025 ad
771 1961 956 2024 tolerabilem
973 1960 1227 2023 contributionem
1243 1981 1311 2042 per·

110 2059 250 2133 suadem,
270 2067 335 2120 tum
355 2059 531 2122 suavissimo
550 2078 674 2141 precum
695 2067 846 2121 tormento
863 2059 907 2120 ite
928 2057 1073 2141 paulatim
1093 2056 1224 2139 hospites
1243 2076 1312 2119 suos

111 2165 237 2238 cogant,
258 2166 290 2217 ut
310 2156 485 2220 viderentur
504 2156 583 2218 ultro
602 2155 692 2218 militi
713 2157 752 2218 de
771 2155 893 2230 vestitu,
913 2156 1008 2229 victu,
1028 2153 1166 2237 pecunie,
1192 2153 1311 2235 elinque

112 2250 281 2314 necessarie
299 2253 503 2337 suppellectile
522 2254 729 2335 instructaque
750 2254 880 2334 equestri
901 2253 1078 2335 providisse,
1098 2252 1153 2314 sed
1172 2272 1230 2314 nec
1252 2251 1310 2335 ipsi

112 2349 196 2411 cives
207 2349 292 2413 aliud
305 2350 405 2413 dicere
419 2350 580 2426 audebunt,
594 2370 632 2413 ne
645 2349 780 2432 asperius
793 2350 812 2412 d
826 2350 888 2413 suis
900 2350 984 2413 domi
994 2350 1140 2412 militibus
1150 2359 1312 2411 tracmen

112 2456 173 2507 tur.
208 2447 256 2508 Ut
267 2468 340 2509 vero
354 2447 600 2510 Wimeriensium
615 2446 727 2529 plures,
742 2447 932 2510 Ursellerum
946 2446 1185 2509 munificentiem
1195 2444 1312 2527 experi-

112 2554 230 2619 rentur,
251 2553 369 2606 mutent
388 2544 515 2606 subinde
532 2544 703 2617 emtionem,
721 2553 866 2625 tenqnem
886 2564 1041 2625 nunquam
1061 2543 1220 2615 reversuri,
1240 2562 1311 2605 cnm

112 2640 234 2702 interim
248 2650 366 2704 tantm
383 2641 423 2703 ad
442 2650 539 2704 certes
556 2640 763 2723 expeditiones
779 2651 983 2717 excurrerent,
1003 2662 1039 2703 ac
1058 2653 1161 2724 postea
1178 2640 1313 2703 redirent

112 2758 183 2800 cum
198 2738 285 2799 novis
298 2758 415 2821 semper
428 2736 590 2819 manipulis
603 2746 755 2817 utcunque
771 2736 889 2808 leceris,
906 2732 1029 2820 indigis,
1049 2748 1080 2800 et
1094 2736 1195 2800 nudis.
1237 2736 1310 2799 Hoc

112 2844 317 2897 commentum
338 2842 373 2897 ut
392 2834 501 2897 iterum
520 2855 556 2896 eo
581 2834 690 2917 raepiur
713 2835 879 2905 iterassent,
903 2834 987 2897 cives
1005 2834 1151 2916 pauletirn
1174 2833 1311 2897 fraudem

111 2942 280 3008 senserunt,
294 2951 422 3013 sueque
433 2951 480 2992 rer
495 2932 526 2992 in
541 2930 674 2993 absentie
687 2930 818 2994 militum
833 2930 864 2991 in
879 2931 992 2993 tutiora
1004 2931 1072 2992 loce
1084 2930 1310 3006 transtulerunt,

112 3039 147 3091 nt
159 3030 185 3091 si
199 3030 321 3111 qnando
335 3029 479 3103 redirent,
492 3028 672 3110 expeditius,
686 3026 792 3089 relicta
803 3047 900 3090 veona
912 3027 1014 3103 domo,
1028 3037 1059 3090 et
1075 3027 1134 3110 ipsi
1152 3026 1311 3111 profugere

112 3135 243 3209 possent.
293 3124 372 3197 Qus
397 3145 444 3187 res
469 3145 539 3187 cum
563 3146 600 3186 ex
621 3132 691 3187 voto
710 3124 857 3199 cessisset,
882 3123 1074 3205 redirentque
1092 3124 1251 3185 Wimerici
1272 3124 1313 3185 ed

111 3231 244 3285 veterem
257 3222 427 3296 eudonem,
441 3222 520 3283 bona
533 3233 563 3282 et
572 3220 757 3301 opulentiore
767 3220 882 3281 civium
895 3230 977 3302 parte
987 3221 1170 3295 destitutam,
1180 3220 1313 3304 greviter

113 3327 290 3394 senserunt;
312 3338 348 3381 ac
362 3318 493 3400 primum
507 3318 603 3379 amice
617 3326 770 3399 rogarunt,
785 3327 821 3379 nt
835 3317 875 3379 ad
887 3317 965 3379 lares
976 3318 1104 3400 quisque
1119 3338 1188 3380 suos
1201 3317 1312 3381 revisc-

113 3424 171 3487 ret,
185 3424 250 3477 tum
264 3414 427 3477 obstinatos
440 3413 609 3475 minacibus
622 3412 729 3475 litteris
742 3422 959 3494 pertentarent,
969 3414 1090 3476 tandem
1098 3415 1188 3477 etiam
1198 3416 1311 3477 oedium

7 3525 12 3554 ⁴
112 3512 232 3573 ruinam
251 3520 282 3573 et
299 3510 439 3572 incendia
455 3509 488 3571 ni
505 3508 682 3590 quentocius
701 3508 835 3571 redirent
851 3508 1038 3572 interminati
1054 3520 1142 3589 sunt3
1163 3511 1218 3574 sed
1230 3510 1313 3573 didi·

113 3615 198 3671 cerat
215 3608 344 3689 piscetur
360 3606 440 3670 ictas
459 3624 580 3689 supere:
607 3606 753 3689 urgebant
771 3604 894 3667 interim
912 3616 1031 3670 mature
1046 3608 1086 3670 ad
1101 3618 1232 3691 segetem
1249 3608 1312 3672 fru-

114 3714 227 3778 menta,
248 3698 316 3786 quur
335 3703 392 3786 ipsi
409 3703 520 3766 milites
539 3723 593 3785 per
614 3702 753 3765 foeminus
773 3703 953 3785 colonosque
972 3711 1085 3768 metere
1101 3713 1256 3787 ceperunt,
1275 3725 1311 3768 uc
