3225 4700
489 326 896 399 ITINERARIUM.
1247 336 1291 400 61

80 480 211 564 duplici
225 482 287 545 iere
302 482 419 546 ambitu
434 482 541 567 cingit,
557 484 669 567 optime
685 494 748 547 urte
767 486 853 567 nsque
868 493 899 547 et
916 483 1024 547 neturl
1040 485 1174 564 munits3
1195 484 1296 549 soreos

81 577 183 641 babet
199 579 459 661 profundissimas,
477 600 564 641 muro
582 581 696 663 duplici
714 582 879 644 edmodum
898 582 992 644 denso
1007 582 1147 658 ambitur,
1166 583 1295 645 circum·

85 676 175 737 eircs
188 674 334 757 planicies
347 696 411 738 sese
424 676 520 758 sperit
532 685 627 753 mute,
643 686 786 758 quantem
797 678 952 740 oculorum
965 678 1082 759 sesequi
1095 688 1192 760 potest
1203 680 1294 742 ecies.

87 771 132 831 In
145 772 206 833 fori
220 772 323 835 medio
338 773 428 835 turris
441 772 548 835 visitur
558 773 723 835 editissimo
732 774 764 835 in
777 773 838 855 qui
851 784 957 856 puteus
969 775 1011 835 ed
1021 782 1192 855 portentum
1204 775 1294 848 ultus,

88 888 191 949 eques
203 868 277 931 bine
293 870 422 931 extrahit
435 869 466 931 in
483 890 571 932 nsum
585 869 715 932 civitatis
731 869 918 944 continuum,
927 870 1098 952 jumentum
1114 871 1236 952 aliquod
1249 870 1296 932 illi

88 963 204 1038 labori,
218 964 341 1045 publico
353 974 487 1047 sumptu,
497 966 696 1042 destinatum
718 965 807 1028 babet
820 974 964 1048 pretereo
976 966 1201 1049 propugnaculo
1212 966 1296 1029 omui

89 1060 295 1123 instrumento
303 1061 412 1125 bellico
425 1062 580 1136 instructu,
592 1062 631 1123 eb
640 1061 820 1125 occidentali
828 1062 912 1124 urbis
925 1070 1008 1143 pute
1019 1080 1095 1142 pons
1104 1063 1178 1124 bene
1187 1062 1297 1144 longus

90 1165 124 1217 et
141 1156 223 1218 lutus
237 1155 345 1220 Rheno
356 1158 546 1234 insternitur,
561 1158 598 1219 eb
612 1162 726 1219 Austro
741 1158 879 1219 innitent
894 1158 980 1238 equis
996 1157 1169 1219 molendina
1179 1159 1297 1239 cymbis

90 1272 146 1313 seu
163 1253 346 1334 pontonibus
366 1254 525 1316 artificiose
542 1262 714 1316 sustentate.
763 1254 906 1316 Vidimus
925 1253 1015 1315 etiem
1032 1254 1096 1316 illic
1113 1264 1295 1317 tormentum

90 1348 240 1411 bellicum
253 1369 362 1413 novem
372 1350 511 1412 ulnarum
524 1349 699 1432 especitete.
730 1349 933 1412 Obsidebstur
941 1358 1014 1411 tnnc
1027 1348 1103 1411 forte
1113 1348 1180 1411 baeo
1189 1350 1297 1412 civitas

92 1446 255 1528 iti-igints
267 1446 398 1507 militnm
410 1446 553 1507 millibus.
595 1446 658 1508 Hic
675 1446 749 1508 (lum
765 1444 979 1527 aliquantisper
993 1465 1064 1507 cum
1079 1445 1213 1507 Domino
1228 1467 1297 1508 meo

94 1542 256 1604 Golonello
267 1542 429 1605 Deveroux
439 1544 564 1605 subsisto
573 1542 668 1605 incidi
678 1542 754 1604 lorti
765 1542 884 1603 fortune
894 1542 926 1603 in
938 1542 1133 1604 Historieml
1142 1543 1297 1605 Germano

93 1638 228 1718 quodem
241 1638 449 1721 conscriptam,
461 1639 493 1699 in
508 1658 569 1719 qus
581 1640 620 1701 de
632 1638 724 1701 variis
737 1638 817 1701 orbis
827 1638 1021 1720 Principibus
1034 1638 1164 1700 fecunde
1177 1639 1297 1701 disserit

93 1742 213 1810 unctor,
231 1752 268 1795 nc
286 1734 364 1796 inter
381 1744 489 1797 cetere
506 1735 539 1797 in
549 1755 668 1817 megnse
687 1734 856 1796 Britannioe
874 1733 998 1794 maximi
1012 1733 1167 1815 Principis
1178 1735 1295 1797 iconem

94 1828 303 1913 pereleganter
315 1830 347 1893 in
361 1831 442 1893 huuc
455 1850 574 1893 sensnm
588 1838 813 1892 commentetur.

278 1978 329 2037 En
343 1978 397 2037 tibi
411 1978 477 2037 lter
490 1997 579 2055 supra
593 1996 658 2037 eum
672 1976 804 2036 Pallade
816 1976 919 2036 doctu
932 1974 1041 2052 Apollo

320 2072 359 2131 In
373 2074 475 2134 lauder
487 2076 590 2135 merito
604 2092 707 2152 meque
721 2072 832 2132 Jacobs
847 2082 936 2132 tuns:

280 2170 372 2247 Infra
386 2178 415 2228 te
423 2170 523 2247 posita
536 2178 581 2228 ert
593 2176 765 2229 cunctorum
777 2170 861 2245 eopia
873 2189 981 2241 rerum,

324 2265 508 2343 Quamselix
516 2264 645 2343 populus
658 2284 761 2343 meque
775 2265 886 2325 Jacobs
900 2266 992 2326 tueri

97 2412 252 2485 Quantum
267 2409 326 2473 hoc
338 2411 370 2472 in
383 2411 520 2474 districtu
532 2409 611 2492 pessi
626 2411 719 2474 simus
732 2431 833 2474 rernm
850 2410 985 2473 omnium
999 2412 1039 2474 nd
1053 2412 1296 2477 sustentationem

96 2510 331 2570 necessariorum
340 2509 497 2590 penufism
506 2507 666 2570 difficulter
674 2508 772 2569 verbis
780 2507 921 2590 explicari
930 2517 1035 2591 potest,
1042 2509 1124 2571 unde
1132 2518 1236 2571 sumet
1242 2531 1299 2592 pro

96 2605 271 2666 hominibus
280 2614 311 2666 st
319 2625 374 2687 pro
386 2605 471 2686 equis
482 2605 597 2666 abesset
605 2603 704 2686 ipsum
714 2604 850 2666 nidnum
859 2616 1052 2679 commeatus,
1063 2603 1298 2668 Eusisheimium

96 2700 227 2782 proiecti
238 2721 351 2777 summ,
365 2699 505 2762 sllsbitur
518 2699 574 2764 boc
591 2700 736 2782 oppidum
748 2709 901 2781 uteunque
917 2702 1068 2764 munitum
1081 2701 1193 2763 fluvius
1207 2722 1297 2783 quem

99 2797 180 2858 Ilum
194 2797 353 2860 nominent
365 2817 403 2860 ex
414 2797 565 2859 montibus
577 2795 703 2858 Alsetiae
716 2815 907 2877 promonens.
949 2796 1175 2860 Molsbeimium
1187 2800 1298 2863 deinde

97 2893 295 2975 perreximus,
309 2893 432 2973 illicque
448 2913 509 2954 nou
526 2893 673 2953 minorem
686 2911 815 2953 sunouss
832 2891 1039 2955 difficultatem
1050 2895 1167 2976 experti
1184 2916 1297 2973 sumus,

97 3009 191 3070 quere
200 2989 340 3050 maximis
350 2989 506 3051 itineribus
516 2988 547 3050 in
558 2997 655 3050 cestre
665 2987 879 3072 lotharingica
891 2989 1126 3071 propersrimus,
1137 2991 1189 3052 ubi
1198 2992 1298 3054 edocti

98 3105 203 3148 sumus
219 3085 258 3150 de
270 3086 379 3148 nostris
395 3085 500 3167 eopiis,
513 3104 581 3167 quse
594 3103 655 3146 non
673 3084 780 3166 procul
793 3084 865 3146 inde
882 3085 915 3145 in
927 3084 1042 3146 bostem
1059 3085 1181 3150 intente
1194 3088 1300 3151 sedulo

99 3183 298 3244 exoubsbent.
341 3181 419 3245 Mox
431 3182 450 3244 l
460 3191 561 3244 nostro
573 3182 715 3254 adventu,
727 3180 801 3243 Dux
816 3180 1017 3264 Iotburingioe
1027 3181 1154 3245 carolus
1167 3203 1299 3246 commo-

99 3279 171 3340 dem
185 3279 244 3342 sibi
257 3279 339 3340 visus
355 3287 400 3340 est
411 3277 599 3340 ocensionem
618 3286 723 3340 uectus
737 3277 888 3339 Belordiae
903 3279 1097 3359 occupandis,
1110 3280 1192 3342 misit
1205 3281 1299 3364 igitur

101 3395 170 3436 oum
194 3384 319 3436 centurn
341 3373 628 3456 Equo-pedestribus
650 3372 795 3435 militibus
818 3373 985 3436 Tribunum
1007 3375 1118 3456 biercy
1141 3378 1249 3440 animis
1269 3387 1301 3439 et

100 3471 191 3532 umis
204 3471 479 3544 instructissimum,
489 3489 560 3532 cum
571 3489 632 3551 quo
640 3469 706 3552 jem
720 3478 805 3532 erunt
817 3478 923 3532 tnrmoe
936 3469 1050 3552 sliquos
1059 3470 1249 3551 Orontumm,
1260 3475 1299 3536 de

101 3566 289 3630 sumbus
300 3565 391 3648 hujus
402 3565 547 3649 propositi
560 3565 660 3626 ‹liosm
674 3564 756 3628 ulibi.

141 3663 265 3728 Interes
273 3663 436 3728 nundum
444 3683 536 3747 quem
547 3662 684 3726 felicibus
696 3662 836 3746 auspiciis
846 3682 949 3728 reoeus
961 3663 1143 3747 imperstorii
1153 3663 1300 3728 exercitus
