3225 4700
327 292 393 357 406
727 287 752 354 Ι
757 287 862 357 TIN
865 287 1049 355 ERARI
1057 283 1144 353 ΠΜ.

329 453 450 506 tremet
468 443 635 524 Regeutem
657 444 814 504 astituram
834 451 866 503 et
885 441 1077 524 prelaturam
1091 439 1194 503 liberis
1214 440 1325 502 nostris
1345 441 1461 502 eadem
1484 459 1549 520 qua

327 561 400 622 erga
412 561 467 600 uos
480 539 538 599 fuit
551 538 623 599 ilde.

367 636 520 709 Quoniam
532 637 605 696 verb
619 636 703 698 dicta
716 635 837 718 Regina
849 637 960 717 conjux
974 644 1087 708 nostra,
1101 636 1131 696 in
1146 645 1205 700 tam
1219 635 1386 718 multiplici
1395 636 1545 716 negotio·

326 755 392 796 rum
410 733 564 805 varietate,
580 743 611 794 et
623 741 799 794 occurrente
817 731 1012 814 perplexitate
1026 733 1128 794 omnia
1140 753 1194 814 per
1207 741 1301 794 semet
1316 733 1543 794 administrare

326 851 385 892 nou
401 830 531 912 poterit3
560 829 633 910 quin
647 850 705 890 noc
723 849 822 891 rerum
841 831 975 890 omnium
992 839 1169 910 praeeuntem
1188 830 1363 891 memoriam
1378 840 1411 890 et
1429 849 1541 890 neees-

324 929 434 990 sariam
453 925 796 1009 experientiamhabere
813 927 1014 987 necessarium
1032 927 1157 988 omniuo
1173 929 1355 1008 judicamus,
1369 928 1400 988 ei
1422 927 1541 1008 adjun-

324 1025 441 1109 gendos
460 1045 524 1086 esse
543 1022 731 1086 consiliarios
752 1033 782 1085 et
801 1022 1006 1093 administros,
1022 1042 1156 1104 ¹quorum
1178 1026 1311 1087 consiliis
1331 1037 1363 1087 et
1386 1045 1487 1106 opera
1506 1025 1539 1083 in

324 1124 414 1184 rebus
426 1121 526 1184 dubiis
535 1123 580 1183 uti
592 1121 693 1203 possit.
736 1121 789 1181 Ad
800 1118 879 1180 bano
889 1139 978 1200 porro
987 1121 1189 1184 remmarime
1200 1133 1229 1184 et
1242 1125 1273 1184 in
1285 1124 1392 1204 primis
1403 1123 1540 1184 idoneos

323 1220 491 1300 delegimus
505 1229 667 1302 cognatum
678 1218 1067 1280 nostmmamantissimum
1079 1229 1166 1280 oute
1178 1229 1208 1281 et
1221 1219 1347 1281 consilio
1360 1219 1538 1301 pollentem

324 1316 499 1398 Principem
519 1316 689 1378 Coudaeum
706 1323 741 1375 ut
757 1325 788 1376 et
806 1315 1091 1377 Eminentissimum
1105 1316 1299 1378 cardinalem
1320 1317 1536 1384 Mazarinum

322 1414 535 1476 cancellarium
553 1413 676 1495 iusuper
693 1412 902 1494 regui-nostri,
923 1413 1249 1496 custodemquansigilli
1270 1414 1357 1496 regii,
1373 1424 1405 1474 at
1421 1435 1537 1494 super·

322 1511 527 1572 intendentem
551 1529 678 1570 camerae
702 1529 740 1571 ac
759 1509 1062 1571 architbesaursrium
1088 1511 1264 1573 Dominum¹
1281 1513 1351 1574 item
1376 1513 1416 1574 de
1445 1512 1534 1574 cha-

321 1607 407 1691 vigni
423 1607 616 1669 secretarium
635 1608 732 1688 regni.
774 1607 977 1669 Decernimus
992 1627 1113 1689 quoque
1133 1619 1166 1670 ut
1184 1608 1254 1671 buie
1275 1608 1402 1672 consilio
1421 1611 1534 1691 praesi·

320 1706 391 1767 deat
407 1705 619 1767 dilectissimus
635 1704 727 1766 frater
743 1715 846 1766 noster
865 1704 938 1766 Dux
954 1706 1190 1782 Aurelianensis,
1206 1716 1237 1768 et
1256 1707 1288 1766 iu
1304 1707 1370 1788 ejus
1387 1707 1534 1768 absentia

321 1803 470 1883 Princeps
490 1802 652 1877 Condaeus,
669 1801 719 1862 vel
733 1801 905 1864 cardinalis
920 1803 1107 1878 Mazarinus,
1126 1824 1162 1864 ac
1179 1803 1231 1864 alii
1249 1816 1472 1885 cousequenter
1492 1827 1530 1866 eo

319 1899 425 1960 ordine
439 1909 474 1960 ut
482 1901 547 1979 jam
562 1899 709 1960 nominati
723 1911 803 1961 suut.
847 1899 1035 1961 Ordiuamus
1048 1900 1150 1973 etiam,
1165 1901 1284 1982 nequis
1300 1901 1412 1962 audeat
1425 1902 1528 1962 ullam

319 2017 356 2058 ex
378 1997 460 2059 dicto
481 1996 538 2057 hoc
565 1996 690 2057 consilio
711 2017 868 2077 personam
895 2009 1022 2073 mutare,
1046 2019 1174 2074 cassare,
1198 1999 1357 2079 deponere.
1400 1999 1526 2071 Quodsi

317 2103 419 2154 tamen
428 2094 538 2175 aliquis
550 2115 587 2154 ex
602 2093 692 2155 dietis
700 2094 882 2169 consiliariis
890 2094 938 2154 vel
948 2095 1010 2156 vita
1020 2095 1180 2159 decederet
1189 2095 1238 2156 vel
1248 2097 1286 2156 ob
1297 2116 1404 2173 graves
1415 2117 1527 2156 causas

318 2191 444 2252 consilio
462 2192 686 2254 submovendus
706 2199 792 2264 esset,
811 2189 894 2251 baud
912 2210 1065 2271 quaquam
1081 2191 1159 2252 alius
1176 2193 1206 2252 in
1222 2193 1286 2274 ejus
1300 2193 1399 2254 locum
1414 2195 1525 2256 subro-

316 2300 413 2374 getur,
431 2289 489 2350 uisi
505 2309 575 2350 cum
593 2308 743 2349 consensu
762 2288 908 2371 Regeutis
929 2289 1058 2373 Reginae
1075 2290 1215 2373 conjugis
1231 2299 1353 2365 nostrae,
1371 2311 1408 2353 ao
1427 2311 1525 2353 nomo

316 2388 373 2449 nisi
382 2409 435 2469 per
443 2386 620 2449 electionem
629 2397 660 2447 et
669 2395 806 2448 votorum
819 2386 1019 2468 pluralitatem
1030 2388 1063 2447 in
1071 2387 1310 2449 consiliariorum
1319 2389 1442 2453 alterius
1452 2390 1523 2452 loeo

315 2484 482 2568 adlegetur.
523 2484 712 2566 Imperamus
727 2504 848 2564 quoque
867 2504 904 2545 ex
920 2484 1108 2565 plenitudine
1124 2485 1288 2567 potestatis,
1309 2496 1343 2547 ut
1358 2488 1463 2547 omnia
1478 2490 1521 2549 de

314 2603 388 2664 pace
414 2582 632 2657 constituenda,
654 2590 706 2642 aut
731 2580 812 2643 bello
838 2583 1051 2662 promovendo,
1078 2582 1133 2643 iro.
1160 2583 1289 2644 consilia
1312 2585 1435 2645 nonnisi
1462 2606 1519 2666 per

314 2679 396 2740 huuc
415 2692 552 2741 senatum
576 2688 794 2761 proponantur,
816 2677 1030 2753 deliberentur,
1053 2681 1315 2743 etdecarnantur.
1357 2682 1516 2754 Quantum

313 2776 386 2837 verb
399 2777 438 2838 ad
459 2776 518 2837 alia
530 2778 616 2859 regui
630 2778 740 2853 officia,
755 2776 858 2838 omnia
871 2798 925 2857 per
938 2778 1087 2860 Reginam
1105 2778 1271 2861 Regeutem
1286 2800 1356 2841 eum
1373 2780 1516 2842 consilia-

312 2874 424 2934 riorum
438 2894 585 2936 cousensu
593 2876 826 2938 distribuentur.

354 2972 393 3032 Iu
421 2971 735 3053 archiepiscopatibus,
760 2972 989 3053 episcopatibus,
1019 2980 1049 3033 et
1074 2972 1201 3033 abbatiis
1224 2972 1397 3035 dividendis
1423 2994 1512 3055 opera

312 3069 443 3143 dabitur,
460 3080 494 3130 ut
513 3069 768 3151 quemadmodum
784 3069 940 3149 hucusque
958 3069 1085 3131 sollicite
1100 3090 1153 3131 nos
1170 3070 1227 3151 ipsi
1243 3069 1457 3145 laboravimus,
1472 3074 1512 3133 ita

312 3185 431 3247 quoque
444 3166 628 3249 inposterum
648 3166 797 3249 ejusmodi
815 3167 989 3248 dignitates,
1009 3176 1039 3228 et
1056 3166 1225 3248 praelaturae
1242 3168 1352 3229 talibus
1365 3170 1440 3230 viris
1456 3171 1510 3231 de-

311 3263 454 3338 ferantur,
469 3264 523 3345 qui
537 3265 649 3327 virtute
661 3274 693 3327 et
706 3265 845 3326 doctrina
858 3264 998 3345 polleant.
1041 3264 1137 3328 ,Unde
1152 3266 1342 3328 nullomodo
1360 3268 1507 3329 conducet

311 3370 345 3421 ut
364 3361 648 3444 archiepiscopatus,
675 3362 872 3443 episcopatus,
896 3371 927 3431 et
948 3362 1073 3423 abbatiae
1098 3363 1207 3425 talibus
1229 3364 1432 3439 conferantur,
1456 3368 1506 3446 qui

311 3468 345 3519 ut
358 3459 520 3531 minimum
532 3460 552 3520 d
564 3459 696 3521 triennio
706 3458 887 3521 sacerdotali
900 3478 1025 3519 munere
1039 3459 1095 3522 ritd
1109 3460 1205 3523 functi
1216 3482 1275 3522 non
1288 3462 1409 3523 fuerint.
1450 3464 1505 3523 Or·

311 3553 450 3616 dinamus
472 3554 568 3637 igitur
590 3566 624 3617 ut
650 3555 770 3638 Regina
790 3556 961 3638 gubernans
984 3556 1081 3618 accito
1107 3559 1139 3619 in
1167 3559 1324 3621 eonsilium
1351 3559 1503 3622 Cardiuali

311 3649 469 3713 Mazariuo
482 3656 586 3734 (quem
599 3664 630 3715 et
646 3653 743 3735 ipsum
758 3654 776 3715 d
793 3652 888 3716 multo
905 3662 1036 3735 tempore
1050 3655 1242 3736 probavimus
1255 3656 1391 3718 eeclesia)
1404 3656 1501 3719 lenda·
