3225 4700
328 309 393 374 406
728 301 752 368 I
756 301 862 372 TIN
865 297 1049 368 ERARI
1056 297 1143 367 ΠΜ.

329 467 450 522 tremet
468 459 635 539 Regentem
657 457 814 518 astituram
834 465 866 517 et
885 455 1077 538 praelaturam
1092 453 1194 516 liberis
1215 454 1324 516 nostris
1343 453 1455 514 eadem
1478 471 1535 533 qua

327 576 400 638 erga
413 575 467 616 nos
480 554 538 615 fuit
550 552 623 614 fide.

368 652 519 725 Quoniam
528 652 605 712 uero
618 651 704 712 dicta
716 649 836 732 Βιςίιια
849 651 960 730 conjnx
974 657 1086 722 namra,
1101 650 1132 710 in
1147 659 1206 713 tam
1220 648 1385 730 multiplici
1394 647 1532 729 negatio·

326 771 392 811 rum
411 748 564 819 varietate,
580 757 611 809 et
622 756 799 808 oecurrente
817 746 1013 828 perplexitate
1026 747 1128 807 omnia
1141 767 1195 828 per
1207 755 1302 807 semet
1317 745 1530 807 administrare

326 868 386 907 nou
401 845 531 928 poterit3
560 845 633 925 quin
648 865 705 905 noc
722 863 822 905 reram
841 845 976 904 omnium
993 853 1169 924 presentem
1189 843 1363 904 memoriam
1378 853 1411 904 et
1428 861 1528 902 neces-

325 945 435 1006 sariam
453 941 795 1025 experientiam-habero
813 941 1014 1002 necessarium
1033 941 1157 1002 omniuo
1173 942 1355 1022 judicamus,
1369 941 1401 1000 ei
1422 939 1529 1020 adjun·
1580 985 1581 1018 ι

325 1041 441 1124 gendos
460 1061 525 1101 esse
544 1037 732 1100 consiliarios
751 1049 783 1098 et
802 1037 1007 1108 administros,
1023 1057 1157 1118 quorum
1178 1039 1313 1100 consiliis
1332 1049 1363 1100 et
1386 1057 1480 1118 opera
1497 1037 1526 1095 in

325 1140 417 1200 rebus
426 1137 526 1199 dubiis
535 1137 580 1198 uti
591 1136 693 1218 possit.
736 1133 789 1194 Ad
800 1133 880 1194 hanc
890 1153 979 1214 porro
988 1135 1190 1196 remmaxime
1200 1145 1230 1197 et
1243 1137 1273 1196 in
1286 1136 1394 1216 primis
1405 1134 1527 1195 idoneos
1580 1207 1581 1218 ἵ

323 1235 491 1315 delegimus
504 1244 668 1316 cognatum
679 1232 1068 1294 nostrumamantissimum
1079 1241 1167 1293 crate
1178 1242 1208 1294 et
1221 1232 1347 1294 consilio
1361 1231 1525 1314 pollentem

325 1332 501 1414 Principem
520 1331 689 1393 Condacum
706 1340 741 1390 ut
758 1339 789 1390 et
806 1328 1091 1390 Eminentissimum
1105 1329 1300 1390 Cardinalem
1321 1329 1525 1394 Mazarinum.

323 1429 536 1490 cancellarium
553 1428 675 1510 insuper
693 1427 780 1508 regni
795 1425 902 1495 nostri,
923 1426 1250 1509 custodemquecigilli
1271 1427 1358 1509 regii,
1374 1435 1408 1486 ct
1423 1445 1525 1505 super·

322 1526 528 1587 intendentem
552 1545 678 1586 camera
703 1545 740 1586 ac
760 1522 1064 1585 archithesaurarium
1089 1524 1255 1585 Dominum
1281 1525 1353 1586 item
1370 1525 1420 1584 de
1445 1523 1524 1585 Cha·

321 1623 407 1706 vigni
424 1623 617 1684 secretarium
635 1622 732 1703 regni.
776 1621 978 1682 Decernimus
993 1641 1114 1702 quoque
1134 1632 1167 1682 ut
1184 1621 1255 1684 huic
1275 1621 1405 1682 consilio
1425 1621 1524 1702 prassi-

321 1722 392 1782 deat
408 1720 620 1782 dilectissimus
636 1718 728 1780 frater
744 1730 846 1780 noster
866 1719 939 1779 Dux
955 1718 1191 1795 Aurelianensis,
1207 1729 1237 1780 et
1257 1719 1289 1779 in
1306 1719 1371 1800 ejus
1389 1718 1525 1779 absentia

322 1819 471 1899 Princeps
491 1817 653 1891 Condaeus,
670 1815 720 1878 vel
734 1816 906 1878 Cardinalis
921 1816 1107 1892 Macerinus,
1126 1837 1163 1877 ao
1179 1816 1232 1877 alii
1250 1826 1472 1896 consequenter
1488 1835 1520 1875 eo

320 1915 426 1976 ordine
440 1924 475 1975 ut
483 1916 549 1994 jam
563 1913 711 1974 nominati
724 1925 804 1974 sunt.
848 1913 1035 1975 Ordinamus
1049 1914 1151 1986 etiam,
1166 1914 1286 1994 nequis
1300 1913 1414 1974 audeat
1428 1912 1519 1972 ullam

320 2033 357 2073 ex
379 2012 462 2081 dicto
483 2011 539 2072 hoc
566 2010 691 2072 consilio
712 2031 869 2091 personam
896 2022 1023 2086 mutare,
1047 2031 1174 2086 cassare,
1199 2011 1358 2092 deponere.
1403 2009 1518 2082 Quodsi

318 2118 420 2170 tamen
429 2109 539 2189 aliquis
552 2129 589 2168 ex
603 2108 692 2169 dictis
701 2107 883 2182 consiliariis
891 2107 940 2168 rel
949 2108 1012 2168 vita
1021 2107 1181 2172 decederet
1191 2107 1239 2168 vel
1249 2109 1287 2168 ob
1298 2127 1407 2186 graves
1418 2127 1518 2168 causas

319 2207 445 2268 consilio
463 2206 688 2274 submovendus
707 2213 794 2278 esset,
812 2202 894 2264 haud
913 2223 1067 2284 quaquam
1083 2204 1159 2266 alius
1176 2205 1207 2264 in
1222 2206 1287 2286 ejus
1301 2205 1402 2266 locum
1417 2205 1516 2265 subro-
1580 2215 1581 2272 ἒ

210 2341 213 2344 ·
318 2314 415 2388 getur,
433 2305 490 2365 nisi
506 2324 576 2365 cum
594 2323 745 2364 consensu
763 2301 909 2384 Regentis
931 2302 1060 2386 Reginae
1077 2303 1216 2385 conjugis
1232 2311 1354 2378 nostrae,
1372 2323 1411 2365 ac
1430 2321 1517 2363 nemo

317 2402 375 2463 nisi
384 2423 437 2483 per
444 2401 620 2463 electionem
631 2411 662 2462 et
671 2409 807 2461 votorum
820 2399 1020 2481 pluralitatem
1032 2402 1064 2461 in
1073 2399 1311 2462 consiliariorum
1320 2401 1444 2463 alterius
1453 2400 1514 2461 loco

316 2499 483 2583 adlegetur.
524 2498 713 2579 Imperamns
728 2518 849 2579 quoque
868 2518 905 2559 ex
921 2498 1110 2579 plenitudine
1125 2498 1289 2579 potestatis,
1311 2507 1344 2560 ut
1359 2498 1464 2559 omnis
1477 2498 1513 2557 de

315 2617 389 2680 pace
416 2596 634 2671 constituenda,
656 2604 708 2656 ant
734 2594 813 2656 bello
839 2596 1053 2675 promovendo,
1079 2595 1134 2657 &c
1161 2596 1289 2657 consilia
1314 2596 1438 2657 nonnisi
1463 2614 1512 2675 per

316 2695 397 2755 huno
417 2707 554 2755 mustum
578 2702 795 2774 proponantpr,
817 2691 1031 2766 deliberentur,
1054 2692 1316 2755 etdcceruantur.
1359 2693 1511 2765 Quantum

315 2792 387 2853 verd
400 2792 440 2853 ad
460 2791 520 2852 alia
532 2792 619 2874 regni
633 2792 741 2867 officia,
758 2790 859 2852 omnia
872 2812 926 2872 per
939 2790 1089 2873 Reginam
1106 2790 1272 2873 Regcntem
1287 2811 1357 2853 cum
1374 2790 1509 2854 consilia·

314 2890 426 2951 riorum
440 2890 827 2951 consensudistribaeutur.

356 2988 394 3047 ln
423 2986 737 3068 archiepiscopatibus,
762 2984 991 3067 episcopatibus,
1020 2994 1050 3045 et
1075 2984 1203 3046 abbatiis
1225 2983 1399 3047 dividendis
1425 3002 1508 3066 opera

314 3084 445 3158 dabitur,
462 3095 495 3146 ut
514 3084 770 3165 quemadmodum
786 3082 941 3162 hucusque
959 3081 1086 3144 sollicite
1101 3103 1154 3143 nos
1170 3082 1229 3163 ipsi
1245 3083 1459 3156 laboravimus,
1472 3082 1508 3141 ita

313 3200 432 3261 quoqne
446 3182 629 3263 inposterum
649 3180 799 3263 ejusmodi
817 3180 991 3262 dignitates,
1011 3188 1042 3240 et
1058 3179 1226 3260 prelatura
1244 3180 1354 3241 talibus
1366 3182 1442 3241 viris
1460 3181 1505 3240 de·
1579 3188 1581 3198 ⁴

313 3278 455 3353 serantur,
469 3279 524 3359 qui
538 3279 650 3340 virtute
663 3288 696 3340 et
708 3278 846 3340 doctrina
860 3276 1000 3358 polleant.
1045 3276 1138 3339 Unde
1154 3278 1240 3338 nullo
1252 3279 1343 3340 mods
1362 3281 1504 3340 conducet

313 3386 348 3435 nt
367 3375 650 3458 archiepiscopatus,
677 3376 874 3457 episcopatus,
897 3384 928 3438 et
949 3374 1075 3434 abbatia
1098 3374 1209 3436 talibus
1231 3376 1433 3451 conferantur,
1456 3373 1503 3454 qui

312 3483 347 3533 ut
359 3472 520 3535 minimum
534 3473 697 3534 atriennio
708 3472 888 3533 sacerdotali
902 3492 1026 3533 munere
1041 3472 1097 3533 rite
1111 3472 1278 3534 faustinos
1290 3474 1411 3535 fuerint.
1451 3472 1502 3532 Οι-

313 3567 452 3629 dinamus
474 3569 570 3650 igitur
591 3580 626 3630 ut
651 3568 772 3651 Regina
793 3570 962 3651 gubernans
986 3570 1082 3630 accito
1109 3571 1141 3631 in
1169 3571 1327 3633 consilium
1352 3567 1501 3634 Cardinali

314 3663 472 3726 Macarius
485 3670 588 3747 (quem
601 3678 632 3728 et
648 3668 744 3748 ipsum
760 3667 778 3728 a
796 3667 890 3728 multo
907 3676 1038 3748 ternpore
1052 3667 1245 3749 probavimus
1258 3669 1392 3730 ecclesias
1406 3667 1499 3729 lauda·
1566 3700 1581 3793 p
