3225 4700
530 344 554 411 I
558 346 661 412 ΤΙΝ
665 344 851 413 ERARI
857 345 942 411 ΠΜ.
1257 345 1320 410 419

92 564 98 574 ⁸
123 517 223 559 unum
241 497 373 559 intentus
388 497 442 579 qul
462 496 702 560 Hellerstadium
720 518 771 559 seu
785 508 849 560 arto
863 518 916 560 seu
931 496 1002 559 dolo
1019 497 1198 579 intercipere
1213 504 1321 578 posset.

125 593 238 655 Presso
252 605 350 656 tamen
364 595 446 677 apud
458 615 490 657 ss
503 595 641 671 consilio,
656 595 782 677 nequid
796 604 959 670 emanaret,
974 595 1120 678 vigesimo
1139 594 1227 656 tertio
1240 593 1264 657 J
1267 591 1321 654 ulii

123 690 362 774 quadringentos
383 692 505 754 circiter
527 692 642 774 pedites
668 700 699 753 et
722 692 868 754 ducentos
889 691 1005 773 equites
1030 701 1118 754 nocte
1145 683 1322 771 intempestd'

125 785 287 867 Groningt
308 787 434 848 dimittit
452 798 483 849 et
503 799 617 870 partem
634 789 768 871 peditum
789 789 822 850 in
842 789 977 850 ruinosus
995 798 1025 849 et
1041 788 1198 850 semirutos
1215 787 1322 849 domos

124 883 300 946 abscondite
321 883 504 946 diluculsnte
517 885 568 946 die
578 906 616 947 ex
629 885 677 947 bis
694 885 829 967 quinque
846 905 936 946 sexve
950 882 1068 947 circiter
1082 884 1182 946 induit
1195 884 1320 946 rustico-

122 999 192 1042 rum
203 981 320 1042 exuviis
339 991 370 1043 et
386 982 522 1065 granfine
542 982 642 1043 onusti
661 982 829 1065 ingressum
848 983 879 1043 in
894 982 998 1043 urbem
1016 989 1133 1062 parant,
1146 979 1178 1040 hi
1197 1000 1267 1042 cum
1281 980 1320 1042 ed

123 1086 247 1158 pentem
260 1077 417 1139 sublitium
429 1077 581 1141 venisseut
593 1079 613 1140 d
627 1079 777 1161 dispositis
794 1077 929 1141 excubiis
945 1077 1165 1152 exeminantur,
1177 1097 1321 1159 quorsum

122 1175 165 1236 ad
178 1175 282 1238 urbem
296 1185 501 1258 properarent.
543 1175 738 1258 Respondent
749 1175 899 1258 personati
915 1175 1018 1237 rustici
1032 1195 1064 1237 se
1076 1174 1212 1236 laborum
1226 1183 1256 1236 et
1269 1194 1319 1235 ne·

122 1270 273 1352 gotiorum
287 1291 378 1332 causa
389 1271 507 1333 aditum
518 1272 676 1354 postulare,
691 1272 841 1354 simulque
855 1273 1022 1355 ingressum
1033 1271 1193 1334 instantius
1202 1281 1320 1354 urgent.

123 1367 295 1430 Resistente
307 1368 426 1430 interim
438 1370 622 1444 excubitore,
633 1369 681 1432 bis
694 1369 924 1452 perurgentibus
935 1369 975 1431 ed
987 1388 1081 1441 arma,
1092 1387 1161 1449 quae
1172 1367 1228 1428 sub
1238 1379 1320 1428 veste

123 1461 257 1524 obsoleta
269 1474 416 1536 texerant,
429 1465 560 1540 venitur,
570 1467 705 1528 excubiae
716 1477 872 1542 necentur,
884 1465 971 1528 funes
981 1465 1033 1547 qui
1044 1464 1223 1527 attrahendo
1236 1465 1321 1546 penti

123 1559 294 1622 serviebant
309 1560 505 1631 dissecantur,
521 1560 615 1643 fitque
634 1562 782 1625 tumultus
799 1563 839 1624 ad
853 1571 981 1645 portam,
996 1583 1086 1644 quem
1100 1562 1175 1624 dum
1194 1560 1322 1622 audiunt

123 1655 270 1717 domuum
287 1656 446 1720 ruderibus
466 1657 614 1734 absconsi,
636 1659 786 1741 prodeunt
799 1669 830 1721 et
843 1658 977 1720 maximi
993 1657 1145 1721 celeritate
1166 1658 1198 1719 in
1216 1658 1320 1719 urbem

123 1763 293 1833 penetrant,
303 1763 334 1816 et
345 1754 490 1838 tantisper
496 1755 598 1836 quoad
606 1754 723 1838 equites
732 1755 944 1838 appropiarent
953 1765 1047 1837 portoe
1056 1755 1173 1817 aditum
1184 1763 1319 1836 apertum

122 1859 237 1924 teuent,
251 1871 288 1912 ac
301 1872 371 1913 mox
384 1852 447 1914 unit
459 1872 530 1914 cum
543 1853 692 1933 equitibus
704 1853 744 1915 ad
758 1853 916 1935 primarias
928 1853 961 1913 in
975 1851 1073 1913 sorum
1086 1850 1226 1912 excubias
1239 1850 1321 1911 festi·

123 1957 209 2021 nant,
223 1947 408 2030 militemque
421 1950 489 2011 istic
503 1949 662 2012 collectum
672 1950 819 2032 dissipant
831 1961 862 2012 et
876 1949 906 2010 iu
922 1950 1024 2032 fugem
1036 1947 1230 2029 compellunt,
1239 1946 1320 2029 fugi-

123 2043 180 2104 tivi
194 2044 315 2106 interim
329 2045 361 2107 in
374 2046 485 2108 tutiore
497 2046 564 2109 loca
583 2069 647 2110 sese
662 2047 841 2110 subtrahunt
853 2067 888 2108 ac
902 2066 940 2108 ex
953 2045 1085 2108 turribus
1099 2054 1132 2106 ut
1151 2054 1275 2126 possum
1288 2063 1320 2105 se

123 2149 255 2202 tuentur.
294 2140 372 2202 Mox
388 2151 489 2204 tamen
508 2143 692 2206 deditionem
711 2144 759 2206 eui
773 2143 890 2206 faciunt
906 2152 938 2205 ct
948 2142 1053 2204 urbem
1070 2141 1234 2203 victoribus
1248 2161 1321 2201 con·

123 2237 247 2299 cedunt.
287 2236 666 2322 Cbningemarclianorum
685 2242 830 2304 damnum
851 2241 933 2302 stetit
952 2239 983 2301 iu
1004 2251 1099 2300 morte
1114 2240 1242 2301 duorum
1259 2235 1320 2298 Co·

122 2333 300 2398 lonellorum
316 2335 484 2401 Berckeuii
497 2347 528 2400 et
542 2337 764 2423 Klaubergeri3
785 2338 975 2421 captivorum
985 2356 1138 2409 numerus,
1149 2335 1202 2417 qui
1217 2335 1320 2417 praesi-

124 2432 212 2494 diarii
234 2433 365 2509 fuerant,
389 2436 544 2516 superavit
568 2437 805 2519 quadringentos
830 2435 941 2497 milites
968 2434 1131 2516 gregarios,
1153 2434 1185 2493 in
1211 2433 1320 2515 quibus

122 2530 273 2591 numerati
293 2540 364 2592 sunt
381 2551 432 2592 sex
454 2532 614 2613 capitanei,
632 2532 782 2594 collonelli
801 2532 874 2607 duo,
897 2530 1030 2593 Heuster
1050 2529 1166 2591 scilicet
1186 2528 1247 2591 loci
1265 2550 1320 2611 gu·

123 2627 263 2689 bemetor
276 2635 306 2688 et
326 2626 437 2689 Petrus
454 2627 566 2701 Jacob,
579 2630 640 2690 und
660 2650 730 2692 cum
751 2627 901 2691 colonelli
921 2625 1021 2689 locum
1042 2636 1162 2687 tenente
1178 2624 1319 2689 Creitzio.

124 2724 211 2797 Quos
224 2723 353 2785 victores
366 2724 473 2787 relicto
486 2724 645 2788 sufficienti
658 2726 800 2808 praesidio
814 2746 917 2789 secum
930 2724 1065 2806 captivos
1078 2722 1277 2785 abduxerunt.

166 2819 275 2881 Mense
289 2817 458 2902 Septembri
473 2820 644 2884 Wetzlarioe
662 2822 873 2905 gravissimum
890 2832 936 2884 est
951 2830 1050 2883 ortum
1071 2818 1321 2901 incendiumque

122 2917 204 2977 intra
215 2934 380 2997 paucarum
393 2914 535 2979 horarum
548 2919 685 2999 spacium
698 2917 887 3000 septuaginta
900 2917 980 2979 sedes
993 2916 1153 2999 prtecipute
1167 2936 1237 2978 cum
1251 2915 1319 2999 plu·

121 3012 208 3073 rimis
218 3010 331 3072 horreis
339 3010 490 3074 frumento
499 3013 627 3097 oppletis
637 3014 752 3097 periere
761 3014 894 3076 maximo
904 3014 1115 3097 indigenarum
1127 3014 1321 3077 incommodo

122 3127 252 3189 qnorum
265 3104 398 3188 plerique
410 3108 450 3169 ad
464 3119 628 3171 extremam
637 3116 842 3189 paupertatem
855 3105 912 3169 hoc
928 3107 1017 3169 unico
1026 3126 1098 3168 casu
1109 3118 1317 3189 pervenerunt.

164 3204 275 3286 Lipsiae
294 3205 377 3266 circa
393 3205 459 3267 brec
477 3205 583 3268 eadem
602 3215 737 3286 tempora
751 3202 872 3265 strenue
890 3202 1078 3265 laborabatur
1094 3204 1126 3265 in
1148 3203 1320 3265 muniendis

123 3300 216 3382 portis
235 3300 377 3376 civitatis,
396 3301 447 3364 bic
468 3303 543 3365 dum
564 3301 701 3363 nonnulli
721 3300 810 3363 altius
830 3308 940 3361 terram
964 3298 1122 3375 rimentur,
1146 3300 1206 3361 tria
1224 3299 1321 3361 millia

122 3417 315 3459 nummorum
334 3410 544 3482 argenteorum
564 3398 749 3481 signatorum
765 3408 929 3472 eruerunt3
955 3416 992 3459 cx
1009 3396 1204 3479 inscriptione
1225 3396 1318 3457 annui

122 3492 241 3555 numeri
263 3502 328 3555 crat
350 3492 491 3576 colligere
510 3494 549 3556 ad
572 3492 761 3576 octingentos
783 3491 873 3554 facile
897 3512 990 3555 annos
1011 3504 1168 3575 argentum
1191 3490 1254 3555 illie
1275 3492 1320 3554 la·

122 3588 224 3651 tuisse.
267 3588 447 3652 Periculosae
464 3591 588 3673 plenum
603 3610 678 3671 opus
696 3589 769 3651 alea
789 3589 843 3651 sed
861 3588 1031 3651 Christiani
1048 3590 1184 3651 libertate
1205 3591 1318 3674 dignis·

121 3685 231 3749 simum
245 3697 374 3767 quatuor
387 3706 442 3769 pro
459 3687 581 3749 Christo
594 3685 674 3768 capti
695 3686 813 3769 pugiles
827 3695 857 3749 et
871 3706 947 3749 nare
966 3686 1095 3749 'l‘urcicd
1113 3688 1211 3749 erecti
1224 3707 1320 3749 ennu-
