3225 4700
473 366 879 437 ITINERARIUM.
1214 374 1277 438 309

91 515 301 597 conflagrasse,
321 525 352 579 et
372 518 558 581 munimenta
577 521 676 583 diruta
695 542 768 593 esse,
789 542 889 584 coram
910 523 1102 604 inspexisset3
1133 522 1213 584 uude
1235 545 1278 585 se·

91 621 234 690 quentem
247 621 342 673 totum
361 613 442 674 diem
459 614 567 677 festum
587 637 650 678 esse
665 618 766 697 jussit,
784 638 820 678 ao
836 620 981 701 majorum
995 627 1206 681 tormentorum
1220 621 1280 681 dis·

91 705 225 787 plosione
240 706 373 769 laetitiam
388 728 472 770 suam
486 712 519 772 in
531 712 622 795 longe
635 714 753 775 dissitas
763 723 855 775 terras
865 713 1043 796 divulgavit.
1078 716 1152 781 Dux
1161 714 1279 776 interim

93 802 323 884 Luneburgious
338 824 408 866 oum
421 806 540 868 Caesare
560 808 590 868 iu
610 810 738 891 gratiam
757 810 857 881 rediit,
876 830 911 870 ao
927 810 1073 871 universae
1091 811 1156 891 ejus
1176 812 1279 873 domui

92 897 244 977 quidquid
256 898 329 961 illue
340 920 434 981 usqne
443 903 606 965 minimum
616 903 713 967 fuerat
723 905 829 986 culpe,
841 905 1068 967 clementissime
1079 906 1278 969 condonatum

517 1593 707 1671 CAPUT
743 1595 851 1672 LXI.

151 1757 205 1825 De
220 1756 398 1828 Rebellione
413 1778 521 1832 contra
535 1768 652 1856 noyon
665 1770 834 1858 Hispania
847 1772 882 1837 in
899 1768 1092 1837 Catalaunio
1107 1770 1226 1861 Reyno.

103 1939 133 2020 ζ*
152 1933 169 2005 J¹
229 1944 259 2008 ζ’
287 1938 326 2005 ”“·,
347 1946 435 2027 ΠΜ
455 1954 517 2009 tota
535 1966 627 2028 prope
647 1946 810 2010 Germania
827 1948 905 2011 bello
925 1948 1074 2031 flagraret,
1095 1968 1130 2010 ae
1146 1950 1280 2025 dissidia,

193 2079 196 2086 ·
327 2121 329 2124 ἱ
382 2043 528 2123 ejusmodi
541 2063 646 2125 regum
658 2054 689 2106 et
701 2044 870 2126 principum
884 2054 1070 2107 externorum
1085 2044 1280 2107 intemorum·

124 2157 138 2183 κ·
174 2141 219 2218 ,·
247 2111 345 2242 ἔρ)
381 2159 439 2219 qne
453 2138 555 2220 aperto
566 2139 751 2220 occultique,
765 2140 976 2202 fomentatione
989 2160 1048 2201 non
1063 2149 1176 2202 tautum
1187 2142 1280 2202 nutri·

128 2237 143 2307 ᾗ
184 2223 291 2315 osb
303 2232 350 2311 «js
381 2244 493 2310 rentur,
517 2235 570 2296 sed
590 2236 679 2297 etiam
702 2236 871 2299 saevnsimis
895 2236 986 2297 armis
1008 2235 1040 2296 in
1060 2234 1280 2299 Germanorum

182 2333 196 2375 ῖ
220 2347 250 2382 τὰ
291 2346 325 2386 «⁴
380 2330 543 2415 perniciem
563 2340 816 2412 promoverentur,
838 2341 868 2394 et
887 2331 985 2394 indies
1003 2330 1092 2394 latins
1110 2341 1279 2414 serperent;

99 2431 131 2489 in
151 2431 328 2510 Hispaniam
345 2447 464 2509 quoqne
480 2446 560 2488 sara
576 2436 735 2508 tempestus
753 2427 900 2503 incubuit,
920 2449 988 2509 qnae
1007 2429 1127 2491 tandem
1145 2430 1179 2489 in
1192 2428 1280 2492 caa-

98 2525 201 2587 launii
214 2536 416 2609 praegnantem
430 2522 517 2584 malis
529 2523 638 2584 nubem
652 2542 713 2583 non
726 2523 790 2583 sine
803 2524 978 2604 gravissimo
990 2525 1080 2586 totius
1094 2527 1180 2607 regni
1193 2546 1281 2588 sensu

100 2640 260 2682 exonerare
278 2621 366 2701 oepit.
409 2619 607 2697 Posteaquam
627 2616 707 2678 enim
720 2616 785 2696 ejus
803 2617 889 2699 regni
903 2617 1008 2681 incolae
1028 2619 1120 2701 Regis
1134 2619 1282 2682 Catholici

101 2715 256 2779 Vinarium
276 2716 369 2777 Anno
388 2713 558 2776 Christiano
578 2709 736 2772 millesimo
755 2712 967 2774 sexcentesimo
985 2714 1211 2796 quadragesimo
1230 2736 1283 2797 par

100 2831 251 2872 summum
263 2810 359 2871 seclus
371 2808 434 2871 vita
447 2807 630 2888 fortunisque
643 2807 801 2887 spoliatum
821 2807 852 2867 in
871 2809 1006 2871 ordinem
1022 2811 1214 2892 redegissent,
1228 2813 1282 2874 ad·

100 2907 173 2968 duni
185 2905 246 2968 hue
258 2926 351 2986 usque
365 2924 512 2985 nusquam
528 2911 697 2984 potuerant,
718 2912 753 2964 ut
769 2922 852 2964 arma
872 2903 1063 2985 deponerent,
1083 2905 1203 2986 regique
1217 2926 1280 2983 suo,

100 3023 155 3065 seu
167 3003 308 3064 damnato
320 3022 373 3063 seu
384 3009 524 3062 excusato
536 2999 645 3074 furore,
659 2999 876 3074 subderentnr3
896 2999 1009 3062 silicet
1025 3020 1078 3062 rex
1095 3001 1282 3078 edlaborarit,

101 3109 137 3161 ut
149 3098 339 3160 rebellionem
352 3095 463 3178 quanti
474 3106 572 3178 posset
584 3094 729 3156 modestia
741 3095 862 3176 sopiret,
874 3114 1027 3175 uunquam
1045 3105 1145 3158 tamen
1161 3097 1201 3158 ad
1214 3117 1284 3159 oon-

102 3195 238 3257 siliorum
251 3213 372 3256 snorum
383 3202 492 3255 metam
505 3191 602 3272 potuit
615 3190 800 3273 pertinger03
822 3189 902 3251 unde
915 3191 946 3251 in
960 3191 1140 3269 justissimas
1157 3193 1215 3255 iras
1232 3214 1283 3255 ex·

103 3291 185 3366 arsit,
199 3290 381 3370 collectoque
394 3288 487 3350 milite
501 3287 532 3348 in
547 3286 651 3368 Regioe
665 3285 832 3368 Majestatis
844 3305 909 3347 reos
922 3285 1023 3348 valido
1033 3289 1164 3351 exercitu
1181 3293 1283 3367 movit,

103 3405 165 3446 non
179 3395 278 3447 tamen
289 3386 360 3446 satis
369 3383 497 3466 propitio
507 3383 626 3443 Marte:
646 3381 741 3463 oopiae
750 3400 878 3461 namque
888 3379 1139 3445 illaeorebellibus
1148 3385 1283 3462 subditis,

103 3481 206 3542 omnia
217 3480 325 3542 itinera
337 3489 367 3541 et
378 3479 477 3540 aditus
488 3475 604 3538 summi
617 3476 689 3537 ouri
704 3486 734 3537 et
751 3476 952 3538 sollicitudine
968 3477 1191 3542 observantibus
1206 3500 1284 3542 novo

104 3576 223 3658 flagitio
244 3595 322 3637 emsa
343 3585 422 3636 sunt.
463 3574 505 3635 Et
523 3572 594 3653 qnia
611 3571 753 3633 sidebant
776 3571 923 3654 ejusmodi
941 3591 1030 3634 ausus
1049 3593 1109 3635 non
1128 3594 1283 3656 passurum

106 3673 223 3756 Regem
242 3671 441 3746 Catholioum,
460 3687 620 3752 poenosque
638 3667 858 3749 deposcitumm
876 3668 961 3732 novis
978 3668 1131 3732 submissis
1148 3670 1284 3747 ducibus,
