3225 4700
342 317 401 381 104
744 314 769 379 I
774 310 1059 381 TINERARI
1066 312 1153 379 ΗΜ.

340 470 393 531 sed
405 476 436 530 et
451 488 487 529 ex
501 466 598 528 insnld
614 464 732 528 Iisdum
746 466 870 529 adfuere
886 466 995 544 hostes,
1014 467 1067 548 qui
1085 476 1202 529 nostros
1213 464 1246 525 iu
1261 464 1366 547 fugam
1383 462 1587 545 oonjecdrd

340 574 427 646 capto
445 564 538 625 Petro
553 563 639 625 Oroll
652 561 810 644 Capitauei
828 563 1058 639 locumtenente,
1073 584 1144 623 oum
1160 561 1228 623 aliis
1243 561 1379 643 panonlis
1399 560 1559 621 Ibernis
1572 553 1587 620 :l

339 660 485 743 vigesimd
499 658 606 741 qnartd
619 659 765 741 ejusdem,
781 660 945 722 Wismario
959 660 1049 722 Sueoi
1067 660 1231 721 emiserunt
1243 658 1379 739 equiturn
1397 667 1586 729 turmam,

339 758 392 839 qui
408 756 551 838 pauculos
566 756 692 837 Equites
704 763 735 816 et
747 755 874 817 famulos
886 759 904 818 ὲ
917 757 1036 839 legione
1049 755 1198 818 Colonelli
1213 753 1322 816 Siohoii
1337 754 1369 815 iu
1383 753 1587 833 eaptivita·l

339 864 401 917 tem
422 853 621 914 abduxerunt.
668 850 799 924 Quantae
817 852 890 913 verb
911 851 993 914 eirea
1013 852 1080 913 haes
1101 850 1168 912 loca
1187 851 1293 912 militis
1314 850 1407 912 nostri
1427 847 1586 911 fuer-inti

337 950 478 1026 miserioe,
497 949 559 1010 dici
575 958 627 1010 ant
641 948 771 1009 describi
789 967 850 1008 non
867 956 974 1030 potest,
992 948 1174 1029 cogebantur
1191 949 1272 1008 enim
1289 948 1414 1029 integrm
1432 955 1586 1008 tur-maer

339 1048 395 1108 sub
412 1056 514 1128 aperto
531 1045 623 1120 Jove,
640 1044 716 1107 ooelo
733 1044 930 1126 frigidissimo
948 1044 1058 1107 multas
1075 1053 1177 1105 nostes
1196 1044 1326 1124 exigere,
1347 1044 1400 1103 vix
1417 1043 1576 1103 aliunde

338 1164 429 1224 qnam
450 1144 569 1205 nivibus
589 1151 619 1204 et
632 1141 748 1223 pruinis
767 1141 937 1220 asperrimis
953 1142 1044 1202 tecti:
1076 1142 1177 1220 Atque
1195 1139 1260 1200 huo
1274 1140 1376 1200 omnia
1388 1141 1572 1201 tenacitati

339 1240 428 1301 unius
447 1249 501 1301 ant
518 1238 639 1300 alterius
657 1235 815 1298 Generalis
831 1235 1066 1318 imputabantur,
1081 1236 1134 1316 qui
1145 1236 1224 1302 ,lieet
1240 1235 1298 1316 ipsi
1316 1236 1426 1297 milites
1444 1248 1573 1299 esseut

338 1324 453 1418 egregii
466 1335 584 1395 nullum
597 1342 762 1394 metuentes
775 1332 902 1409 hostem,
917 1333 1053 1415 pecuniis
1065 1343 1166 1394 tamen
1181 1318 1309 1393 nimium
1326 1342 1479 1413 quantum
1499 1335 1567 1394 ad·

338 1433 501 1507 haerebant,
512 1431 640 1511 ideoqne
650 1438 685 1491 ut
696 1450 763 1491 suas
774 1450 846 1511 opes
855 1439 999 1511 augerent
1010 1429 1139 1490 militem
1149 1429 1299 1509 reliquum
1308 1430 1567 1510 pessundabant.

337 1528 454 1589 Audivi
468 1547 528 1587 non
542 1526 694 1587 nemiuem
706 1525 838 1602 illorum,
852 1527 1016 1607 aliquando
1028 1546 1060 1587 se
1074 1546 1143 1587 eum
1156 1524 1180 1587 J
1181 1546 1277 1587 osnne
1291 1526 1330 1587 de
1344 1527 1453 1589 Wertlr
1467 1549 1563 1588 con·

338 1624 492 1698 ferentem,
504 1623 556 1684 sed
571 1623 633 1683 visa
647 1631 691 1683 est
703 1622 778 1683 mihi
791 1622 857 1684 haeo
869 1623 989 1684 collatio
998 1622 1082 1684 velut
1092 1622 1204 1704 Reguli
1217 1642 1288 1683 cnm
1298 1623 1423 1703 Aquila.
1452 1624 1563 1684 War-

338 1720 419 1783 thius
433 1720 514 1781 enim
527 1720 628 1779 omnia
640 1739 709 1800 qnae
724 1720 956 1801 aggrediebatur
969 1720 1032 1781 suis
1048 1719 1187 1801 ampioiis
1200 1729 1230 1781 et
1244 1720 1378 1780 consiliis
1393 1721 1557 1797 faciebat;

340 1816 405 1877 Hic
419 1825 518 1877 autem
536 1815 664 1876 aliorum
675 1818 764 1897 jussu
778 1825 808 1877 et
823 1816 1023 1891 ordinatione,
1037 1826 1068 1877 et
1083 1816 1165 1896 qnod
1180 1825 1269 1897 eaput
1280 1826 1324 1877 est
1337 1816 1500 1879 Warthius
1522 1840 1560 1879 se

338 1914 436 1995 potius
450 1933 541 1993 quam
555 1932 676 1973 suorum
690 1912 823 1972 militum
837 1912 970 1993 aliquem
984 1923 1095 1975 temere
1112 1912 1299 1993 perdidisset,
1313 1912 1479 1975 bisantem
1503 1916 1556 1975 iu·

338 2020 438 2092 tegras
449 2008 581 2091 legiones
599 2008 695 2089 perire
712 2007 766 2069 sna
785 2008 911 2070 avaritid
928 2009 1053 2071 sinebat.
1095 2009 1157 2071 Sed
1172 2009 1238 2070 haeo
1253 2030 1324 2070 oum
1341 2009 1465 2071 alterius
1483 2013 1556 2073 sint

339 2108 407 2177 fori,
421 2105 533 2167 adalia
547 2104 784 2187 progrediamur.

381 2203 452 2263 Hos
475 2223 554 2263 anno
577 2202 710 2283 quinque
737 2203 945 2285 Hispanorum
964 2204 1070 2281 millia,
1093 2204 1306 2266 anlrirclram
1327 2212 1456 2284 quatuor
1476 2206 1553 2266 anri

339 2320 412 2362 vasa
431 2300 624 2361 devexerunt.
672 2298 710 2359 In
731 2299 920 2383 Portugallid
937 2321 1058 2382 quoque
1076 2301 1185 2382 aliquis
1202 2310 1307 2363 contra
1323 2299 1550 2381 Hispaniarum

340 2399 457 2480 Regem
476 2406 574 2458 motus
594 2406 639 2458 est
654 2398 810 2469 excitatus,
830 2399 884 2480 qni
899 2408 998 2460 tamen
1020 2419 1111 2479 qnam
1128 2419 1199 2460 mox
1218 2399 1338 2459 sedatus
1357 2407 1412 2460 est.
1454 2399 1551 2459 Obiit

340 2514 457 2575 quoque
472 2493 609 2554 Mantua
625 2493 700 2554 Dux
711 2495 767 2556 hoo
786 2497 891 2557 eodem
905 2517 994 2557 anno.
1037 2496 1101 2558 Sub
1118 2495 1209 2556 finem
1223 2495 1247 2558 J
1248 2495 1367 2556 aunarii
1378 2496 1547 2557 Vise-Ma·

339 2589 501 2652 rasoballus
512 2589 620 2650 Comes
634 2591 672 2650 de
683 2591 822 2674 Ridberg
836 2593 909 2653 dnm
923 2613 976 2673 per
988 2612 1080 2673 aquas
1090 2591 1186 2674 glaeie
1200 2593 1354 2666 obductas,
1365 2593 1397 2652 in
1411 2593 1544 2654 insulam

342 2687 409 2768 Rye
428 2688 586 2749 transitum
602 2685 733 2761 molitur,
749 2690 963 2770 praemittitque
979 2711 1017 2751 ex
1034 2690 1169 2771 equitatu
1183 2689 1420 2771 quinquagenos,
1434 2692 1487 2771 qui
1500 2713 1542 2751 an

339 2784 496 2846 commode
516 2784 636 2845 transiri
655 2794 746 2865 queat
763 2793 897 2846 tentent:
925 2786 957 2845 hi
975 2807 1078 2848 omnes
1095 2806 1166 2846 oum
1183 2786 1302 2868 longius
1318 2787 1540 2867 processissent,

340 2882 437 2965 glacie
450 2881 537 2964 ruptd
551 2881 712 2962 perierunt,
725 2880 767 2942 ita
780 2891 814 2942 ut
829 2883 926 2943 redire
941 2883 1050 2943 Oomes
1064 2892 1182 2944 coaetus
1196 2882 1295 2944 firerit.
1331 2881 1416 2955 Quid
1427 2885 1539 2945 mirum

339 2980 422 3051 verb,
436 2979 461 3039 si
474 2977 652 3056 quandoque
668 2977 759 3038 Dsus
772 2978 829 3038 sibi
843 2978 1069 3040 adversantibus
1085 2979 1281 3040 adversaturi
1322 2979 1466 3060 Quisquis
1482 2983 1539 3042 mi·

338 3073 426 3135 litum
441 3072 563 3134 Baccho
576 3082 606 3133 et
618 3073 731 3134 Veneri
748 3074 881 3149 deditur,
894 3095 973 3155 saepe
987 3075 1006 3136 b
1021 3075 1092 3136 Duo
1107 3075 1272 3136 neeessarid
1284 3095 1339 3157 ope
1355 3077 1534 3139 destituitur.

341 3170 526 3230 Pudendnm
543 3179 587 3229 est
599 3169 690 3249 hodie
709 3179 808 3232 eastra
823 3170 896 3232 illus
912 3172 1083 3248 defluxisse,
1098 3182 1133 3233 ut
1149 3171 1257 3234 merito
1269 3173 1398 3246 dubites,
1411 3193 1450 3234 an
1461 3174 1536 3236 inter

338 3264 449 3326 milites
461 3264 550 3326 Dans
563 3264 688 3342 solatur,
700 3267 746 3328 vel
762 3268 787 3328 si
801 3267 910 3329 colitur
924 3268 950 3328 is
962 3267 1012 3329 vel
1022 3268 1162 3329 Baoehns
1174 3278 1220 3329 est
1232 3269 1280 3330 vel
1291 3269 1404 3330 Venus.
1437 3271 1532 3342 Quam

339 3361 462 3444 quidem
482 3360 665 3441 impietatem
685 3363 796 3443 optime
817 3384 913 3444 nuper
933 3365 1107 3445 perstrinxit
1126 3364 1321 3444 pudicissima
1335 3367 1387 3427 illa
1400 3368 1486 3448 juxta
1502 3377 1531 3427 et

339 3457 524 3519 nobilissima
539 3457 682 3534 Domina,
697 3461 865 3521 Antonetta
883 3461 926 3521 La
943 3460 1013 3541 Roy
1026 3460 1059 3520 in
1073 3460 1230 3522 convivio:
1252 3463 1302 3522 oui
1318 3483 1389 3523 oum
1402 3463 1422 3524 b
1436 3462 1527 3544 magni

338 3554 470 3614 nominis
483 3553 554 3614 belli
570 3553 658 3616 Duae
671 3557 784 3616 vitrum
797 3567 967 3637 porrectum
980 3567 1067 3632 esset,
1079 3558 1109 3618 iu
1124 3577 1185 3638 qno
1197 3577 1285 3618 sunm
1297 3559 1349 3620 ille
1361 3581 1423 3622 esse
1436 3561 1526 3620 Danu

338 3649 521 3728 venditabat,
534 3650 599 3732 ipsa
611 3651 736 3714 dimisso
745 3653 776 3713 in
791 3661 902 3715 terram
915 3655 933 3715 ὲ
944 3653 1083 3716 manibus
1095 3654 1174 3716 vitro
1185 3653 1237 3731 ait,
1250 3675 1321 3717 ecoe
1335 3657 1438 3720 Daurr
1450 3667 1528 3718 tunm
