3225 4700
1547 823 1935 900 CAPUT
2005 824 2142 899 IV.

791 1039 896 1106 De
923 1051 1132 1107 nostro
1162 1062 1235 1106 ex
1268 1037 1523 1105 Ibernid
1545 1063 1663 1124 per
1693 1039 2102 1106 Britanniam
2127 1041 2195 1107 in
2228 1039 2632 1106 Germaniam
2665 1039 2916 1107 Itinere.

773 1257 812 1335 J·
1001 1300 1009 1316 ,
1179 1256 1560 1319 LUSCULI
1596 1257 1739 1317 olim
1782 1257 2039 1319 Iberniae
2079 1257 2347 1318 Insulam
2376 1257 2557 1319 variis
2594 1257 3039 1319 commentariis

704 1388 716 1404 ι
753 1358 755 1360 ’
868 1332 1113 1508 ἥδ
1212 1353 1605 1430 illustrarunt,
1662 1354 1823 1416 unde
1877 1354 2149 1436 longiore
2201 1355 2312 1417 hoc
2358 1356 2491 1417 loco
2538 1356 2811 1416 discumu
2863 1354 3037 1415 haud

1213 1472 1395 1534 opus.
1441 1450 1588 1512 illuc
1626 1453 1927 1513 curiosum
1967 1451 2271 1523 lectorem,
2316 1452 2420 1532 qui
2458 1451 2633 1532 plura
2663 1471 2832 1511 nosse
2870 1451 3034 1512 desi·

745 1589 748 1597 =
789 1560 792 1561 ’
954 1584 957 1585 ⁷
1212 1549 1400 1623 derat,
1443 1549 1703 1622 remitto,
1748 1548 1878 1608 haec
1918 1548 2110 1609 obiter
2140 1548 2361 1608 nobis
2344 1549 2669 1609 insinuasse
2704 1547 3031 1608 sufficiant.

668 1673 690 1699 ··
732 1661 749 1705 z
784 1669 793 1681 ⁴
844 1629 873 1694 ³,
893 1508 1165 1760 fffi
1213 1644 1459 1706 Ibernia
1485 1643 1632 1705 olim
1655 1646 1730 1705 ab
1761 1644 2023 1705 Himeco
2048 1664 2155 1705 seu
2183 1643 2417 1705 Hibero
2446 1643 2717 1706 Galhelis
2744 1653 2803 1704 et
2831 1644 3032 1706 Scotae

1211 1743 1399 1821 (unde
1443 1742 1649 1803 Scotia
1684 1761 1902 1802 nomen
1948 1741 2153 1802 sortita
2190 1739 2307 1821 est)
2341 1739 2489 1816 filio,
2528 1740 2694 1802 dicta
2737 1740 3027 1814 creditur,

647 1835 766 1909 vel,
815 1837 982 1917 quod
1023 1857 1168 1898 vero
1215 1837 1494 1912 similius,
1540 1839 1617 1898 ab
1658 1830 1862 1898 Ie'rnfi..
1966 1836 2299 1919 Divisfique
2342 1858 2499 1899 anno
2544 1848 2676 1919 post
2718 1836 3031 1901 Christum

643 1942 853 1993 natum
895 1935 1309 1996 trecentesimo
1346 1935 1715 2018 sexagesimo
1752 1935 1817 1994 in
1854 1944 2108 2014 quatuor
2145 1943 2341 2016 partes
2373 1955 2480 1994 seu
2516 1933 2853 2015 provincias
2898 1934 3030 1995 sive

644 2029 917 2104 ducatus,
951 2031 1058 2110 qui
1091 2031 1270 2092 hodie
1303 2041 1561 2111 quatuor
1607 2029 2150 2112 archiepiscopatus
2187 2029 2472 2111 appellari
2512 2031 2814 2092 videntur.
2922 2030 3026 2090 Fi-

644 2126 780 2186 dem
816 2125 1206 2188 orthodoxam
1234 2128 1457 2208 recepit
1491 2148 1651 2189 anno
1687 2137 1820 2208 post
1853 2127 2176 2207 parientem
2204 2128 2521 2208 Virginem
2556 2126 3027 2208 quadringente-

643 2222 798 2283 simo
825 2223 1128 2304 trigesimo
1154 2224 1351 2285 tertio.
1427 2223 1569 2285 Hac
1597 2225 1662 2284 in
1686 2222 1897 2285 Insula
1922 2223 2199 2284 visuntur
2222 2243 2359 2304 quae
2380 2244 2616 2285 omnem
2632 2224 2815 2302 prope
2838 2222 3024 2284 fidem

644 2317 968 2382 humanam
1005 2321 1324 2395 excedunt,
1354 2320 1469 2382 nisi
1507 2320 1686 2382 etiam
1714 2340 1876 2382 nunc
1910 2319 2087 2381 hodie
2123 2319 2563 2382 evidentissima
2593 2330 2868 2381 extarent
2891 2340 3024 2382 mo-

643 2424 951 2487 numenta,
978 2436 1112 2497 quae
1141 2417 1391 2497 ipsemet
1417 2438 1619 2479 coram
1644 2418 1836 2479 oculis
1863 2418 2167 2498 usurpavi.

728 2512 806 2573 In
837 2511 1106 2588 Ultonia,
1139 2514 1349 2575 insulae
1378 2514 1558 2595 hujus
1585 2524 1775 2594 parte,
1804 2513 1970 2575 lacus
2010 2513 2368 2575 Niachensis
2396 2523 2508 2585 est,
2535 2513 2599 2573 in
2628 2533 2805 2592 quem
2836 2513 2888 2574 si
2916 2535 3021 2595 pa-

640 2607 768 2669 lum
796 2608 951 2691 figas
977 2609 1248 2691 ligneum
1276 2609 1576 2691 (mirabile
1603 2611 1765 2684 visu)
1788 2610 1860 2671 est
1882 2619 2049 2693 parte
2077 2609 2194 2691 qua
2228 2620 2401 2671 terrae
2430 2608 2679 2669 inhaeret
2704 2608 2767 2669 in
2793 2609 3020 2671 ferrum

641 2714 1013 2786 quantocyus
1054 2706 1200 2781 abit,
1244 2706 1429 2767 altera
1474 2727 1609 2786 quae
1655 2706 1827 2787 aquis
1877 2705 2124 2767 alluitur
2169 2706 2501 2787 lapidescit,
2546 2705 2776 2787 reliqua
2819 2708 3021 2789 lignea

642 2811 843 2863 manet
870 2811 939 2863 ut
963 2810 1100 2863 ante
1127 2802 1336 2863 filerat.
1420 2802 1654 2863 Visitur
1678 2822 1799 2863 non
1828 2801 2037 2885 procul
2065 2802 2207 2862 inde
2231 2812 2292 2863 et
2317 2802 2437 2863 alia
2472 2802 2669 2864 insula
2698 2804 2760 2865 in
2796 2804 3019 2866 ducatu

573 2960 578 2967 ,
643 2897 975 2960 Momoniae
1021 2899 1312 2960 comitatu
1352 2898 1791 2978 Typerariensi,
1838 2898 1903 2957 in
1945 2896 2067 2978 qua
2109 2918 2283 2958 nemo
2326 2918 2593 2980 unquam
2634 2900 2907 2975 moritur,
2956 2911 3018 2962 et

639 2993 784 3055 licet
817 2995 945 3054 illic
983 2996 1326 3055 morborum
1364 2995 1457 3056 vis
1491 2995 1762 3056 homines
1798 2995 2049 3077 affligat,
2078 3015 2385 3075 nunquam
2416 3005 2614 3056 tamen
2653 2996 2733 3057 ad
2762 3009 3015 3060 mortem

640 3090 905 3163 deducit,
945 3110 1126 3171 quam
1167 3092 1273 3152 diu
1310 3090 1459 3151 inibi
1496 3089 1858 3166 detinentur,
1887 3091 2049 3152 unde
2076 3090 2425 3151 Viventium
2465 3092 2673 3153 Insula
2698 3094 3011 3155 vocitatur.

643 3183 826 3245 Hanc
874 3185 1054 3246 etiam
1099 3187 1354 3248 insulam
1401 3206 1515 3270 ego
1564 3187 1691 3267 ipse
1737 3187 1887 3248 vidi.
1992 3188 2231 3248 Ibidem
2274 3196 2541 3268 spectare
2584 3198 2674 3249 est
2726 3199 2787 3250 et
2831 3190 3011 3251 aliam

638 3281 916 3352 insulam,
939 3282 1002 3342 in
1030 3301 1150 3363 qua
1176 3295 1548 3346 mortuorum
1575 3285 1871 3346 cadavera
1896 3286 2007 3345 sub
2034 3284 2192 3345 terra
2217 3306 2329 3346 nec
2355 3286 2489 3346 tabe
2518 3306 2627 3347 nec
2655 3286 2775 3347 alio
2800 3289 3012 3367 quovis

637 3378 819 3439 modo
847 3377 1245 3455 resolvuntur,
1263 3382 1424 3442 unde
1447 3391 1579 3462 post
1603 3401 1792 3442 annos
1813 3380 2099 3462 plurimos
2125 3382 2321 3442 omnis
2342 3392 2498 3443 retro
2517 3383 2873 3464 posteritatis
2890 3386 3007 3459 avi,

635 3476 863 3553 proavi,
895 3476 1264 3557 majoresque
1288 3477 1554 3538 universi
1588 3475 1916 3538 clarissime
1950 3479 2241 3561 distingui
2273 3490 2540 3561 possunt.
2624 3480 2767 3540 Non
2803 3482 3010 3561 procul

635 3571 778 3632 inde
804 3572 925 3633 alia
951 3582 1314 3635 monstratur
1333 3574 1529 3635 insula
1556 3574 1655 3634 ubi
1675 3573 2159 3655 praetervolantes
2186 3576 2460 3651 aviculae,
2482 3576 2764 3637 virtutem
2781 3578 3010 3639 volatus

635 3669 916 3749 perdunt,
956 3670 1108 3732 adeo
1148 3679 1219 3731 ut
1260 3670 1375 3731 nisi
1416 3670 1535 3731 alio
1575 3668 1918 3746 efferantur,
1964 3670 2194 3732 alarum
2242 3672 2495 3754 remigio
2542 3673 2630 3734 uti
2676 3684 3007 3755 nequeant3
