3225 4700
483 346 893 421 ITINERARIUM.
1225 350 1286 419 lot

59 498 187 577 ducta,
202 522 332 585 cumque
345 502 479 580 omnino,
490 504 623 586 exceptis
635 504 769 587 partibus
782 503 1001 579 secretioribus,
1010 502 1114 577 fuisset
1125 504 1288 583 denudata,

60 608 97 659 et
121 600 163 661 in
186 601 349 682 equuleum
368 610 501 678 extensa,
519 602 598 663 inter
616 602 715 685 prima
729 610 879 665 tormenta
896 601 942 663 nil
956 602 1119 683 quicquam
1138 614 1184 666 est
1199 605 1287 685 fasse,

62 716 148 757 curn
165 708 270 760 autem
286 699 327 760 ad
339 698 492 782 graviores
507 718 611 781 pesnas
623 708 700 762 esset
715 698 903 773 deducenda,
917 699 1076 781 deprecata
1085 710 1141 775 est,
1154 711 1187 762 ct
1196 702 1288 763 libert

64 813 102 853 se
114 794 260 857 daemoui
273 795 336 858 fide
346 796 519 858 obstrictam
532 797 619 872 dixit,
632 816 762 878 cumque
776 816 812 857 eo
820 816 899 878 ssepe
912 796 1020 877 sepius
1029 797 1224 859 concubuisse
1233 799 1289 859 sub

66 892 185 971 specie
201 891 294 967 virili,
307 892 458 974 simulque
475 894 637 974 complices
654 912 817 973 earumque
833 892 968 954 fecicum
985 894 1112 974 apertuit.
1154 894 1204 956 Ob
1220 914 1289 976 qua

66 1006 190 1049 omnes
204 988 246 1049 ed
258 1000 387 1050 mortem
398 990 547 1052 damnate
560 990 742 1072 supplicium
756 1010 812 1071 pro
822 989 931 1051 merito
943 989 1073 1052 luerunt.

117 1082 230 1145 Tertii
249 1084 391 1147 Januarii
414 1085 582 1149 Daminum
602 1108 706 1149 versus
724 1086 921 1168 perreximus,
942 1086 1098 1149 Gallassus
1115 1087 1188 1149 verb
1210 1088 1291 1149 Neo·

67 1180 365 1264 brandenburgam,
387 1184 513 1245 atinde
534 1183 768 1244 Anclariensem
791 1181 989 1255 obsidionem,
1011 1202 1080 1263 quas
1104 1184 1168 1245 sine
1189 1183 1291 1244 fructu

70 1278 330 1352 continuabatur,
350 1278 488 1355 solveret,
509 1300 547 1341 ue
567 1279 652 1341 miles
672 1279 740 1361 plus
759 1279 831 1340 inde
851 1278 955 1340 damni
974 1279 1065 1360 quim
1086 1280 1291 1352 emolumenti,

71 1372 192 1436 adulti
200 1375 267 1456 jam
280 1374 399 1456 byeme,
411 1385 539 1457 caperet.
575 1376 614 1436 In
628 1376 734 1439 itinere
747 1375 804 1436 hoc
819 1374 982 1457 plurimum
996 1377 1067 1456 equi
1080 1377 1174 1439 nostri
1187 1377 1291 1439 defici·

74 1482 153 1532 enta
176 1472 299 1553 pabulo,
317 1472 360 1534 ita
379 1482 414 1535 ut
432 1493 471 1534 ne
490 1482 653 1535 stramenta
673 1472 796 1554 quidem
816 1472 901 1552 equis
918 1473 1090 1535 reficiendis
1108 1473 1290 1549 sufficerent,

75 1568 167 1647 passi
186 1577 267 1631 sunt.
309 1569 485 1631 Accedebat
501 1569 599 1653 frigus
615 1568 859 1644 intensissimum,
875 1569 952 1631 adeo
968 1571 1100 1631 militurn
1117 1571 1292 1653 corporibus

76 1666 225 1739 noxium,
239 1674 275 1727 ut
288 1666 425 1727 nonnulli
438 1667 539 1727 statim
551 1667 745 1728 conciderent
758 1665 879 1726 mortui.
913 1666 966 1728 Ad
981 1666 1110 1747 Preslyn
1126 1667 1179 1728 nbi
1192 1667 1292 1739 Quar-

78 1763 200 1823 terium
211 1761 261 1844 (nt
269 1764 391 1840 vocant)
401 1762 566 1845 principale
578 1772 643 1824 erat
654 1782 724 1824 cnm
736 1762 863 1823 biduum
875 1761 1118 1836 substitissemus,
1129 1762 1206 1823 inter
1216 1763 1293 1823 Offi-

78 1858 183 1919 ciales
198 1858 354 1941 plerosque
369 1858 557 1940 aliquantum
574 1858 788 1921 tumultuatum
804 1867 860 1932 est,
873 1858 957 1939 qnod
970 1857 1057 1918 bonis
1071 1867 1186 1919 tautum
1202 1857 1293 1919 laeta·

82 1964 198 2015 rentur
205 1956 316 2031 verbis,
327 1976 383 2017 nec
396 1956 439 2017 rei
453 1956 633 2037 pecuniarias
644 1955 812 2037 quidquam
825 1954 882 2016 sibi
893 1961 946 2015 aut
957 1952 1048 2015 militi
1061 1952 1203 2015 exhausto
1216 1957 1293 2034 pene

82 2061 117 2113 et
126 2052 215 2113 nudo
222 2052 355 2114 daretur.
377 2052 558 2114 Merebatur
566 2054 686 2135 quoque
693 2072 754 2113 non
764 2050 1293 2113 obscurisserrnonibnsGenerelium

84 2149 283 2229 quorundam
296 2148 449 2230 iniqnitas,
463 2150 516 2230 qui
530 2170 589 2226 eos,
602 2150 710 2230 quibus
724 2150 800 2211 bene
814 2148 927 2210 vellent
938 2148 979 2208 etl
993 2147 1210 2228 Imperatorem
1224 2147 1294 2209 reli·

86 2264 228 2326 quosque
239 2246 400 2327 Principes
409 2245 560 2306 mitterent
569 2244 695 2307 nuncios
704 2254 943 2327 expugnatarum
957 2244 976 2305 b
988 2264 1020 2305 se
1034 2244 1164 2320 urbium,
1178 2251 1213 2304 ut
1226 2265 1292 2306 earn

87 2363 163 2423 qma
172 2341 264 2404 militi
273 2342 432 2404 deberetur
441 2343 609 2404 mercedem
620 2342 828 2425 anticiparent,
841 2341 927 2402 miles
940 2339 1070 2417 interim,
1082 2341 1136 2423 qui
1148 2339 1295 2418 laborem,

89 2439 273 2522 mngumem
285 2449 317 2500 et
325 2440 419 2502 sitam
431 2439 622 2522 exposuisset,
634 2449 742 2520 proeter
755 2439 890 2501 miserias
902 2447 934 2500 et
945 2436 1072 2500 vnlnere
1081 2437 1125 2497 nil
1138 2438 1293 2500 obtineret.

91 2537 289 2616 Responsum
306 2545 361 2611 est,
381 2556 417 2598 ea
434 2556 516 2596 nnnc
536 2557 600 2596 esse
617 2545 762 2618 tempora,
781 2535 893 2617 quibus
910 2534 983 2597 satis
999 2533 1066 2595 lieri
1082 2533 1220 2594 omnibus
1233 2553 1294 2596 non

91 2643 206 2714 possm,
221 2632 247 2694 si
264 2633 445 2715 quandoque
466 2653 529 2695 sors
547 2632 652 2694 melior
668 2633 795 2694 afflasset
809 2631 979 2715 imperium,
994 2630 1058 2692 iore
1075 2630 1180 2711 utique
1193 2641 1227 2691 ιιι
1240 2652 1295 2712 pro

91 2729 287 2812 singulorum
301 2730 474 2792 conditione
489 2729 614 2811 praemia
629 2729 726 2791 cuivis
743 2730 987 2791 decernerentur.

138 2826 243 2888 Iberni
262 2827 355 2888 nostri
374 2847 428 2887 sua
448 2826 582 2907 hyberna
601 2825 815 2908 Mechlebnrgi
831 2832 1026 2906 acceperunt:
1051 2823 1143 2885 distat
1161 2823 1298 2886 Mechle-

93 2923 229 3005 burgum
247 2919 308 2983 non
327 2922 386 2983 nisi
402 2921 476 2983 borb
488 2921 661 2996 Wismario,
679 2922 758 2984 unde
774 2921 878 2983 Duces
896 2919 1180 3002 Mseblebnrgsnses
1197 2930 1296 2983 ortum

95 3039 188 3080 snum
201 3028 231 3079 et
244 3038 353 3080 nomen
366 3018 508 3080 trabum:
526 3026 685 3079 tenuerant
697 3037 767 3078 cnm
780 3017 880 3079 locum
891 3036 952 3077 non
965 3016 1061 3077 multb
1071 3023 1140 3076 anta
1153 3016 1212 3077 tria
1222 3017 1297 3078 Sue·

96 3135 204 3178 corum
220 3114 326 3190 millia,
342 3116 396 3176 sed
414 3114 433 3175 l
452 3114 750 3177 Neoclaustrensibus
766 3134 863 3195 nuper
880 3113 980 3175 obruti
997 3112 1183 3194 dispersique
1200 3123 1295 3190 erant,

96 3213 328 3293 cripuerautque
341 3231 444 3272 omnes
457 3213 549 3292 prope
560 3211 663 3292 Equus
675 3231 745 3272 cum
757 3211 989 3293 impedimentis.
1025 3209 1087 3270 Die
1099 3209 1204 3289 quinti
1216 3210 1297 3272 deci·

98 3307 151 3370 mi
163 3308 187 3371 J
188 3308 305 3370 anuarii
318 3307 477 3369 Generalis
488 3307 618 3369 Bredarr
631 3327 701 3369 cum
714 3307 822 3369 turmis
834 3307 951 3387 aliquot
963 3306 1110 3387 Equitum
1122 3305 1154 3366 in
1167 3305 1298 3368 insulam

100 3405 176 3486 Pyll
194 3406 336 3480 excurrit,
350 3403 404 3466 sed
420 3403 537 3464 amissis
554 3404 669 3485 aliquot
681 3404 713 3465 in
732 3404 818 3485 aquis
832 3403 983 3483 equitibus
998 3403 1063 3463 sine
1079 3401 1179 3464 fructu
1196 3405 1296 3466 rediit.

100 3503 175 3565 Non
192 3503 288 3564 multb
308 3509 375 3582 post
395 3501 500 3562 eodem
523 3500 629 3562 missus
645 3509 690 3563 est
710 3522 780 3563 cnm
797 3500 998 3562 selectissimis
1016 3499 1195 3580 Dregonum
1208 3499 1299 3561 0010·

100 3599 199 3661 nellus
211 3599 321 3675 Tmen,
332 3607 366 3659 ut
379 3597 404 3658 si
417 3597 493 3679 quid
506 3597 569 3658 illic
582 3606 765 3659 commeatus
777 3597 918 3679 reperiret
931 3596 971 3657 ed
984 3605 1084 3657 nosue
1094 3605 1192 3656 castra
1205 3596 1299 3656 dedu·

101 3705 194 3772 cerat,
208 3695 262 3758 sed
275 3695 370 3757 sedus
384 3694 477 3770 venit,
486 3696 553 3776 jem
565 3695 695 3756 animab
706 3695 885 3757 adverseris
896 3693 998 3756 omnia
1009 3699 1162 3773 exportata
1170 3691 1299 3769 fueram,
