3225 4700
503 354 899 427 ITINERARIUM.
1233 358 1292 423 131

82 501 223 583 quidem
240 504 377 585 improbo
389 513 499 571 conatu
512 506 708 589 proiecerant,
722 515 758 571 ut
768 507 938 570 nuditatem
950 524 1036 569 suam
1049 506 1172 569 honestt
1184 514 1247 567 tam
1256 505 1294 568 eb

82 598 279 661 intuentium
292 602 409 678 obtutu,
424 608 517 683 quam
537 603 607 665 coeli
619 602 811 667 inclementi&
824 610 1020 685 protegerent.
1043 603 1093 665 Ita
1101 602 1216 665 scilicet
1228 600 1294 665 fieri

85 694 273 776 plerumque
291 707 383 773 amat,
403 707 437 761 ut
454 720 525 763 curn
539 700 589 761 vel
608 699 689 763 Belli
707 702 845 763 ductores
861 699 923 761 suis
939 700 1104 761 commodis
1118 699 1234 763 naviter
1247 700 1294 761 in·

85 790 236 873 vigilant,
248 794 288 855 de
297 794 394 857 milite
403 815 458 858 suo
466 800 631 877 pardmaut
638 795 715 858 nibil
723 795 843 859 solliciti
851 796 926 872 sint3
936 796 983 858 vel
989 796 1048 878 ipsi
1057 794 1166 859 milites
1174 816 1294 859 omnem

86 897 248 965 conatum,
259 889 402 965 laborem,
411 892 650 974 industriamque
658 892 690 954 in
698 892 732 955 id
740 892 1293 968 unomconferaututouticulamlaute

87 993 246 1061 curantes,
259 986 505 1049 vestimentorum
518 996 696 1069 postremam
710 1008 814 1053 curam
827 998 943 1071 gerant.

129 1080 275 1162 Accepto
290 1082 392 1165 itaqua
409 1084 559 1150 diocesem
575 1084 696 1160 nuncio,
710 1105 781 1147 mox
794 1104 865 1146 cum
878 1084 1058 1164 primoribus
1070 1084 1292 1167 manipulorum

85 1179 281 1253 ductoribus,
297 1181 354 1262 qui
371 1191 445 1246 tnnc
462 1182 538 1248 iortb
554 1201 656 1243 coram
673 1182 809 1258 aderant,
826 1200 873 1243 res
886 1179 984 1243 omnis
997 1182 1218 1245 oommunicsts
1230 1192 1293 1259 est;

89 1277 129 1338 ad
143 1296 199 1339 eos
218 1278 302 1352 verb,
315 1278 370 1358 qui
383 1278 566 1360 Gronbcrqae
578 1278 675 1342 rolicti
686 1277 816 1353 fucmnt,
831 1286 949 1359 postero
962 1298 1032 1339 mox
1045 1278 1095 1341 die
1107 1280 1162 1341 sub
1174 1278 1293 1341 silentio

87 1393 142 1453 per
154 1372 268 1436 fideles
280 1374 399 1455 bajulos
409 1373 518 1437 delata.
560 1374 735 1456 Opportune
747 1374 829 1435 euim
840 1374 1005 1448 accidebat,
1017 1381 1051 1436 ut
1058 1372 1152 1455 aliqui
1162 1375 1294 1440 bonitate

89 1477 119 1531 ct
125 1468 317 1533 humanitate
326 1469 454 1531 Petrum
462 1469 643 1533 SocietatisJ
645 1477 889 1550 mmcotempore
894 1468 1292 1553 Croubergoebabitantium,

88 1566 171 1641 freti,
186 1566 276 1629 saort
288 1574 319 1628 et
332 1566 447 1628 solenni
460 1587 493 1629 se
505 1566 704 1647 exomologesi
717 1566 866 1647 expleturi
880 1566 1040 1643 (instabant
1048 1566 1130 1629 anim
1140 1565 1294 1648 paschales

90 1661 186 1737 feriae,
193 1662 283 1743 queis
291 1662 429 1726 Ecclesia
436 1662 624 1725 Christianos
632 1662 1017 1745 omnesadcxpurgendum
1027 1662 1294 1729 rstmfermentum

91 1768 247 1839 precepto
258 1758 367 1840 adigit)
380 1758 641 1841 proficiscerentur
654 1780 663 1821 ι
684 1758 731 1821 his
740 1759 845 1824 datum
855 1758 1020 1841 negotium,
1030 1767 1064 1819 ut
1073 1778 1144 1821 cum
1153 1776 1294 1839 supremo

93 1855 270 1937 vigiliarum
284 1854 436 1921 Profecto
446 1876 511 1919 ram
519 1865 613 1920 totam
626 1865 692 1918 tum
702 1876 815 1931 coram,
825 1864 891 1919 tum
900 1852 1007 1915 litteris
1018 1854 1061 1917 ito
1070 1856 1158 1915 cautd
1167 1862 1297 1935 pertrw·

92 1960 204 2029 tarent,
219 1962 254 2017 ut
265 1974 306 2015 nc
314 1973 378 2033 qua
390 1954 467 2017 fortb
480 1953 513 2015 in
526 1952 638 2035 vulgos
649 1960 824 2015 emouerent
836 1949 1027 2033 profectionis
1040 1957 1149 2011 nostroe
1157 1948 1293 2025 consilis,

93 2068 187 2128 seque
196 2070 267 2113 cum
278 2049 436 2132 pecoribus
444 2050 633 2114 subduceret.
654 2048 776 2111 Interea
787 2048 945 2128 utrobique
958 2046 1016 2110 boo
1030 2054 1112 2109 estat
1120 2044 1294 2128 Fridbergoe

94 2153 128 2205 et
146 2145 328 2229 Gronberguc
344 2155 467 2209 cavetur
481 2145 597 2220 scdulb,
616 2152 650 2207 ut
667 2164 705 2209 ue
722 2144 772 2207 vel
788 2144 870 2207 ciros
887 2142 945 2225 ipsi
961 2142 1011 2204 vel
1022 2142 1135 2205 civium
1143 2143 1291 2225 jumenta,

96 2260 165 2321 quse
182 2252 268 2305 crant
280 2243 422 2305 ultimum
434 2242 624 2324 depostorum
638 2241 828 2323 oppidorum,
843 2249 873 2304 st
884 2240 1014 2303 maximd
1028 2238 1211 2321 Gronbcrgae
1225 2236 1294 2321 plu-

93 2335 179 2402 rimis
194 2347 266 2402 ante
278 2337 337 2402 hac
349 2338 563 2416 exactionibus,
578 2338 617 2402 de
630 2335 927 2420 poculationibnsquc
940 2343 1002 2398 tam
1016 2333 1106 2396 amici
1119 2334 1211 2415 qudm
1224 2333 1293 2397 bos·

94 2433 154 2496 ntis
166 2434 276 2500 militis
288 2434 424 2498 exhausti
438 2435 588 2508 solatium,
601 2445 633 2498 st
646 2435 679 2496 iu
688 2441 852 2497 sementem
863 2432 998 2496 estivam
1008 2430 1208 2494 necessarium
1218 2450 1296 2512 prae·

93 2531 220 2606 sidium,
233 2532 295 2596 alio
307 2532 542 2596 discuterentur:
559 2528 664 2611 'quood
677 2531 834 2612 designato
842 2528 1019 2611 profectioni
1027 2527 1077 2590 dic
1086 2525 1294 2606 (eratisooeum

96 2625 226 2690 Domini
248 2627 269 2690 l
289 2627 410 2691 Christo
430 2627 505 2690 olim
526 2627 672 2690 instituto
693 2627 925 2706 anniversarius)
943 2623 1132 2691 lamentabile
1148 2624 1294 2692 nuncium

94 2722 283 2804 propalatur.

131 2819 222 2882 Justo
230 2819 292 2880 Dei
293 2819 413 2902 judicio
419 2819 565 2884 accidisse
571 2839 650 2890 reor,
658 2829 693 2883 ut
700 2821 766 2903 ipso
773 2821 827 2884 illo
833 2821 883 2884 die
892 2819 1091 2884 calamitatem
1097 2816 1294 2895 hanoferrent

95 2911 348 2999 Groobergenses,
361 2918 446 2980 velut
456 2917 701 3000 pertinsoioesum
710 2939 841 3000 poenam,
850 2917 1095 2999 quandoquidem
1104 2933 1173 2979 cum
1183 2912 1294 2976 Lutbe-

96 3009 285 3092 ripscudolis
293 3012 764 3076 Sectatoribuseisesaoramento
773 3033 891 3095 semper
898 3009 1294 3095 opponunt,quod0hristus

95 3108 201 3172 mam
214 3109 266 3171 die
279 3109 419 3186 instituit,
433 3109 567 3172 nolentes
577 3130 671 3174 sacrm
680 3129 775 3172 corne
784 3111 970 3184 accumbere,
979 3109 1038 3171 nisi
1045 3117 1171 3189 utraque
1180 3105 1295 3188 species

96 3203 158 3266 vini
169 3213 205 3268 st
216 3204 303 3286 panis
316 3206 504 3289 porrigetur:
525 3207 612 3287 quasi
624 3206 696 3269 verb
710 3206 773 3269 Dei
785 3204 866 3270 filius
878 3206 931 3287 qui
944 3225 975 3270 se
989 3206 1044 3268 sub
1058 3203 1184 3284 utrique
1194 3203 1293 3285 specie

96 3299 215 3365 abdidit
225 3323 286 3364 non
298 3313 398 3384 posset
409 3323 442 3365 sc
454 3304 510 3366 sob
519 3303 611 3366 solius
622 3304 708 3386 panis
721 3301 822 3386 figura
834 3311 929 3366 totum
936 3301 1053 3364 bomini
1061 3299 1293 3364 communicare.

100 3393 167 3466 Qus
177 3398 306 3479 quidem
317 3399 351 3462 in
362 3420 396 3462 re
409 3399 468 3482 ipsi
480 3399 556 3462 mibi
568 3401 607 3461 ab
620 3400 762 3482 AEsopico
773 3399 827 3462 illo
840 3419 915 3462 cane
924 3400 1007 3463 baud
1014 3397 1142 3463 multum
1152 3397 1294 3461 abludere

100 3491 251 3569 videntur,
266 3495 321 3576 qui
340 3497 515 3577 preteriens
531 3515 652 3575 aquam,
668 3496 776 3572 carnis,
795 3516 887 3577 quam
902 3517 953 3558 ore
969 3495 1154 3577 preferebat,
1172 3493 1296 3556 simula·

100 3606 196 3664 uam,
209 3590 489 3674 velutinspcculari
497 3591 629 3654 cristallo
636 3593 797 3669 contuitus,
806 3593 966 3655 affectabat
973 3594 1119 3666 umbram,
1130 3609 1294 3668 verumque

103 3685 204 3764 tolum
216 3697 328 3757 temere
340 3688 497 3754 dimittem
504 3689 627 3771 jejunus
639 3687 694 3754 illo
706 3689 757 3752 (lic
768 3691 894 3754 domum
908 3691 1091 3754 revertebat:
1108 3685 1294 3760 stentem
