3225 4700
335 370 401 436 348
745 363 767 428 1
775 360 1059 431 TINERARI
1066 360 1151 428 UM.

337 553 397 601 tam
419 537 606 600 luculentum
631 534 742 597 vulnus
765 556 869 597 curare
888 534 990 618 possit.
1032 534 1123 607 Quod
1144 532 1202 593 uisi
1222 548 1382 603 caremus,
1404 526 1534 590 efflictim

337 635 556 708 sollicitabitur,
572 642 605 694 ut
620 632 721 715 copias
734 642 888 708 restauret,
903 642 934 693 et
948 632 1045 693 denuo
1059 630 1221 693 exercitum
1236 628 1262 689 si
1275 647 1335 687 non
1350 624 1534 706 superiorem

336 732 435 808 nobis,
450 730 554 792 saltem
566 725 670 812 parem
684 728 815 812 colligat,
831 739 861 791 et
879 738 983 791 contra
996 749 1050 790 nos
1065 728 1097 788 in
1115 744 1256 806 campum
1271 722 1413 798 reducat,
1429 730 1537 782 nostra·

335 849 394 910 que
407 828 532 889 consiliu
544 827 694 888 celeritate
707 846 761 887 sue
774 834 898 887 evertat.

376 924 456 985 Cum
471 924 572 1004 itaque
590 923 843 1006 promptissimum
857 922 1019 984 Charitatis
1033 932 1139 984 vestras
1160 920 1295 981 animum
1312 918 1353 979 ad
1367 913 1538 999 justissima

337 1022 404 1083 hec
428 1040 512 1081 erma
537 1029 598 1081 tam
623 1019 823 1100 suscipienda,
848 1019 938 1098 quam
966 1017 1173 1099 prosequenda
1200 1014 1317 1076 abunde
1344 1020 1537 1094 perspectum

338 1117 524 1191 haberemus,
540 1116 624 1177 nullo
638 1116 728 1178 modo
738 1116 964 1197 praetermittere
974 1114 1133 1189 voluimus,
1145 1114 1219 1193 quin
1230 1132 1296 1173 eam
1310 1108 1425 1171 litteris
1437 1106 1538 1167 nostris

339 1216 371 1275 in
386 1214 535 1295 proposito
549 1212 805 1285 confirmaremus,
820 1221 850 1273 et
863 1212 902 1273 ad
914 1212 1069 1273 ulteriores
1084 1230 1256 1293 progressus
1270 1208 1485 1269 incitaremus.

380 1309 534 1390 Imprimis
548 1310 619 1369 verb
633 1308 786 1369 hortamur
799 1318 833 1370 ut
846 1308 928 1369 omni
943 1308 1010 1369 nisu
1024 1308 1198 1369 adlaborare
1212 1305 1296 1380 velit,
1308 1324 1348 1365 ue
1362 1300 1463 1363 hostis
1476 1318 1537 1361 sues

340 1408 380 1468 ad
395 1404 536 1466 Rhenum
550 1404 654 1487 copies
667 1405 706 1466 ad
720 1425 752 1467 se
766 1426 918 1468 accersere
932 1407 1032 1487 possit,
1046 1406 1095 1468 rel
1109 1403 1136 1466 si
1146 1424 1195 1465 eas
1204 1404 1271 1486 jam
1284 1402 1362 1463 forte
1377 1406 1537 1469 evocasset,

338 1504 466 1575 efficere,
480 1511 516 1561 ut
536 1520 585 1563 eas
603 1502 720 1575 eodem,
739 1503 820 1564 unde
836 1502 991 1577 eduxerat,
1011 1502 1160 1565 remittere
1179 1510 1315 1582 cogatur,
1332 1498 1393 1559 nisi
1412 1492 1537 1577 perditas

339 1599 412 1660 velit
429 1596 496 1658 illas
516 1597 658 1658 stationes
675 1607 706 1659 et
723 1608 828 1674 terras,
847 1620 976 1679 quorum
993 1597 1184 1660 incolumitas
1201 1595 1481 1658 conioederatorum
1499 1590 1537 1649 iu·.

339 1703 439 1766 terest,
453 1702 489 1754 ut
502 1705 702 1755 conservetur.

381 1790 420 1850 Iu
440 1810 502 1871 qno
522 1790 646 1869 quidem
667 1792 788 1873 negotio
809 1792 953 1873 quoniam
966 1792 1151 1854 charitatem
1173 1802 1312 1866 vestram,
1335 1810 1397 1850 uon
1424 1788 1535 1849 tautum

340 1887 468 1969 propriis
481 1887 583 1961 armis,
598 1887 651 1948 sed
665 1888 755 1948 etiam
767 1889 900 1951 consiliis
914 1899 943 1951 et
951 1890 1051 1950 favore
1060 1890 1146 1971 apud·
1156 1889 1323 1949 Dominum
1334 1887 1373 1948 de
1385 1882 1534 1947 Guebriau

340 1984 503 2065 plurimum
518 1982 617 2044 valere
628 1983 834 2067 intelligimus,
850 1996 1016 2067 eapropter
1028 1986 1163 2068 impense
1176 2004 1326 2067 rogamus,
1340 1994 1374 2044 ut
1388 2002 1449 2064 pro
1462 1998 1534 2040 com-

339 2080 426 2141 muni
444 2080 523 2141 bone
538 2079 694 2141 desideriis
710 2083 820 2143 uomris
841 2082 993 2144 velificare
1010 2084 1162 2166 dignetur,
1180 2103 1216 2144 ac
1235 2082 1349 2142 dictum
1369 2078 1531 2140 Dominum

340 2175 491 2237 Comitem
511 2176 663 2249 inducere,
677 2186 711 2238 ut
723 2180 888 2241 exercitum
910 2198 1008 2257 suum,
1022 2189 1135 2260 quauta
1152 2189 1249 2261 potest
1263 2178 1431 2251 celeritate,
1446 2172 1494 2235 vel
1508 2172 1532 2231 ir

343 2272 543 2333 Francouiam
557 2272 606 2333 vel
618 2273 651 2333 iu
664 2274 845 2357 superiorem
865 2276 1082 2353 Palatinaturu,
1097 2277 1145 2339 vel
1160 2276 1240 2338 certe
1254 2276 1292 2336 ad
1310 2274 1415 2334 Rheni
1431 2268 1532 2332 Moeni·

343 2390 402 2451 que
426 2379 540 2431 tractus
563 2382 745 2451 promoveat.
788 2374 897 2456 Neque
919 2377 1000 2436 enim
1025 2375 1191 2456 quidquam
1214 2374 1355 2445 occurrit,
1379 2371 1466 2452 quod
1489 2379 1533 2427 aut

342 2468 452 2528 uostris
460 2468 625 2529 commodis
634 2469 862 2546 conducibilius,
872 2472 922 2534 vel
933 2473 1026 2534 hostis
1036 2471 1293 2555 progressionibus
1304 2469 1404 2552 magis
1417 2465 1531 2528 noxium

342 2587 405 2628 esse
421 2567 524 2648 possit.
568 2567 679 2648 Sieque
700 2568 763 2640 flet,
780 2580 816 2629 ut
838 2569 910 2631 dum
926 2569 1099 2652 ⁴conjunctis
1119 2568 1210 2629 armis
1230 2565 1446 2649 pugnabimus,
1462 2562 1531 2645 jam·

343 2664 461 2745 pridem
481 2675 613 2746 optatam
634 2685 738 2746 pacem
759 2684 815 2745 pro
836 2667 930 2727 animi
950 2676 1019 2728 voto
1039 2665 1236 2738 obtineamus,
1258 2675 1287 2725 et
1307 2683 1354 2724 res
1375 2671 1489 2724 uestras
1504 2657 1529 2717 iu

342 2779 480 2819 secumm
500 2770 621 2842 portum
639 2760 841 2824 traducamus.
879 2764 1024 2826 Pluribus
1041 2765 1098 2825 hac
1119 2763 1186 2825 vice
1206 2763 1391 2823 Charitutem
1409 2769 1531 2822 vestram

342 2856 454 2916 morari
473 2876 533 2917 nou
554 2856 751 2928 intendimus,
769 2859 898 2942 ideoque
916 2881 982 2922 eam
1001 2860 1125 2922 Diviuae
1145 2857 1334 2942 protectioni,
1356 2867 1422 2919 toto
1442 2853 1530 2916 cordia

343 2952 461 3028 affectu,
471 2955 728 3016 commendamus.
771 2956 927 3018 Debemus
940 2977 977 3018 ex
993 2957 1091 3040 Regia
1104 2975 1173 3016 aree
1186 2964 1287 3016 nostra
1297 2947 1531 3014 Stoclrholmeusi

343 3051 392 3110 24.
417 3050 600 3112 Novembris
627 3052 721 3112 Auno
747 3053 838 3113 1642.
882 3053 949 3114 Has
975 3052 1089 3114 litteras
1116 3050 1260 3134 profuisse
1281 3051 1386 3112 docuit
1405 3057 1529 3114 eventus,

343 3146 466 3226 quando
476 3137 591 3208 seilicet
602 3147 921 3211 Gallo-wimarieuses
932 3148 1088 3210 celerrima
1097 3149 1286 3230 expeditione
1295 3149 1327 3208 in
1339 3143 1529 3208 Franconiam

344 3253 546 3324 penetrarunt,
560 3265 597 3306 ac
612 3245 826 3328 Episcopatum
842 3247 1097 3328 Bambergensem
1108 3257 1138 3308 et
1148 3246 1371 3308 vicinacircum
1385 3237 1528 3306 locatum

342 3340 523 3403 lacerarunt.

381 3436 509 3499 Interim
523 3438 706 3522 Friburgum
721 3439 845 3500 Misuire
859 3441 939 3501 arcte
954 3439 1129 3503 conclusum
1145 3442 1310 3515 tenebatur,
1327 3459 1420 3520 quam
1435 3435 1526 3498 urbem

343 3534 503 3596 tuebuntur
521 3535 605 3596 mille
625 3535 748 3597 ducenti
770 3535 879 3598 milites
901 3535 1053 3610 Saxonici,
1074 3547 1135 3600 tam
1156 3539 1282 3620 pedites,
1301 3538 1393 3617 quhm
1413 3533 1527 3616 equite.

343 3630 451 3709 quibus
464 3649 496 3691 se
505 3630 674 3711 junxerant
687 3643 842 3694 venatores
855 3631 988 3714 plurimi,
1002 3635 1094 3695 etalii
1108 3635 1125 3694 h
1138 3635 1260 3710 ricinia,
1270 3633 1457 3717 jaculatorias
1466 3624 1527 3690 ertit

343 3727 525 3804 peritissimi,
545 3739 649 3788 eontra
667 3749 742 3808 quos
760 3731 924 3804 tormentis,
941 3753 1009 3791 mox
1029 3732 1119 3792 etiam
1140 3731 1254 3794 effossis
1270 3745 1301 3793 et
1317 3730 1440 3812 pulvere
1453 3721 1527 3809 pyri⁰

344 3823 474 3903 repletis,
490 3825 698 3906 succensisque
712 3828 860 3889 cuniculis
875 3829 991 3890 sortiter
1003 3841 1113 3892 actum.
