3225 4700
45 258 59 289 V

33 300 45 319 e

488 319 512 385 Ι
519 316 807 387 TINERARI
817 315 904 383 UM.
1257 318 1322 382 407

17 514 60 566 ρ,
120 475 222 538 biliter
234 474 400 558 praefuisse,
415 481 446 536 et
459 471 641 535 confidimus
655 490 717 531 uon
730 469 948 552 permissurum
961 476 995 531 ut
1008 467 1048 531 ud
1058 468 1208 551 ejusmodi
1219 469 1323 531 munia

120 573 242 656 indigui
262 573 507 655 promoveantur)
527 569 610 630 viros
630 569 736 629 doctos
755 566 876 629 virtutis
896 567 1055 638 studiosos,
1077 565 1225 648 imprimis
1249 568 1322 628 vero

124 670 226 732 mum
240 669 380 730 timentes
393 668 519 751 deligat.
1053 683 1055 688 ·

160 767 243 830 Cum
256 766 433 828 resitetiam
447 785 484 826 ex
497 761 656 825 occasione
670 760 861 842 quorundam
875 775 1047 822 sermonum
1060 761 1173 821 temeri
1187 759 1322 842 profuso·

17 872 18 875 ’
121 885 189 926 rum
207 883 269 925 non
283 863 326 924 ita
342 863 459 945 pridem
477 860 574 924 coacti
587 860 733 921 fuerimus
747 858 916 919 Dominum
930 858 968 919 de
983 856 1212 919 Chasteauneui’
1224 857 1323 920 officio

121 959 271 1044 sigilliferi
283 961 413 1042 privare,
431 979 561 1040 eumque
582 958 613 1017 in
635 966 766 1018 castrum
788 954 1018 1037 Engoiismense
1039 953 1195 1036 ablegare:
1219 954 1323 1035 praeci·

120 1060 233 1141 pimus,
260 1068 294 1119 ut
320 1059 385 1139 ipsc
412 1057 525 1118 ibidem
550 1063 695 1127 serretur,
724 1050 824 1134 quoad
851 1073 910 1135 pax
938 1051 1087 1135 generalis
1114 1049 1321 1127 concludatur,

121 1157 246 1237 quando
255 1174 311 1236 pro
323 1153 513 1234 beneplacito
523 1152 651 1234 Reginae
662 1159 693 1212 et
700 1150 940 1212 consiliariorum
952 1149 1099 1211 sententis
1109 1148 1135 1210 si
1145 1157 1226 1209 certa
1236 1150 1322 1210 sedes

121 1255 173 1315 vei
187 1255 218 1315 in
236 1252 283 1313 vel
302 1262 387 1312 extra
400 1270 526 1332 reguum
540 1248 695 1330 designari
711 1248 822 1330 poterit
838 1247 869 1308 in
887 1264 947 1327 quo
960 1265 991 1306 se
1008 1244 1048 1305 ad
1062 1245 1127 1306 dies
1140 1244 1210 1305 vitae
1227 1245 1322 1307 conti-

121 1361 209 1412 ueat*
244 1349 430 1410 Mandemus
439 1348 530 1409 etiam
545 1356 580 1406 ut
590 1343 722 1406 Docimo
734 1345 773 1405 de
783 1343 955 1405 Cherreuse
966 1343 1004 1402 ob
1013 1342 1193 1424 justissimas
1207 1361 1336 1413 causas„

121 1467 216 1530 regno
230 1446 351 1517 Gallim,
374 1463 467 1525 usque
487 1444 527 1504 ad
547 1443 695 1503 bellorum
715 1441 809 1503 finem
830 1440 941 1528 exulat.
983 1439 1132 1502 Volumus
1150 1460 1268 1522 quoque
1289 1452 1323 1503 ut

120 1563 178 1604 nec
190 1562 265 1623 pace
279 1540 431 1613 conclusa,
446 1541 506 1602 nisi
519 1558 557 1601 ex
570 1539 666 1621 gratia
678 1540 807 1622 Reginae
822 1539 852 1600 in
865 1557 991 1620 reguum
1002 1538 1115 1612 redeat,
1128 1538 1177 1600 vei
1186 1539 1212 1599 si
1226 1539 1323 1600 redire

120 1640 287 1722 contingat,
302 1656 340 1699 ne
361 1637 411 1698 vei
428 1655 521 1718 prope
539 1637 642 1697 auiam
660 1636 837 1718 hospitetur.
880 1635 965 1709 Quin
979 1657 1034 1697 uec
1048 1636 1114 1696 aliis
1129 1637 1237 1697 nostris
1251 1637 1322 1697 suh-

120 1735 205 1808 ditis,
218 1734 272 1816 qui
286 1733 366 1795 ultro
379 1754 410 1795 se
426 1732 587 1795 Galliavel
601 1753 639 1793 ex
652 1733 742 1793 certis
757 1733 855 1794 causis
868 1734 1093 1807 submoverunt,
1105 1733 1322 1814 cujuscumque

122 1831 304 1893 conditionis
323 1831 369 1892 iiii
389 1831 513 1902 inerint,
532 1831 647 1892 reditus
664 1831 696 1890 in
716 1849 844 1913 regnum
858 1829 1029 1891 ullomodo
1048 1832 1249 1913 permittetur,
1263 1832 1322 1892 nisi

121 1949 192 1990 cum
207 1930 280 2010 ipsis
294 1927 430 1989 unanimi
442 1947 590 1989 consensu
603 1928 679 1988 dicti
693 1927 857 1989 consiliarii
871 1928 1077 1988 decernerent.

165 2027 309 2107 Denique
317 2026 460 2106 jubemus
474 2035 508 2086 ut
526 2025 558 2085 in
577 2025 644 2086 haec
661 2024 764 2084 omnia
777 2033 889 2105 puncta
899 2033 1056 2105 postremae
1071 2024 1245 2095 voluntatis,
1259 2035 1321 2086 tam

122 2123 244 2204 Regina
262 2123 431 2205 gubernans
450 2123 691 2203 conjuramus,
711 2132 742 2182 et
759 2119 892 2181 filiorum
914 2131 1082 2182 nostrorum
1105 2133 1209 2195 mater,
1231 2142 1322 2203 quam

120 2221 215 2281 frater
234 2230 334 2280 noster
352 2219 426 2280 Dux
446 2219 673 2279 Aurelianensis
691 2227 722 2279 et
741 2218 894 2298 principes
913 2218 1078 2300 sauguinis,
1100 2219 1202 2294 duces,
1224 2240 1320 2301 pares,

120 2315 310 2379 mareschalli
328 2326 359 2378 et
376 2317 518 2378 officiales
531 2315 618 2398 regni
631 2315 734 2377 sancte
741 2315 856 2396 jurent,
874 2316 956 2396 quud
972 2317 1073 2378 omnia
1091 2315 1156 2378 haec
1170 2317 1324 2379 decretuit

122 2415 209 2476 nobis
216 2412 411 2497 integerrima
418 2414 480 2475 fide
491 2411 703 2473 inviolabiliter
712 2432 831 2473 servare
840 2424 870 2473 et
879 2414 1047 2475 executioni
1059 2414 1200 2476 mandare
1209 2414 1322 2477 velint:

121 2512 153 2573 iu
173 2531 263 2591 quem
283 2510 375 2571 linem
397 2510 495 2592 primo
514 2529 633 2590 quoque
657 2519 789 2591 tempore
810 2530 864 2591 per
887 2509 974 2591 regni
996 2511 1167 2591 provincias
1189 2511 1323 2593 publica-

17 2613 18 2624 *
122 2610 245 2669 buntur.

165 2706 244 2767 Haec
263 2706 365 2766 omnia
382 2724 474 2766 manu
492 2716 594 2767 nostra
608 2707 784 2789 scripsimus
801 2717 832 2769 et
847 2708 1061 2770 subscribenda
1078 2708 1144 2770 aliis
1158 2708 1324 2769 communi·

121 2804 258 2865 cauimus
272 2803 480 2884 subscribique
489 2804 635 2886 jussimus
645 2826 699 2886 per
709 2804 860 2887 Reginam
874 2806 1033 2887 conjugem
1048 2816 1190 2876 nostram,
1202 2806 1322 2867 Ducem

122 2900 383 2973 Aurelianensem,
399 2909 429 2959 et
445 2902 636 2963 secretarium
657 2911 761 2974 status,
774 2902 941 2984 sigillisque
958 2903 1142 2963 munivimus
1155 2912 1185 2964 et
1202 2904 1323 2964 robora-

122 2998 222 3058 vimus
233 2997 274 3058 ad
290 2996 436 3057 Sanctum
451 2997 651 3074 Germanum,
665 3018 768 3059 mense
782 3000 894 3081 Aprili,
909 3000 989 3059 anni·
1002 3002 1090 3059 1643.
1129 3002 1222 3061 Anno
1236 2999 1323 3083 regni

121 3095 216 3155 nostri
230 3093 387 3175 trigesimo
401 3094 498 3155 tertio.

164 3191 226 3252 His
238 3191 416 3271 subscriptis
427 3200 456 3252 et
469 3212 523 3272 per
535 3191 729 3254 Parlameuta
738 3194 908 3276 publicatis,
925 3194 1071 3276 vigesimo
1084 3195 1184 3275 primo
1197 3196 1320 3257 tandem

121 3288 235 3349 mensis
253 3286 370 3369 Aprilis
389 3288 507 3369 Regius
526 3289 675 3371 Princeps
694 3290 921 3373 Primogeuitus
941 3311 994 3351 seu
1008 3290 1179 3373 Delphinus
1194 3292 1322 3355 Parisiis

119 3384 270 3465 baptismo
290 3385 428 3446 admotus
448 3395 503 3446 est
545 3385 644 3458 Quem
666 3387 733 3449 Rex
754 3401 841 3470 pater
860 3390 898 3451 de
917 3410 971 3450 suo
988 3384 1109 3450 nomine
1130 3390 1321 3452 Ludovicum

120 3480 266 3562 appellari
288 3481 395 3543 voluit.
440 3482 468 3542 E
489 3500 575 3544 sacro
595 3483 716 3545 lavacro
736 3504 805 3547 eum
826 3497 1021 3568 susceperunt
1041 3487 1164 3548 nomine
1190 3487 1322 3549 Romani

120 3576 282 3639 Pontifiois
295 3577 469 3641 Cardinalis
483 3579 669 3657 Macerinus,
683 3601 720 3643 ac
738 3583 860 3644 nomine
880 3582 1099 3665 Hispaniarum
1119 3583 1213 3666 Regis
1231 3584 1322 3646 Priu-

119 3697 191 3758 ceps
203 3676 337 3751 immina,
352 3677 479 3740 Condaei
493 3682 614 3763 conjux.

720 2604 725 2615 ο

735 2629 739 2642 Ι
