3225 4700
454 345 903 428 rTrNuRARrUMJ
1231 361 1270 428 ld

74 515 172 576 solent
187 514 277 594 hujus
294 513 403 576 insnlae
424 512 584 575 viciniores
602 513 722 589 accola,
737 513 898 595 quotannis
915 511 988 573 bino
1006 511 1155 594 gregatim
1172 512 1270 574 omnis

74 612 193 694 generis
214 611 350 673 aviculas
369 611 487 692 scaphis
501 611 541 673 ad
559 621 675 672 exteros
693 612 860 693 deportare.
903 609 1029 670 Fontem
1047 629 1167 690 quoque
1184 609 1270 689 ajunt

74 729 137 770 esse
148 711 178 770 in
194 709 338 770 comitatu
353 707 535 782 Cilkinensi,
549 708 675 769 ducatus
690 707 832 791 Lageuiae
847 709 937 789 prope
948 705 1130 767 territorium
1143 705 1269 766 Domini

76 807 257 876 Commium,
271 805 325 885 qui
338 805 454 866 fluxum
468 803 677 886 refluxumque
690 805 770 865 intra
783 804 893 887 viginti
907 812 1033 884 quatuor
1046 802 1134 862 boras
1147 802 1268 884 patitur.

76 902 226 963 Portenta
236 902 339 962 omnia
351 902 470 963 excedit
484 901 700 984 Purgatorium
712 902 795 983 quod
811 901 843 964 S.
859 900 982 962 Patritii
995 909 1204 979 nuncupatum
1224 908 1270 960 est

74 1019 133 1079 qne
146 1009 271 1060 antrum
284 1019 337 1060 seu
354 1017 459 1079 specus
478 997 564 1079 aquis
582 1019 635 1059 seu
654 997 722 1060 lacu
738 998 943 1072 circundatus,
958 998 990 1057 in
1002 996 1158 1078 provincia
1179 997 1268 1058 Ulto-
1347 1043 1350 1048 -

74 1095 145 1170 niae,
160 1095 194 1154 in
214 1115 304 1175 quem
323 1093 473 1177 peregrini
491 1103 562 1154 ante
579 1094 739 1156 sceleribus
757 1095 878 1176 expiati,
898 1115 934 1155 ac
952 1113 1036 1154 sacro
1054 1093 1143 1173 epulo
1160 1093 1269 1154 muniti

76 1191 298 1273 ingrediuntur,
308 1191 430 1271 illioque
439 1190 683 1274 vigintiquatuor
696 1191 777 1252 horis
790 1191 916 1253 orationi
929 1189 1079 1272 etuigiliis
1092 1189 1270 1250 incumbunt

76 1307 110 1348 sc
123 1307 205 1368 saepe
220 1286 403 1348 miserabiles
416 1286 553 1370 ejulatus,
569 1287 698 1349 ferarum
712 1289 801 1349 etiam
815 1288 961 1349 clamores
974 1284 1150 1359 audiuntur,
1163 1286 1268 1346 viden·

77 1393 185 1464 turque
199 1382 296 1444 mults
309 1404 378 1464 qnae
391 1384 443 1444 vix
455 1384 554 1446 verbis
567 1384 712 1466 explicari
725 1394 846 1466 queant.

116 1481 174 1542 Fet
187 1490 358 1562 caeteroque
374 1481 504 1542 Iberniae
520 1481 618 1542 insula
636 1483 719 1543 omni
737 1482 853 1544 fructus
866 1501 975 1565 genere
993 1480 1074 1551 imm,
1088 1489 1119 1540 ct
1136 1480 1174 1540 ab
1190 1480 1268 1541 adria

14 1655 20 1662 Ι
75 1587 314 1659 temperamento
327 1577 529 1653 saluberrima,
538 1579 678 1639 omnibus
685 1579 841 1639 venenosis
853 1577 1031 1639 animalibus
1043 1577 1133 1638 etiam
1145 1577 1268 1638 aliunde

75 1673 169 1736 illatis
191 1673 356 1735 mortifera.
406 1673 519 1736 Incolae
540 1675 579 1735 ab
598 1673 776 1738 liberalitate
793 1674 980 1736 educationis
1001 1683 1032 1735 et
1047 1694 1167 1735 morum
1185 1693 1267 1735 eom·

76 1771 232 1846 mendati3
253 1771 312 1832 nisi
331 1771 414 1851 quod
431 1771 579 1832 bonorum
594 1791 717 1833 snorum
734 1771 795 1832 sint
812 1771 942 1852 prodigi,
956 1779 988 1830 ct
1003 1769 1108 1850 gloriae
1126 1780 1268 1850 appeten·

77 1868 198 1942 tissimi,
217 1867 270 1948 qui
290 1867 361 1929 licet
374 1866 470 1928 literis
488 1888 548 1928 uon
568 1868 611 1929 ita
627 1867 738 1929 exculti
756 1877 837 1942 suut,
855 1865 966 1928 infide
984 1876 1085 1927 umen
1101 1865 1269 1930 orthodoxa

78 1963 162 2025 firmi
194 1973 225 2025 et
255 1963 386 2038 stabiles,
415 1973 582 2026 exterorum
613 1975 644 2026 et
669 1963 799 2026 maxime
825 1963 960 2026 virorum
987 1961 1268 2024 Ecclesiastieorum

78 2069 225 2136 amantes,
238 2081 276 2122 ex
289 2060 477 2144 Angelorum
495 2060 674 2122 commercio
692 2060 814 2122 deducti
830 2067 901 2121 sunt
915 2059 1071 2140 pristinam
1088 2058 1172 2120 illam
1191 2057 1268 2120 Bar·

77 2159 205 2233 bariem,
219 2177 309 2238 quam
324 2156 357 2219 S.
372 2157 545 2219 Bernardus
559 2157 745 2220 Claraeuullis
759 2156 863 2218 Abbas
875 2157 908 2216 in
922 2156 985 2217 rita
1002 2155 1165 2218 Molachie
1180 2155 1269 2218 Ulto-

80 2255 234 2316 nieusibus
255 2255 412 2336 exprobrat
432 2255 545 2329 diceus,
566 2254 643 2316 sicut
663 2254 754 2335 piscis
772 2253 804 2314 in
826 2254 903 2315 mari
920 2273 982 2314 non
1002 2252 1081 2333 sapit
1098 2252 1201 2328 salem,
1224 2253 1268 2315 ita

80 2352 251 2414 Malachiae
264 2352 341 2412 iuter
352 2352 501 2412 Barbaros
510 2349 557 2432 (id
568 2361 614 2413 est
623 2350 826 2427 Ultonienses,
834 2350 915 2413 inter
927 2371 1001 2432 quos
1014 2349 1269 2432 Archiepiseopus

82 2448 251 2510 Ecclesiam
269 2448 358 2519 rexit)
380 2448 493 2509 nullam
511 2448 688 2509 Barbarieru
706 2448 808 2509 traxit.
850 2448 906 2509 Fae
924 2448 1013 2510 etiam
1030 2446 1088 2509 htc
1108 2448 1141 2507 in
1163 2446 1269 2508 Iusuld

80 2544 178 2605 multa
192 2544 319 2606 varietas
338 2544 477 2621 fontium,
499 2545 630 2621 lacuum,
649 2545 823 2620 fluviorum,
840 2544 989 2607 montium
1006 2564 1125 2625 quoque
1143 2552 1173 2604 et
1188 2564 1269 2604 cam·

81 2662 190 2723 porum
210 2642 462 2723 planissimorum.
515 2642 720 2705 Conseruntur
741 2642 816 2703 inibi
839 2642 928 2712 horti,
950 2642 1094 2721 pomaria,
1115 2640 1268 2714 viridaria,

80 2738 218 2799 civitates
235 2758 355 2820 quoque
376 2738 491 2799 nobiles
511 2738 550 2799 ad
571 2759 690 2800 omnem
707 2738 886 2821 elegantiam
903 2748 1048 2800 extructae
1069 2737 1268 2819 reperiuntur.

83 2836 237 2897 Putabant
259 2856 296 2895 ex
314 2834 531 2915 antiquioribus
553 2836 705 2915 quondam
728 2836 923 2916 scriptoribus
941 2835 974 2895 in
993 2834 1114 2895 Ibernid
1133 2834 1269 2915 perdices

82 2954 141 2993 non
156 2931 291 3012 reperiri,
303 2930 356 2992 sed
369 2952 425 2992 nec
438 2933 605 3013 carpinnes,
619 2951 690 2993 cum
703 2942 802 2995 tamen
817 2931 906 2994 hodie
919 2932 957 2992 iis
969 2932 1009 2992 sit
1020 2930 1220 3009 refertissima,
1233 2945 1269 2996 ut

79 3012 184 3089 vicele
203 3038 248 3089 ec
266 3028 297 3088 n
320 3026 507 3089 nobilissimo
526 3027 713 3089 numerumn
735 3028 863 3091 maim
882 3027 1029 3089 richau
1047 3021 1134 3109 noya
1153 3030 1269 3110 piscine

80 3126 132 3187 ubi
146 3125 322 3206 carpionum
338 3126 429 3207 prope
444 3124 581 3186 inlicitus
598 3134 643 3187 est
659 3145 822 3201 numerus3
843 3146 904 3186 nou
918 3135 1018 3186 tamen
1035 3125 1190 3187 abnuerim
1202 3147 1269 3188 ear·

80 3222 185 3305 pioues
198 3223 236 3283 ab
250 3222 361 3303 Anglis
373 3222 506 3302 primum
521 3222 552 3281 in
568 3222 719 3283 Iberniam
733 3242 796 3283 csse
811 3222 924 3283 illatos:
947 3221 1062 3303 reliqua
1074 3221 1164 3303 hujus
1180 3234 1269 3286 terrm

79 3319 159 3379 bona
172 3318 327 3381 brevitatis
345 3337 459 3379 memor
476 3338 537 3378 uon
555 3318 680 3401 attingo,
695 3319 748 3381 sed
765 3318 893 3380 aliorum
912 3318 1121 3400 prolixioribus
1138 3319 1270 3383 historiis

79 3416 255 3496 exequenda
269 3415 416 3495 relinquo.
458 3414 549 3476 Nunc
563 3415 603 3476 ad
616 3416 674 3477 iter
685 3436 786 3477 meum
798 3426 942 3478 revertor.

119 3512 217 3573 Dicto
237 3512 332 3595 igitur
343 3510 410 3573 vale
428 3511 593 3573 amicorum
612 3512 821 3595 integerrimus
834 3512 1062 3575 Vaterformiam
1076 3514 1147 3575 abii.
1191 3514 1269 3577 Haec

79 3608 187 3670 civitas
199 3608 219 3669 l
232 3607 392 3669 numerosd
401 3608 503 3690 populi
515 3607 720 3683 multitudiue,
735 3609 828 3690 qudm
844 3609 1023 3673 moeuiornm
1035 3611 1160 3684 ambitu,
1169 3612 1270 3693 potius

80 3715 123 3767 cst
135 3704 389 3779 commendanda,
403 3724 471 3786 qute
492 3706 575 3767 utin
596 3704 658 3767 fide
678 3705 844 3769 oruodoxt
859 3705 1050 3782 ostiensem,
1072 3708 1116 3769 ita
1135 3708 1269 3769 virorum
