3225 4700
464 308 870 379 ITINERARIUM.
1200 313 1256 377 121

101 460 235 521 Brisaei
247 460 362 522 interea
374 482 444 523 cum
459 462 615 524 Generalis
628 472 842 527 tormentorum
857 462 1024 526 Praefectus
1039 466 1121 526 Baro
1134 466 1172 526 de
1187 464 1259 527 Rei·

52 556 144 617 nach
169 556 256 617 omui
278 578 310 617 00
333 578 389 638 ope
410 558 531 620 destitui
551 558 677 634 videret,
697 581 753 622 nee
772 561 934 623 liberandas
961 560 1135 623 munitionis
1157 561 1257 622 locum

52 661 113 712 ant
127 653 261 713 modum
274 652 371 713 ullum
383 664 585 736 cognosceret,
598 676 655 715 nee
665 666 828 737 superesset
837 657 869 718 in
880 659 952 719 urbe
962 678 1021 738 quo
1029 678 1113 718 suum
1121 676 1257 717 snorum·

55 767 122 833 qne
139 748 239 809 vitam
251 749 373 829 posthac
385 750 553 824 sustineret,
567 759 699 812 extrema
710 752 805 813 fames
812 772 986 834 summaque
995 752 1114 813 miseria
1130 750 1256 812 militem

55 844 234 923 caeteroqui
247 845 412 920 cordatum,
427 846 466 906 ad
483 846 616 907 mitiores
634 867 784 909 sermones
797 848 910 930 adegit.
962 848 1150 909 Duodecimo
1164 846 1257 927 igitur

57 938 250 999 Decembris
258 941 668 1022 tympanistamillum,quem
675 944 958 1024 autepaueasbores
967 943 1137 1005 Colonellus
1146 940 1255 1003 Erlach

57 1033 280 1111 intromiserat,
294 1056 331 1096 ex
344 1038 417 1098 urbe
430 1036 552 1113 remisit,
564 1058 635 1099 cum
648 1038 867 1100 officiosissimis
883 1039 986 1113 literis,
1003 1038 1156 1118 exquibus
1168 1035 1256 1097 facile

58 1131 165 1191 notari
173 1140 299 1212 poterat,
311 1153 380 1193 enm
394 1132 517 1213 quidem
531 1134 619 1194 certis
632 1142 663 1194 et
674 1133 805 1195 honestis
817 1135 1037 1196 conditionibus
1055 1134 1158 1194 urbem
1172 1132 1255 1192 dedi·

59 1233 181 1302 turum,
197 1229 343 1310 rogabunt
357 1229 430 1290 verb
445 1237 479 1289 ut
493 1247 548 1308 pro
562 1230 674 1309 majore
689 1230 844 1309 utriusque
863 1230 953 1311 partis
970 1230 1127 1291 securitate
1139 1226 1255 1287 obsides

60 1324 220 1403 utrimque
233 1323 432 1398 mitterentur,
455 1325 554 1404 quoad
573 1334 661 1405 pacta
680 1324 937 1387 concluderentur.
988 1326 1055 1387 Nec
1078 1324 1173 1385 multo
1186 1332 1255 1383 ante

63 1418 265 1479 amicissimus
275 1419 398 1480 omuino
411 1419 511 1480 literas
519 1420 664 1501 adipsum
672 1420 827 1481 Wimariae
837 1422 954 1483 Ducem
964 1422 1087 1483 dederat
1095 1416 1255 1481 Reiuuchi·

63 1533 110 1587 us,
129 1513 241 1593 quibus
256 1514 427 1576 commodas
442 1517 566 1597 rogabat
580 1516 774 1578 conditiones.
817 1515 884 1577 Has
902 1515 1059 1578 Reiuachii
1074 1516 1174 1577 literas
1183 1534 1253 1575 cum

66 1609 143 1668 Dux
157 1610 333 1671 Bernardus
345 1610 475 1693 legisset,
489 1611 614 1673 consilio
626 1612 734 1674 bellico
748 1621 862 1686 000010,
885 1612 1039 1673 nunciavit
1052 1602 1200 1692 expedire,
1220 1618 1255 1671 01

65 1705 130 1784 ipse
140 1706 237 1785 pactis
250 1726 349 1767 eoram
361 1707 531 1769 interessetr
547 1707 654 1787 Itaque
666 1716 748 1767 sexto
761 1707 878 1768 decimo
893 1707 1069 1767 Decembris
1078 1706 1156 1765 ultro
1165 1707 1253 1767 uitro·

67 1820 126 1880 que
138 1800 236 1862 missis
241 1802 370 1882 primum
377 1803 540 1878 obsidibus,
549 1802 750 1884 septendecim
760 1811 872 1884 puncta
882 1800 1065 1863 Reinachius
1072 1802 1181 1871 emisit,
1190 1802 1255 1881 qui·

67 1897 124 1956 bus
137 1897 175 1957 ab
188 1898 364 1959 adversariis
376 1898 522 1959 subscribi
535 1897 640 1971 voluit,
654 1898 707 1958 sed
717 1897 818 1959 omnia
830 1898 881 1958 vix
896 1897 984 1967 lecta,
1000 1896 1219 1977 quamprimum
1236 1897 1254 1957 l

69 1992 159 2053 Duce
174 1994 329 2056 Beruardo
338 1994 460 2055 remissa
471 2003 551 2068 sunt,
565 1993 798 2073 nunciatumque
812 1992 963 2054 victoriosi
978 1991 1074 2053 Ducis
1082 2010 1155 2065 esse,
1174 1990 1254 2073 leges

69 2108 120 2148 seu
134 2089 244 2169 gratias
257 2092 356 2171 potius
367 2090 455 2151 victis
467 2088 668 2169 prescribere,
683 2088 745 2169 ipse
759 2087 851 2169 igitur
860 2088 961 2149 omnia
969 2095 1058 2169 pacta
1067 2087 1105 2148 ad
1115 2097 1253 2168 quatuor-

70 2184 167 2244 decim
180 2187 279 2266 capita
289 2186 417 2260 reduxit,
432 2185 489 2245 hoc
502 2183 563 2245 sere
577 2204 637 2265 qno
649 2193 814 2263 sequuntur
827 2184 927 2245 modo.

109 2279 138 2341 Ι.
160 2280 344 2343 Conceditur
365 2279 509 2341 Generali
530 2288 744 2340 tormentorum
764 2278 940 2340 bellicorum
965 2278 1113 2341 Praefeeto
1137 2280 1252 2342 Buroui
1274 2328 1277 2333 ,

72 2376 105 2437 de
126 2377 261 2438 Reinach
276 2377 500 2438 commendanti
518 2375 550 2436 iu
568 2375 706 2449 Brisaeb‚
715 2384 751 2436 01
765 2395 835 2436 curu
848 2376 930 2435 omni
942 2377 999 2436 sibi
1013 2377 1132 2437 subdito
1145 2376 1250 2451 milite,

71 2471 245 2552 reliquisque
259 2473 374 2534 dnobus
387 2471 550 2534 Colonellis
563 2469 676 2532 Escher
683 2479 713 2532 01
720 2471 866 2546 Wirtnen,
876 2471 1015 2551 omnique
1024 2471 1176 2543 comitutu,
1181 2491 1250 2532 cnm

72 2568 151 2627 omni
164 2568 308 2629 instructu
321 2567 429 2629 bellico
442 2566 570 2629 oneratis
583 2565 701 2641 fistulis,
715 2575 777 2627 tum
790 2565 906 2646 pedites
920 2585 1010 2646 qnam
1032 2567 1144 2646 equites
1161 2567 1251 2628 salvis

72 2664 129 2723 suis
140 2664 225 2724 rebus
238 2665 376 2725 omnibns
389 2663 591 2745 egrediantur.
619 2660 717 2722 Offert
724 2671 867 2742 praeterea
876 2661 949 2723 Dux
958 2662 1250 2724 Wimarieusisfame

72 2760 207 2820 miserum
220 2759 251 2819 in
265 2761 389 2821 modum
402 2759 551 2820 exhaustis
564 2757 719 2830 militibus,
733 2758 765 2818 iu
779 2758 854 2819 duos
874 2757 939 2819 dies
961 2757 1155 2820 sufficientem
1169 2780 1249 2820 com·

73 2864 206 2917 meatum.
248 2855 323 2917 Vult
336 2865 370 2916 01
382 2875 460 2916 0000
472 2854 589 2916 decimo
604 2854 780 2915 Decembris
793 2854 923 2936 egressio
933 2853 1111 2930 instituatur,
1126 2863 1250 2916 010010-

73 2971 156 3030 quam
169 2972 203 3013 ea
216 2951 279 3026 fiat,
292 2952 420 3032 imperat
431 2959 466 3012 ut
478 2950 534 3011 sibi
546 2949 702 3011 traduntur
715 2949 830 3029 aliquot
850 2969 886 3011 ex
900 2949 1058 3030 praeeipnis
1080 2969 1249 3033 propugna-

73 3049 152 3109 culis.

106 3144 155 3204 11.
175 3143 220 3204 Ut
232 3142 378 3217 omnium,
391 3142 499 3223 quibus
511 3141 595 3222 aquis
608 3139 788 3203 descendere
808 3140 973 3202 collibitum
987 3140 1088 3216 fuerit,
1100 3161 1146 3202 res
1155 3142 1246 3204 salvat

75 3248 99 3300 et
109 3239 271 3301 incolumes
286 3239 486 3321 Argentinam
506 3258 610 3318 usque,
631 3257 685 3318 per
706 3236 826 3316 quasvis
848 3236 1037 3298 Brisaeeuses
1058 3257 1148 3298 neves
1171 3237 1246 3320 (uni

76 3336 238 3397 nominatim
252 3345 349 3396 certus
360 3334 399 3394 ob
412 3353 514 3394 causas
527 3331 662 3414 excepti)
678 3333 858 3406 deferantur,
874 3330 931 3393 bie
947 3341 1045 3394 tamen
1061 3334 1242 3410 conditione,

77 3441 103 3492 ut
113 3441 208 3492 nautae
216 3451 318 3492 omues
331 3429 379 3490 rel
389 3428 568 3511 Argentini,
579 3428 628 3489 rel
641 3430 731 3502 certe,
743 3427 768 3487 si
775 3427 842 3488 istic
851 3426 977 3488 aliarum
987 3437 1145 3490 nautarum
1159 3431 1245 3511 copia

78 3525 193 3590 difficilis
204 3528 289 3602 soret,
304 3524 544 3607 Philippoburgo
558 3524 718 3584 Brisacum
731 3523 795 3584 siue
809 3521 892 3582 mort
905 3523 1101 3586 remittantur.

108 3623 170 3684 111.
200 3622 380 3706 indulgetur
397 3621 531 3682 Domino
552 3615 666 3681 Baroui
683 3619 722 3680 de
743 3617 890 3694 Reiuuch,
901 3627 931 3680 et
947 3619 1012 3700 ejus
1030 3621 1120 3684 militi
1136 3629 1170 3683 ut
1183 3621 1244 3682 duo

692 3735 712 3775 R
1071 3737 1073 3742 .
