3225 4700
455 333 874 404 ITINERARIUM.
1212 342 1253 405 89

42 494 122 563 rute
145 485 201 548 vel
219 484 435 559 disimulante,
453 486 562 549 multas
580 487 671 549 boum
689 488 838 551 centurias
855 489 888 550 iu
907 488 1045 551 Silesiom
1062 487 1173 571 abegit.
1215 488 1254 549 In

42 582 200 669 nomines
213 582 302 663 porro
316 582 431 645 nobiles
444 592 506 645 tem
522 584 580 645 fuit
592 604 671 645 saess
683 584 748 647 hec
762 584 853 667 legio,
867 595 903 647 ut
914 585 963 647 vir
974 606 1011 647 ex
1026 586 1156 667 equestri
1168 584 1254 645 nobi·

44 678 140 739 litate
160 678 369 761 gravissimus,
389 678 493 740 mallet
513 679 574 741 und
594 700 663 741 cum
683 680 774 745 cheri
791 682 919 764 conjuge
938 689 970 743 et
988 682 1099 743 dilecto
1117 682 1254 764 pignore,

47 773 132 849 filio,
148 794 191 835 ex
212 774 414 857 Furstenberg
430 775 529 855 potius
546 776 578 835 iu
596 777 682 856 aquis
696 778 791 839 vium
808 797 926 851 exuere,
938 775 1030 858 quim
1046 777 1079 839 in
1095 787 1159 839 tem
1174 776 1255 838 inso-

48 870 148 931 lentis
162 869 271 931 militis
283 890 390 931 manus
403 870 513 932 delabi.
556 870 715 953 Quidquid
728 873 894 935 incolarum
906 871 967 933 huc
981 893 1076 954 usque
1087 872 1179 935 variis
1193 872 1254 935 cla·

50 965 149 1027 dibon
166 965 363 1047 superfuerat,
379 967 540 1050 cogebatur
555 968 648 1029 vitam
664 970 840 1049 cymbarum
855 988 921 1049 ope,
935 967 968 1029 in
983 967 1143 1049 paludibus
1156 968 1255 1049 pelus-
1379 1008 1385 1013 -

50 1058 217 1138 tribusque
230 1057 305 1119 locis
316 1078 443 1121 servm
485 1058 548 1121 Sed
560 1079 616 1121 nec
626 1059 645 1121 d
654 1080 686 1121 se
699 1068 804 1122 mutuo
816 1083 923 1124 munus
936 1063 1139 1140 abstinebuut3
1159 1064 1256 1125 iverst

52 1154 133 1215 forte
149 1152 298 1217 Centurio
310 1174 381 1215 curu
394 1154 612 1237 quinquaginta
623 1154 768 1217 militibus
785 1170 817 1219 ut
829 1158 980 1241 siliginem
995 1159 1028 1219 in
1041 1161 1177 1240 proximo
1190 1178 1255 1219 mo·

55 1249 186 1311 lendino
208 1250 345 1323 moleret,
365 1270 435 1311 oum
456 1270 525 1311 ecce
547 1250 601 1311 tibi
623 1252 734 1313 adsunt
753 1255 901 1333 personati
921 1254 1104 1335 proedatorcs
1122 1254 1182 1330 isti,
1202 1256 1256 1335 qui

57 1344 279 1407 centurionem
298 1345 359 1407 und
382 1365 452 1407 cum
472 1346 555 1407 salvo
575 1347 726 1409 conductu
746 1348 804 1409 sibi
823 1350 976 1432 adjuncto,
997 1349 1200 1413 miserandum
1223 1351 1256 1411 iu

58 1442 188 1503 modum
208 1442 432 1518 interemerunt,
451 1451 539 1523 atque
557 1442 598 1505 ita
618 1442 802 1505 nobilissima
819 1443 886 1507 baro
902 1447 999 1527 patria
1013 1446 1256 1510 huccmautim

59 1536 185 1599 lubidini
200 1538 313 1612 relicta,
328 1558 446 1619 pessum
459 1538 581 1600 omniuo
593 1539 664 1601 ruit.

100 1633 158 1695 Ad
168 1653 281 1697 novum
293 1634 567 1717 Brsudeubnrgum
577 1634 698 1695 interim
710 1632 799 1695 Sueci
813 1654 876 1697 rem
886 1636 965 1699 dolis
972 1647 1076 1720 agunt,
1087 1638 1256 1721 multosque

62 1730 78 1791 ὲ
97 1729 288 1793 Caeaareauis
305 1750 343 1791 ex
360 1729 478 1792 insidiis
497 1732 636 1791 obruunt.
678 1729 770 1791 Hanc
789 1750 892 1793 eorum
911 1733 1069 1795 sudam
1088 1735 1258 1816 intelligens

64 1825 224 1887 Gallassus
235 1824 369 1887 Oderam
381 1825 496 1908 duplici
509 1834 599 1907 ponte
609 1825 702 1887 sterni
715 1824 852 1906 imperat,
864 1827 972 1907 quibus
984 1836 1078 1890 totum
1091 1830 1259 1891 exercitum

64 1921 208 2003 trajiciat,
218 1921 402 2003 impetatque
414 1919 529 1984 hostem
540 1921 707 1983 Susdinum
721 1929 794 1983 tuno
806 1922 996 1985 insidentem.
1026 1924 1133 1985 Hostis
1144 1933 1260 1985 nostro·

65 2038 135 2078 rum
149 2016 312 2079 adrentum
322 2026 357 2079 nt
366 2016 497 2099 primum
510 2017 641 2092 rescivit,
652 2016 789 2098 P⁸¹¹⁰¹²¹i³
799 2017 927 2080 Suedini
936 2018 1049 2081 relictis
1058 2018 1260 2101 prcsidiuriis,

68 2112 221 2175 Stetinum
237 2113 399 2187 civitatem,
413 2112 601 2175 Pomeraniae
618 2111 814 2193 Metropolim
829 2113 969 2189 discedit,
983 2114 1085 2196 ibique
1098 2134 1130 2177 se
1143 2115 1185 2177 sd
1196 2134 1260 2177 om-

66 2229 138 2270 nem
153 2210 298 2290 impetum
314 2209 429 2273 fortiter
443 2208 620 2271 communit.
660 2206 766 2269 Gallus
783 2228 873 2289 porro
887 2209 1032 2272 vicesimo
1049 2212 1180 2273 secundo
1195 2212 1262 2273 Au·

68 2305 151 2389 gusti
173 2304 350 2368 Guartaium
376 2306 575 2388 progreditur,
599 2304 680 2366 unde
704 2302 896 2368 Ooloueilum
919 2304 1081 2370 Dereroux
1107 2328 1178 2372 cum
1199 2309 1262 2372 suis

70 2401 190 2466 Ibernia
205 2401 457 2485 Furstenbergem
471 2402 581 2477 mittin
603 2409 649 2462 est
664 2419 700 2462 sa
714 2401 754 2462 ad
769 2399 869 2462 Harei
885 2401 1024 2476 fluvium,
1041 2403 1193 2486 clarisque
1208 2425 1262 2466 seu

69 2499 222 2581 iugum
244 2498 276 2560 iu
297 2497 596 2582 Mechleburgsnsem
617 2497 782 2572 Ducatum,
804 2496 878 2561 illuc
902 2498 976 2560 dum
995 2499 1134 2574 venisset,
1154 2501 1264 2581 reperit

74 2595 237 2658 thaiauos
254 2593 436 2658 lenunculos
452 2615 512 2656 nou
531 2593 631 2676 plures
649 2591 741 2674 quim
759 2591 799 2653 ed
816 2602 938 2656 centum
955 2594 1101 2670 redactos,
1119 2596 1172 2676 qui
1192 2615 1263 2658 cum

74 2699 218 2775 negarent
232 2710 336 2772 perere
352 2691 486 2772 imperiis
500 2689 641 2765 Geliassi,
655 2709 693 2752 ne
712 2691 793 2768 quod
811 2689 897 2752 aliud
912 2691 984 2753 inde
1001 2691 1134 2754 eveniret
1150 2690 1265 2753 incom-

76 2788 209 2864 medum,
222 2787 315 2870 pulsis
330 2787 401 2862 illis,
414 2787 447 2848 vi
459 2786 560 2850 locum
575 2787 750 2868 occupavit:
772 2807 813 2848 ue
828 2797 929 2849 tamen
945 2786 1003 2868 ipsi
1017 2785 1107 2849 inulti
1121 2786 1204 2848 abire
1219 2788 1265 2850 ri·

78 2887 226 2960 dereutur,
243 2884 348 2967 oppidi
364 2883 455 2947 totius
472 2882 615 2946 faunum
632 2892 662 2945 et
676 2883 813 2946 fornaces
830 2902 933 2945 omues
949 2882 1200 2959 comminuerunt,
1217 2903 1266 2944 ec·

79 2980 197 3042 elesism
213 2980 257 3042 ita
273 2979 471 3055 defenderunt,
488 2987 523 3040 ut
545 2979 636 3041 etiam
655 2978 769 3042 ventris
791 2999 883 3040 onero
900 2977 994 3040 veluti
1013 2979 1044 3040 in
1068 2978 1266 3060 prostibulum

80 3077 198 3158 aliquod
219 3075 283 3138 illic
306 3074 507 3157 deposuerint
549 3075 703 3138 Putabant
721 3084 795 3137 tunc
815 3075 938 3154 quidem
957 3073 1129 3149 sdverssrii,
1150 3073 1214 3135 sore
1232 3085 1268 3136 ut

83 3173 183 3236 Gallus
193 3171 343 3234 stetinum
351 3169 510 3246 obsideret,
521 3189 591 3234 curn
600 3169 911 3252 ipseseexinspereto
918 3170 1264 3233 vertitrersusAuclsrr.

84 3269 165 3332 Hine
176 3267 270 3330 nostri
286 3267 400 3349 equites
413 3265 505 3328 variis
519 3266 744 3330 excursionibus
760 3264 890 3328 hostium
906 3265 1006 3349 plures
1022 3276 1175 3350 oeperunt,
1189 3266 1267 3328 inter

84 3385 154 3448 quos
164 3373 193 3428 et
205 3361 436 3426 Oxenstirninm
451 3363 601 3442 quendam
616 3361 740 3426 Suedici
754 3360 935 3424 cancellarii
950 3359 1081 3424 baben.
1122 3361 1267 3424 Trebellio·

86 3482 151 3524 nem
165 3479 284 3543 qnoque
299 3459 351 3540 qui
368 3459 548 3542 Hamburgo
565 3458 605 3520 ed
621 3457 803 3520 Banniriurn
824 3455 924 3518 literas
940 3457 1101 3534 deferebat,
1119 3477 1210 3538 quem
1229 3458 1270 3518 sd

87 3557 260 3622 Generalem
278 3555 480 3632 abduxerunt,
495 3555 549 3636 qui
569 3553 654 3618 lectis
671 3553 766 3616 literis
783 3552 957 3616 fasciculum
975 3554 1123 3617 Viennam
1145 3554 1185 3616 sd
1201 3552 1269 3614 Oe·

693 3669 713 3710 u
