3225 4700
489 347 895 420 ITINERARIUM.
1235 364 1291 424 101

61 500 179 561 voluit.
230 500 366 563 Interim
386 500 604 564 Marescballus
623 502 708 585 Ligur
721 502 857 565 Joannes
876 504 956 566 thu
972 504 1158 590 landgravii
1175 508 1296 570 Hassioe

60 597 262 669 exercitum,
279 600 386 660 tamin
401 597 595 680 Westpbaliae
612 620 701 681 quam
717 599 838 663 Hassise
853 601 965 663 finibus
978 604 1054 665 adeo
1068 603 1246 679 debilitavit,
1262 613 1297 665 ut

63 694 224 774 primores
239 695 405 757 Cattorum
419 715 555 776 proceres
572 697 611 757 de
624 716 698 778 pace
714 716 784 758 oum
797 697 918 759 Caesare
931 699 1124 761 restaurandi
1139 700 1295 780 militeque

63 790 280 866 dimittendo,
305 791 432 853 consilia
452 800 579 854 tractare
602 793 746 875 ceperint.
789 792 861 855 Hoc
884 794 946 856 ferd
970 796 1076 858 eodem
1099 805 1233 877 tempore
1257 797 1296 857 de

65 896 198 948 centum
213 897 249 949 et
265 888 487 969 quinquaginta
499 888 632 950 bostium
648 889 787 965 navibus,
802 890 835 950 iu
849 891 951 951 nescio
966 912 1057 973 quarn
1074 892 1296 973 expeditionem

66 985 272 1064 praeparatis,
287 984 374 1046 uobis
392 985 562 1059 nunciatur,
578 986 610 1045 iu
624 1006 698 1067 quas
716 1006 787 1048 cum
806 988 900 1049 nostri
913 988 1018 1050 sedulo
1035 989 1235 1066 intenderent,
1250 989 1296 1050 nil

67 1079 253 1161 quidquam
270 1091 346 1144 tunc
361 1082 485 1163 quidem
501 1080 695 1143 attentarunt.
1040 1138 1044 1145 .

111 1178 145 1239 N
147 1198 185 1238 ec
199 1178 236 1238 in
249 1177 374 1240 Alsatid
383 1178 513 1239 minores
524 1178 688 1260 progressis
702 1187 775 1240 tunc
788 1180 897 1262 agebat
905 1179 929 1242 J
930 1200 1043 1242 oannes
1057 1179 1212 1243 Werthius
1225 1202 1297 1243 eon·

69 1282 119 1335 tra
141 1274 408 1337 Wimariensium
431 1275 606 1336 audaciam:
638 1295 709 1336 cum
732 1275 841 1356 quibus
867 1278 1052 1359 quotidianis
1074 1277 1296 1339 velitationibus

70 1371 236 1452 agendum
248 1380 329 1433 erat.
365 1370 515 1433 Emiserat
526 1369 599 1431 Dux
610 1370 784 1433 Bemardus
795 1372 981 1455 Magistrum
994 1374 1146 1455 quendam
1160 1374 1296 1454 equitum

73 1488 144 1528 cum
156 1468 326 1549 octoginta
336 1468 507 1549 Equitibus,
519 1478 554 1528 ut
566 1468 604 1529 de
614 1467 744 1529 hostium
755 1471 987 1532 commoratione
997 1479 1028 1532 et
1037 1470 1171 1531 consiliis
1181 1470 1296 1552 disqui-

73 1574 166 1639 reret,
183 1565 243 1646 qui
264 1586 339 1625 cum
357 1564 546 1644 aliquantum
566 1564 695 1645 amplius
712 1584 886 1647 progressus
898 1565 1003 1628 fuisset
1018 1567 1110 1647 quam
1123 1566 1295 1642 debebunt

76 1661 176 1721 tribus
196 1660 390 1743 Legionibus
404 1659 588 1722 Werthianis
609 1660 753 1743 cingitur,
772 1661 895 1741 ipseque
912 1682 982 1723 cum
1000 1663 1157 1744 sexaginta
1176 1662 1296 1743 Equiti·

76 1756 134 1816 bus
155 1756 297 1839 capitur.
350 1756 454 1839 Hujus
476 1756 571 1818 cladis
592 1758 697 1818 nuncii
718 1778 788 1819 cum
809 1757 918 1838 reliqui
936 1757 1046 1839 viginti
1062 1759 1103 1819 ad
1123 1769 1220 1819 eastra
1242 1778 1296 1819 sna

80 1853 270 1930 rediissent3
288 1854 413 1935 jubetur
429 1853 588 1916 confestim
603 1853 777 1915 Colouellus
791 1854 859 1913 Noa
872 1873 943 1915 cum
958 1853 1053 1915 tribus
1065 1854 1174 1915 turmis
1191 1864 1297 1916 contra

80 1949 235 2013 Caesarios
253 1951 372 2033 egredi,
392 1950 446 2011 sed
464 1957 494 2011 et
513 1950 546 2011 hi
566 1950 585 2011 b
601 1948 860 2031 cataphractorum
877 1949 1012 2031 quinque
1030 1950 1140 2011 turmis
1158 1949 1295 2031 dissipati

83 2056 166 2118 sunt,
177 2047 211 2108 in
224 2066 359 2128 quorum
370 2066 544 2108 succursum
558 2046 664 2109 decem
675 2053 787 2107 turmas
797 2045 949 2128 ablegavit
958 2045 1177 2120 Wimarieusis,
1188 2056 1218 2108 et
1230 2048 1295 2128 ipse

83 2162 120 2203 ex
136 2142 404 2206 Bottendorffianb
413 2142 532 2227 legione
542 2142 729 2224 manipulum
739 2142 854 2217 eduxit,
864 2142 918 2203 sed
927 2162 997 2203 cum
1009 2143 1200 2205 Casaroanos
1209 2145 1294 2208 ride·

85 2248 132 2299 ret
149 2243 278 2303 strenue
297 2249 328 2302 et
346 2242 458 2321 absque
479 2240 541 2301 ullo
556 2249 639 2302 metu
656 2238 689 2299 in
710 2259 779 2301 suos
797 2239 853 2313 ire,
874 2239 1051 2301 retrocessit.
1094 2240 1198 2320 quue
1217 2250 1296 2303 tem·

85 2355 156 2416 pore
167 2336 357 2412 Werthiani,
368 2346 470 2418 erepto
484 2357 545 2399 uuo
556 2336 643 2420 signo
656 2334 797 2418 Equestri
810 2336 962 2418 captisque
972 2358 1034 2399 uuo
1047 2336 1188 2418 praefecto
1200 2337 1296 2418 Equi·

87 2443 196 2495 tumet
210 2435 332 2496 duobus
344 2434 614 2496 locumtenentibus
630 2454 700 2494 cum
718 2433 917 2516 quadraginta
935 2433 1108 2514 Equitibus,
1122 2434 1297 2497 oeciderunt

89 2530 317 2614 quinquaginta
330 2529 585 2592 Wimariensium.

129 2626 307 2689 Accersitus
324 2637 368 2690 est
386 2629 442 2690 snb
459 2627 525 2689 baec
544 2639 677 2709 tempora
691 2627 710 2688 b
724 2625 894 2688 Galliarum
910 2626 996 2709 Rege
1013 2627 1227 2689 serenissimus
1242 2627 1297 2690 Sa·

89 2723 209 2784 baudiae
225 2725 303 2785 Dux
315 2724 422 2786 Victor
435 2726 610 2800 Amadum,
626 2723 771 2799 Parisios,
785 2731 820 2784 ut
834 2723 1005 2805 conjunctis
1020 2724 1154 2785 consiliis
1167 2725 1205 2786 de
1219 2725 1298 2787 bello

90 2829 196 2881 contra
206 2820 362 2902 Hispanos
375 2821 406 2881 in
418 2819 508 2882 Italid
521 2819 723 2902 promovendo
736 2828 931 2895 tractaretur3
953 2819 1023 2900 qub,
1035 2821 1133 2904 magis
1145 2822 1178 2882 io
1188 2843 1294 2904 pacem

90 2914 181 2993 quam
194 2918 279 2978 bella
291 2936 413 2998 pronus,
427 2918 557 2998 optimus
572 2917 655 2990 Dux,
667 2936 727 2978 uua
740 2937 810 2977 eum
820 2915 940 2977 Gemite
954 2917 992 2976 de
1002 2916 1106 2978 Verus
1119 2917 1204 2979 abiit.
1234 2919 1296 2981 Sed

92 3029 152 3072 uon
165 3015 264 3076 multb
275 3021 342 3096 post
352 3033 423 3074 cum
437 3013 560 3073 domum
571 3013 706 3074 rediisset
719 3033 755 3074 ex
766 3011 916 3094 insperato
928 3011 990 3072 und
1000 3032 1070 3074 cum
1084 3014 1167 3075 dicto
1176 3014 1296 3076 Comite

93 3125 146 3169 suo
159 3121 297 3172 mortuus
313 3119 358 3172 est
374 3129 502 3190 cumque
516 3110 634 3190 judicio
650 3110 839 3171 medicorum
855 3129 935 3170 mors
952 3109 1006 3170 illa
1020 3111 1170 3172 medicato
1187 3111 1297 3194 poculo

94 3205 326 3283 adscriberetur,
341 3206 471 3288 suspicio
485 3205 543 3267 fuit
555 3205 627 3287 ipsis
639 3206 717 3267 inter
731 3205 837 3266 Gallos
847 3225 996 3266 venenum
1009 3205 1101 3268 fuisse
1113 3207 1244 3269 dilutum
1257 3229 1294 3270 ae

95 3301 298 3383 propinatum.
354 3303 475 3364 Infelici
496 3323 615 3384 quoque
636 3313 745 3364 eventu
766 3312 895 3383 quatuor
920 3302 1125 3383 Hispanorum
1146 3304 1243 3364 millia
1264 3305 1296 3365 in

98 3394 213 3460 Galbae
231 3401 413 3481 irruperunt,
431 3421 468 3460 ex
485 3399 603 3481 quibus,
619 3399 764 3460 sexcentis
778 3399 884 3479 captis,
900 3399 1012 3460 relictis
1025 3410 1092 3481 post
1108 3422 1140 3462 se
1158 3402 1299 3462 omuibus

97 3489 323 3573 impedimentis
342 3504 373 3556 et
390 3497 547 3577 sexaginta
565 3495 720 3557 tormentis
743 3493 915 3570 metallinis,
937 3515 974 3556 ac
995 3497 1169 3577 quindecim
1189 3496 1296 3579 signis,

98 3588 205 3670 reliqui
218 3595 299 3676 segre
312 3593 352 3654 ad
365 3613 434 3654 suos
447 3593 573 3654 evadere
586 3601 755 3673 potuerunt.

141 3684 220 3750 Haec
234 3691 308 3753 dum
321 3691 360 3753 ab
369 3689 437 3753 aliis
449 3689 521 3752 alibi
533 3698 674 3772 aguntur,
685 3690 779 3754 nostri
793 3689 914 3754 interim
927 3689 960 3752 in
971 3689 1151 3753 Pomeranid
1164 3709 1225 3752 nou
1239 3688 1296 3752 oti·
