3225 4700
1583 119 1586 204 l

1580 241 1586 306 l

321 313 390 379 408
700 308 1116 376 ITINERARIUM.

360 463 538 544 Augebatur
552 461 666 523 interea
679 461 823 523 intestina
832 460 878 522 vis
892 460 987 522 morbi
1003 469 1032 520 et
1045 460 1114 522 Rex
1128 459 1274 543 paulatim
1288 461 1328 523 ad
1338 461 1454 524 obitum
1472 463 1535 524 de·
1574 507 1586 546 Α

318 557 459 620 clinabat.
489 557 674 619 Profectioni
688 577 724 619 ex
739 558 847 618 mnudi
861 557 951 638 hujus
964 556 1195 633 calamitatibus,
1210 559 1250 619 ad
1264 558 1410 622 laetiorem
1422 560 1533 640 (quod

318 655 406 736 plane
426 653 622 730 confidimus)
642 655 734 716 vitam
752 656 772 716 b
787 654 859 716 ritae
881 653 1044 734 mortisque
1066 654 1214 726 Domino,
1232 675 1352 717 summo
1370 655 1439 717 coeli
1463 667 1532 716 ter·

318 771 419 832 raeque
445 751 676 824 dictatore,dies
699 750 944 832 quartadecima
967 749 1046 810 Maii
1071 753 1235 812 constituta
1264 762 1321 827 est,
1348 753 1423 813 hora
1447 753 1530 813 verb

315 860 383 930 post
400 850 559 910 meridiem
578 850 681 924 altera,
700 849 807 911 eadem
829 847 944 909 scilicet
964 867 1033 928 quae
1051 846 1150 908 fatalis
1170 847 1230 910 fuit
1250 869 1360 932 magno
1379 849 1528 911 Henrico

316 946 407 1028 hujus
423 947 554 1008 nominis
571 958 679 1028 quarto
698 945 816 1028 parenti
834 945 981 1007 Ludovici
1001 946 1107 1029 Regis,
1126 946 1179 1026 qui
1198 947 1290 1008 Anno
1305 946 1419 1008 Christi
1442 949 1526 1007 1610

316 1043 447 1104 violenti
463 1054 557 1104 morte
573 1044 652 1105 vivis
669 1065 722 1126 per
740 1042 924 1124 parricidam
940 1052 1058 1124 ereptus
1074 1043 1140 1104 fuit
1183 1043 1260 1125 Ejus
1279 1043 1395 1105 obitum
1411 1065 1523 1106 conse-

315 1149 426 1220 quente
439 1140 489 1201 die
500 1140 606 1222 junior
620 1141 688 1203 Rex
701 1139 876 1201 Ludovicus
890 1139 983 1202 XIV.
999 1150 1028 1202 et
1043 1141 1165 1223 Regina
1181 1141 1284 1214 vidua,
1304 1139 1521 1202 comitantibus

316 1237 400 1319 regio
417 1235 509 1298 fratre
529 1237 655 1318 aliisque
675 1237 762 1320 regni
781 1236 970 1319 principibus
986 1257 1022 1298 ac
1043 1238 1221 1300 consiliariis
1237 1238 1372 1300 Parisios
1388 1238 1519 1320 ingressi

298 1344 385 1403 ,sunt
407 1354 519 1417 magna
539 1335 750 1417 gratulatione,
771 1344 803 1396 et
825 1337 941 1416 accepti
964 1333 1094 1416 plurima
1116 1335 1219 1416 populi
1245 1335 1462 1398 acclamatione
1487 1349 1518 1398 et

314 1430 431 1512 plausu.
472 1431 671 1494 Conduoebat
684 1432 802 1515 Regem
817 1431 1037 1494 Maresoballus
1051 1432 1088 1494 de
1103 1431 1223 1494 Guicbe
1234 1453 1303 1494 cum
1313 1432 1433 1515 legione
1445 1453 1518 1494 cns·

313 1529 403 1591 todiae
425 1529 517 1612 regiae
536 1531 688 1612 assignata
707 1529 848 1609 equestri,
871 1529 959 1610 cnjus
980 1528 1109 1591 dimidia
1128 1549 1198 1610 pars
1217 1531 1370 1610 precessit
1390 1529 1519 1590 rhedam

314 1624 409 1687 altera
426 1627 571 1688 medietas
589 1636 693 1687 secuta
712 1636 767 1687 est.
805 1625 986 1708 Priusquam
1006 1625 1075 1688 Rex
1092 1627 1195 1687 urbem
1213 1626 1374 1708 attingeret
1389 1627 1519 1688 obvium

315 1743 368 1804 pro
382 1744 464 1784 more
478 1723 583 1785 babuit
599 1725 819 1806 magistratum,
833 1724 886 1804 qui
899 1723 1000 1785 claves
1015 1723 1098 1785 urbis
1112 1723 1236 1799 detulit,-
1249 1732 1278 1784 et
1293 1722 1366 1784 alias
1383 1721 1520 1784 solenni-

312 1829 386 1882 tates
399 1829 534 1901 receptas
547 1831 723 1902 prosecutus
736 1831 797 1882 ast:
818 1820 921 1880 omnia
934 1831 1070 1902 optatum
1085 1819 1216 1881 habuere
1229 1839 1411 1882 successum.

352 1918 453 1979 Tertio
463 1918 582 1979 decimo
592 1918 669 1979 Maii
679 1916 851 1979 Cardiualis
863 1915 992 1978 Infantis
1001 1917 1130 1978 cadaver
1140 1916 1267 1978 Parisiis
1280 1917 1312 1978 in
1327 1917 1517 1998 Hispaniam

313 2013 447 2076 delatum
466 2025 523 2076 est.
565 2015 624 2077 Cui
642 2014 718 2076 alins
735 2015 832 2076 bonos
847 2034 908 2076 non
928 2024 974 2076 ast
991 2013 1120 2091 babitus,
1136 2015 1196 2076 nisi
1213 2015 1296 2096 qnod
1309 2018 1349 2076 25
1367 2014 1470 2077 rhedis
1488 2024 1519 2076 et

311 2111 467 2193 manipulo
480 2113 614 2193 equiturn
629 2113 841 2174 comitantibus
855 2111 1046 2174 introductus
1058 2112 1162 2174 fuerit.

352 2209 457 2270 Biduo
481 2219 548 2290 post
567 2209 794 2272 Aurelianensis
815 2209 889 2271 Dux
910 2211 1071 2294 conjugem
1091 2231 1175 2272 suam
1197 2211 1362 2274 honorilice
1383 2213 1515 2294 excepit,

312 2307 486 2391 nuptiisque
501 2307 577 2369 alias
595 2305 678 2367 initis
692 2305 948 2389 Arohiepiscopus
970 2308 1152 2371 Parisiensis
1172 2309 1279 2371 iterum
1302 2310 1470 2382 benedixit,
1486 2321 1517 2372 et

311 2406 409 2468 denuo
422 2404 624 2467 confirmarit.
654 2404 804 2487 Princeps
816 2413 911 2489 nupta
920 2406 1043 2468 divertit
1053 2406 1083 2467 iu
1094 2406 1164 2469 anlb
1173 2427 1264 2488 qnam
1276 2407 1513 2490 Lunenburgen·

312 2524 374 2565 sem
388 2502 553 2584 appellant.

351 2600 507 2682 Vigesima
520 2598 618 2681 prima
630 2599 653 2661 J
655 2600 720 2661 unii
734 2599 831 2683 Regis
843 2600 1092 2663 christianissimi
1106 2599 1235 2661 cadaver
1252 2599 1284 2659 in
1304 2598 1338 2661 S.
1360 2598 1513 2680 Dionysio

310 2696 479 2780 depositum
493 2708 538 2758 ast
550 2696 582 2756 id
594 2696 675 2777 quod
686 2718 748 2759 non
762 2698 928 2759 minoribus
942 2695 1101 2779 impendiis
1113 2695 1206 2777 quam
1217 2706 1361 2777 apparatu
1372 2698 1512 2779 contigit,

310 2804 446 2855 asserunt
458 2793 539 2854 enim
554 2793 584 2853 iu
599 2813 666 2854 eam
679 2814 742 2855 rem
756 2814 818 2854 non
831 2794 930 2855 minus
943 2793 1068 2876 triginta
1080 2812 1237 2855 aureorum
1249 2793 1383 2855 millibus
1396 2794 1511 2875 impen-

310 2910 376 2952 sum
391 2910 463 2961 esee,
478 2889 618 2969 adquam
633 2900 733 2951 actum
748 2890 903 2971 praecipua
916 2890 1057 2952 nobilitas
1070 2890 1163 2951 totius
1178 2888 1289 2952 Gallim
1303 2890 1486 2953 convolarit.

352 2988 472 3049 Interea
493 2987 524 3047 in
548 2986 672 3048 Artesia
695 2986 713 3047 b
735 2986 834 3050 Gallis
858 3008 904 3049 res
928 2986 1047 3049 fortiter
1068 2988 1227 3069 gerebatur
1247 2988 1512 3049 succumbentibus

312 3084 459 3165 Hispanis
476 3084 515 3144 ad
528 3082 680 3145 civitatem
697 3084 830 3165 Rooroy.
874 3082 1064 3145 Obsederant
1084 3084 1218 3166 Hispani
1235 3084 1411 3160 Rooruium,
1426 3093 1458 3147 et
1473 3087 1511 3146 sb

310 3182 426 3263 aliquot
440 3182 546 3243 diebus
564 3182 642 3242 serio
655 3181 839 3263 premebant
882 3180 920 3241 In
940 3179 976 3241 eb
994 3180 1152 3243 obsidione
1166 3190 1200 3243 ut
1216 3180 1283 3242 fieri
1297 3195 1379 3243 amat
1394 3182 1510 3243 emitte·

310 3280 383 3341 bant
396 3280 413 3340 ὲ
427 3278 533 3340 castris
551 3278 716 3340 identidem
729 3278 864 3340 diversos
880 3277 1049 3359 manipulos
1066 3278 1174 3358 partim
1196 3277 1381 3360 explorandi,
1396 3289 1509 3361 partem

309 3376 440 3438 bostium
455 3376 531 3437 fines
545 3376 708 3438 infestandi
721 3375 828 3458 gratia,
843 3376 951 3456 quibus
966 3376 1207 3457 expeditionibus
1220 3386 1282 3437 tam
1296 3376 1405 3457 praedis
1417 3375 1508 3457 qubus

309 3472 459 3535 incendiis
470 3473 626 3535 vastabant
635 3473 748 3556 oppida
756 3484 787 3534 et
797 3493 900 3555 pagos.
932 3474 1024 3547 Quod
1036 3487 1068 3536 ut
1078 3484 1289 3553 compererunt
1302 3473 1396 3550 Galli,
1411 3476 1508 3557 copias

309 3590 378 3631 suas
395 3570 494 3632 subito
514 3581 719 3632 convocarunt
739 3579 773 3630 nt
792 3570 908 3632 civitati
925 3590 1035 3651 pressae
1055 3580 1087 3632 et
1108 3570 1255 3633 deditioni
1278 3572 1422 3652 proximae
1442 3594 1507 3635 suo-

310 3677 473 3729 currereut.
516 3667 657 3729 Ducebat
672 3667 773 3748 copias
789 3668 998 3729 serenissimus
1012 3667 1258 3751 Anguineusium
1281 3669 1355 3731 Dux
1373 3670 1458 3732 miles
1475 3672 1506 3731 in
