3225 4700
312 333 377 398 398
718 335 743 401 I
748 335 849 406 ΤΙΝ
852 335 1037 405 ERARI
1045 336 1129 403 ΠΜ.

314 489 472 562 Thomsm,
485 490 538 571 qui
557 492 596 552 de
611 491 745 572 periculo
758 493 922 556 deditionis
935 493 1238 564 commonefacerent,
1252 491 1305 552 sed
1317 489 1390 571 quis
1404 489 1457 552 vel
1474 499 1522 551 ts·
1594 503 1595 522 ¹

312 588 456 651 belliones
474 589 751 671 intercipiebantur,
768 590 819 652 vel
836 591 935 652 redire
951 611 1010 652 non
1028 601 1178 672 poterent,
1197 591 1252 672 qui
1270 611 1447 672 responsum
1472 609 1523 649 rc-

312 686 424 749 ferrent
442 687 577 748 accensis
595 697 689 748 noctu
708 689 831 770 ignibus
851 689 1114 770 praesentissimsm
1135 688 1343 750 necessitatem
1360 688 1392 749 iu
1413 687 1522 748 amica
1594 709 1595 722 ¹

313 794 411 845 csstra
423 784 643 868 significarunt.
685 786 890 848 Commodum
904 787 1007 848 eodem
1023 794 1157 868 tempore
1171 786 1320 867 Princeps
1331 785 1466 845 Thomas
1479 805 1520 844 ex

315 881 424 943 Galliis
437 882 742 963 suppetiassdductss
760 904 823 944 esse
839 882 997 944 audiverat
1010 885 1109 960 (erent
1125 883 1303 945 selectorum
1317 881 1451 943 militum
1469 881 1518 941 bis
1594 873 1595 934 j

312 978 395 1040 mille
403 979 567 1061 quingenta
577 980 689 1061 capita)
697 981 876 1060 quibuscum
885 981 925 1042 sd
934 979 1123 1041 liberandum
1132 980 1287 1042 obsidione
1298 989 1431 1040 cestrum
1447 997 1517 1039 sese

312 1076 455 1136 accinxit.
490 1075 671 1138 Convocatis
682 1097 754 1159 ergo
762 1076 891 1137 ducibus
904 1087 935 1138 et
948 1077 987 1137 sd
997 1097 1060 1138 rem
1071 1077 1187 1138 fortiter
1196 1076 1345 1158 agendum
1358 1073 1516 1147 animatis,

313 1174 475 1235 exercitum
496 1173 657 1235 duodecim
673 1175 797 1235 omnino
818 1173 947 1235 millium
965 1173 1069 1234 eduxit
1085 1175 1117 1234 in
1137 1193 1279 1253 campum
1295 1182 1325 1233 et
1340 1171 1380 1232 sd
1400 1171 1516 1232 Nisum

313 1270 472 1351 promovit,
491 1272 552 1332 und
568 1292 637 1332 cum
657 1291 767 1333 novem
784 1271 941 1333 tormentis
956 1271 1143 1332 currulibus:
1163 1291 1199 1332 sc
1211 1271 1274 1352 ipse
1286 1269 1410 1350 quidem
1425 1269 1516 1350 priu-
1594 1295 1595 1370 p

312 1387 382 1449 ceps
396 1388 466 1428 cum
479 1369 562 1429 omni
576 1368 710 1449 equitatu
720 1367 867 1430 Seriviem
882 1368 995 1428 flumen
1008 1367 1127 1448 trajecit
1140 1365 1266 1428 sollicite
1280 1365 1394 1427 tardius
1407 1365 1515 1426 subsc·
1594 1371 1595 1376 ’

313 1474 454 1547 quentem
466 1465 630 1546 peditatum
641 1474 811 1546 expectens,
824 1465 875 1547 qui
890 1466 964 1527 dum
977 1465 1060 1526 sbest
1072 1464 1203 1546 longius,
1213 1473 1244 1526 et
1258 1464 1373 1525 tardius
1387 1483 1514 1544 progre-

313 1562 406 1636 ditur,
427 1561 528 1643 plnvid
546 1570 720 1644 tempestate
735 1563 909 1645 impeditus,
929 1562 1073 1643 psnlatim
1095 1561 1207 1622 flumen
1226 1561 1312 1642 cquis
1325 1571 1465 1642 augetur,
1483 1567 1515 1621 et

312 1659 344 1718 in
358 1667 475 1719 tentum
489 1658 642 1732 excrescit,
652 1669 688 1720 ut
696 1659 802 1720 modus
813 1658 912 1720 nullus
922 1668 998 1720 esset
1008 1657 1178 1739 trajiciendi
1187 1658 1219 1718 in
1232 1658 1389 1719 sdverssm
1400 1658 1512 1737 ripsm.

314 1755 375 1816 His
388 1756 431 1815 its
444 1755 624 1824 constitutis,
638 1775 669 1816 se
687 1756 806 1816 munire
824 1755 980 1836 tantisper,
995 1755 1069 1816 dnm
1087 1775 1174 1836 equae
1188 1755 1386 1827 remitterent,
1399 1753 1513 1835 incipit
1594 1765 1595 1838 l

311 1853 408 1926 miles,
424 1873 462 1913 ue
475 1854 536 1934 qud
548 1852 679 1913 hostium
698 1853 922 1914 incursionibus
939 1861 1064 1934 peteret,
1082 1852 1165 1932 quod
1181 1861 1281 1912 tsmeu
1300 1862 1362 1912 tam
1380 1850 1513 1913 sollieit'e

311 1950 408 2011 fecere
422 1970 481 2011 non
496 1949 603 2032 potuit,
614 1949 687 2030 quin
703 1949 720 2009 d
733 1948 895 2011 Germanis
909 1949 1078 2032 legionibus
1094 1959 1124 2011 et
1134 1949 1253 2011 rusticis
1266 1948 1378 2010 cocciis
1385 1947 1512 2009 vellice-

312 2056 395 2107 retur
412 2056 442 2107 et
458 2067 550 2127 supra
566 2056 713 2107 trecentos
729 2056 941 2107 sternerentur.
984 2046 1106 2107 Interes
1123 2046 1298 2107 remisemnt
1317 2065 1404 2126 squae
1426 2045 1511 2126 plus·

312 2143 426 2217 culum,
452 2144 670 2224 trajeceratque
695 2144 846 2224 peditatus
869 2145 925 2204 sub
948 2152 1065 2204 sextum
1087 2143 1238 2204 decimum
1266 2143 1355 2214 Maii,
1384 2145 1512 2224 qusndo

313 2239 462 2321 Princeps
474 2238 604 2300 Thomas
618 2261 687 2302 cum
701 2241 791 2322 pleno
804 2242 938 2302 exercitu
951 2238 1116 2300 Portunum
1129 2259 1232 2301 versus
1244 2239 1338 2301 movit
1348 2251 1511 2301 conaturus

311 2337 395 2397 omni
407 2336 560 2417 impendio
572 2337 698 2400 liberere
712 2339 856 2400 obsessos.
899 2337 1066 2400 Heerebsnt
1080 2336 1212 2418 Hispani
1227 2337 1307 2398 iutra
1321 2337 1511 2398 munimenta

311 2456 365 2497 suu
376 2436 444 2507 tuti,
454 2435 493 2496 ad
505 2456 580 2515 quos
591 2434 723 2497 difficilis
732 2436 860 2497 debatur
868 2454 1014 2505 secessus,
1024 2447 1054 2496 et
1064 2434 1136 2496 licet
1143 2436 1297 2515 copiosum
1306 2444 1509 2496 commeatum

311 2533 508 2614 interceptum
523 2532 688 2594 audiissent
700 2534 738 2594 ab
752 2534 931 2594 adversariis
942 2533 1047 2595 turmis
1061 2530 1138 2593 nihil
1152 2540 1251 2593 temen
1266 2532 1285 2592 d
1297 2532 1447 2613 proposito
1462 2554 1509 2593 re·

310 2630 464 2699 miserant,
478 2631 552 2690 certi
566 2629 615 2689 vel
628 2650 715 2710 pesso
733 2630 824 2711 potiri
839 2630 885 2691 vel
901 2630 1029 2713 gloriose
1045 2630 1149 2690 emori.
1192 2628 1271 2690 Cum
1288 2628 1380 2710 igitur
1394 2630 1509 2691 obsessi

310 2725 504 2807 pertinaciam
520 2725 722 2786 obsidentium
740 2726 1016 2787 animadverterent
1032 2726 1088 2787 sub
1101 2725 1280 2808 vigesimum
1293 2737 1411 2788 sextum
1427 2726 1508 2789 Maii

310 2822 423 2904 pacisci
437 2831 580 2902 ceperunt
593 2842 628 2883 ac
643 2833 760 2904 postero
774 2823 823 2883 die
838 2834 927 2904 pects
940 2823 1159 2895 concluserunt,
1172 2832 1204 2884 ut
1217 2822 1410 2885 scilicetcum
1421 2825 1507 2885 omni

310 2918 490 2981 solennitate
508 2918 630 2980 militari
652 2920 874 3001 egrederentur.
916 2920 1098 3003 Egressique
1114 2931 1186 2982 sunt
1202 2921 1281 2980 1300
1297 2921 1361 2981 suni
1383 2921 1505 2996 milites,

310 3016 430 3077 ducenti
442 3016 514 3077 verb
525 3014 637 3077 infirmi
647 3026 678 3077 et
689 3015 850 3089 vulnerati,
860 3036 931 3078 cum
944 3026 1072 3097 quatuor
1085 3018 1239 3079 tormentis
1249 3037 1285 3079 sc
1294 3018 1434 3079 omnibns
1447 3017 1506 3078 im·

307 3112 500 3193 pedimentis,
516 3123 657 3193 recteque
671 3114 711 3175 ed
726 3115 823 3176 socios
837 3134 867 3176 se
880 3116 1097 3196 adjunxerunt,
1110 3134 1147 3175 ac
1165 3134 1234 3175 cum
1249 3115 1382 3176 exercitu
1395 3117 1505 3175 Aetam

308 3210 436 3291 regressi
449 3220 529 3271 sunt.
568 3210 699 3292 Hispsni
713 3210 834 3272 nonnisi
847 3222 969 3273 centum
983 3220 1013 3272 et
1026 3210 1172 3272 tredecim
1186 3210 1327 3271 frumenti
1341 3210 1457 3272 modios
1471 3210 1503 3271 in

307 3306 476 3388 provisione
490 3318 674 3388 repererunt,
684 3328 736 3367 sex
750 3307 872 3389 iusuper
885 3308 966 3368 dolia
983 3328 1069 3369 caseo
1088 3317 1204 3382 onusta,
1223 3328 1276 3369 sex
1290 3308 1355 3369 vini
1372 3306 1507 3388 plaustra

306 3412 338 3465 et
350 3403 475 3486 triginta
488 3404 549 3465 duo
563 3424 635 3465 vasa
652 3404 784 3484 pulveris
801 3404 892 3486 pyrii,
908 3414 1014 3486 prester
1032 3403 1230 3486 pauxillulum
1244 3403 1349 3466 farinae
1363 3415 1393 3465 et
1406 3406 1503 3485 penis.

309 3500 380 3562 Non
395 3500 515 3561 deluere
530 3501 593 3561 suis
613 3500 748 3582 pertibus
767 3500 896 3562 victores
910 3512 942 3563 ut
956 3502 1122 3563 necessaris
1136 3502 1239 3563 omnis
1251 3502 1416 3583 opportune
1434 3521 1504 3582 sup·
1594 3488 1595 3491 ¹

306 3596 432 3676 plerent,
447 3597 607 3678 locumque
620 3597 651 3657 in
666 3608 808 3658 eventum
822 3597 1013 3660 instruerent.
1052 3596 1214 3679 Praecipua
1227 3598 1300 3660 vero
1313 3618 1386 3659 curs
1399 3596 1456 3659 suit
1471 3608 1504 3659 ut

306 3694 500 3757 victoriarum
515 3694 652 3777 largitori
665 3694 801 3777 publices
815 3696 927 3779 gratiss
940 3695 1031 3757 variis
1040 3695 1115 3758 locis
1128 3696 1334 3759 decernerent.
