<?xml version="1.0" encoding="UTF-8"?>
<!DOCTYPE html PUBLIC "-//W3C//DTD XHTML 1.0 Transitional//EN"
    "http://www.w3.org/TR/xhtml1/DTD/xhtml1-transitional.dtd">
<html xmlns="http://www.w3.org/1999/xhtml" xml:lang="en" lang="en">
 <head>
  <title>
</title>
<meta http-equiv="Content-Type" content="text/html;charset=utf-8" />
  <meta name='ocr-system' content='tesseract 3.04.00' />
  <meta name='ocr-capabilities' content='ocr_page ocr_carea ocr_par ocr_line ocrx_word'/>
</head>
<body>
  <div class='ocr_page' id='page_1' title='image "./itinerariumthom00kerngoog_0234.png"; bbox 0 0 3225 4700; ppageno 0'>
   <div class='ocr_carea' id='block_1_1' title="bbox 352 335 1154 404">
    <p class='ocr_par' dir='ltr' id='par_1_1' title="bbox 352 335 1154 404">
     <span class='ocr_line' id='line_1_1' title="bbox 352 335 1154 404; baseline 0.002 -2"><span class='ocrx_word' id='word_1_1' title='bbox 352 338 413 403; x_wconf 85' lang='lat' dir='ltr'><strong>loo</strong></span> <span class='ocrx_word' id='word_1_2' title='bbox 743 335 1154 404; x_wconf 79' lang='lat' dir='ltr'><strong><em>ITINERARIUM.</em></strong></span> 
     </span>
    </p>
   </div>
   <div class='ocr_carea' id='block_1_2' title="bbox 298 488 1543 2117">
    <p class='ocr_par' dir='ltr' id='par_1_2' title="bbox 298 488 1543 1830">
     <span class='ocr_line' id='line_1_2' title="bbox 342 488 1541 573; baseline -0.003 -18"><span class='ocrx_word' id='word_1_3' title='bbox 342 492 444 555; x_wconf 87' lang='lat' dir='ltr'><strong>limbis</strong></span> <span class='ocrx_word' id='word_1_4' title='bbox 452 488 614 566; x_wconf 82' lang='lat' dir='ltr'><strong>fimbriato,</strong></span> <span class='ocrx_word' id='word_1_5' title='bbox 622 496 750 571; x_wconf 83' lang='lat' dir='ltr'><strong>opertos.</strong></span> <span class='ocrx_word' id='word_1_6' title='bbox 788 488 923 553; x_wconf 78' lang='lat' dir='ltr'><strong>Tandem</strong></span> <span class='ocrx_word' id='word_1_7' title='bbox 932 490 994 572; x_wconf 90' lang='lat' dir='ltr'><strong>ipse</strong></span> <span class='ocrx_word' id='word_1_8' title='bbox 1002 490 1142 573; x_wconf 90' lang='lat' dir='ltr'><strong>princeps</strong></span> <span class='ocrx_word' id='word_1_9' title='bbox 1154 490 1272 553; x_wconf 85' lang='lat' dir='ltr'><strong>medius</strong></span> <span class='ocrx_word' id='word_1_10' title='bbox 1284 489 1362 553; x_wconf 87' lang='lat' dir='ltr'><strong>iuter</strong></span> <span class='ocrx_word' id='word_1_11' title='bbox 1373 488 1541 551; x_wconf 81' lang='lat' dir='ltr'><strong>Dominum</strong></span> 
     </span>
     <span class='ocr_line' id='line_1_3' title="bbox 344 586 1543 669; baseline -0.004 -16"><span class='ocrx_word' id='word_1_12' title='bbox 344 591 415 653; x_wconf 92' lang='lat' dir='ltr'><strong>Pcli</strong></span> <span class='ocrx_word' id='word_1_13' title='bbox 426 586 697 669; x_wconf 82' lang='lat' dir='ltr'><strong>Arcbiepiscopum</strong></span> <span class='ocrx_word' id='word_1_14' title='bbox 710 586 750 648; x_wconf 84' lang='lat' dir='ltr'><strong>dc</strong></span> <span class='ocrx_word' id='word_1_15' title='bbox 759 588 895 663; x_wconf 82' lang='lat' dir='ltr'><strong>Amasis,</strong></span> <span class='ocrx_word' id='word_1_16' title='bbox 908 608 1082 669; x_wconf 87' lang='lat' dir='ltr'><strong>supremum</strong></span> <span class='ocrx_word' id='word_1_17' title='bbox 1094 608 1158 651; x_wconf 78' lang='lat' dir='ltr'><strong>sna</strong></span> <span class='ocrx_word' id='word_1_18' title='bbox 1173 588 1346 651; x_wconf 72' lang='lat' dir='ltr'><strong>Smctimtis</strong></span> <span class='ocrx_word' id='word_1_19' title='bbox 1365 587 1445 649; x_wconf 71' lang='lat' dir='ltr'><strong>culn</strong></span> <span class='ocrx_word' id='word_1_20' title='bbox 1459 586 1543 649; x_wconf 87' lang='lat' dir='ltr'><strong>Prre·</strong></span> 
     </span>
     <span class='ocr_line' id='line_1_4' title="bbox 343 682 1543 767; baseline -0.006 -16"><span class='ocrx_word' id='word_1_21' title='bbox 343 682 1186 767; x_wconf 76' lang='lat' dir='ltr'><strong>iectum‚etDcmiuumGonzagamArohiepisccpumin</strong></span> <span class='ocrx_word' id='word_1_22' title='bbox 1195 683 1543 765; x_wconf 87' lang='lat' dir='ltr'><strong>Rhodo,equosublimis</strong></span> 
     </span>
     <span class='ocr_line' id='line_1_5' title="bbox 298 779 1543 865; baseline -0.004 -19"><span class='ocrx_word' id='word_1_23' title='bbox 298 810 304 833; x_wconf 86' lang='lat'><strong>·</strong></span> <span class='ocrx_word' id='word_1_24' title='bbox 343 785 414 848; x_wconf 82' lang='lat' dir='ltr'><strong>ibat</strong></span> <span class='ocrx_word' id='word_1_25' title='bbox 456 782 539 865; x_wconf 79' lang='lat' dir='ltr'><strong>Equi</strong></span> <span class='ocrx_word' id='word_1_26' title='bbox 555 779 680 863; x_wconf 74' lang='lat' dir='ltr'><strong>anguto</strong></span> <span class='ocrx_word' id='word_1_27' title='bbox 697 800 772 843; x_wconf 92' lang='lat' dir='ltr'><strong>auro</strong></span> <span class='ocrx_word' id='word_1_28' title='bbox 788 788 875 842; x_wconf 87' lang='lat' dir='ltr'><strong>erant</strong></span> <span class='ocrx_word' id='word_1_29' title='bbox 891 790 1014 843; x_wconf 77' lang='lat' dir='ltr'><strong>armatu</strong></span> <span class='ocrx_word' id='word_1_30' title='bbox 1031 781 1202 863; x_wconf 85' lang='lat' dir='ltr'><strong>purissimo,</strong></span> <span class='ocrx_word' id='word_1_31' title='bbox 1215 780 1334 843; x_wconf 58' lang='lat' dir='ltr'><strong>mcum</strong></span> <span class='ocrx_word' id='word_1_32' title='bbox 1347 801 1443 862; x_wconf 90' lang='lat' dir='ltr'><strong>equus</strong></span> <span class='ocrx_word' id='word_1_33' title='bbox 1457 800 1543 841; x_wconf 90' lang='lat' dir='ltr'><strong>man·</strong></span> 
     </span>
     <span class='ocr_line' id='line_1_6' title="bbox 343 877 1542 960; baseline -0.007 -14"><span class='ocrx_word' id='word_1_34' title='bbox 343 883 434 946; x_wconf 86' lang='lat' dir='ltr'><strong>debat</strong></span> <span class='ocrx_word' id='word_1_35' title='bbox 446 898 581 955; x_wconf 88' lang='lat' dir='ltr'><strong>aureum,</strong></span> <span class='ocrx_word' id='word_1_36' title='bbox 601 877 732 940; x_wconf 88' lang='lat' dir='ltr'><strong>calcaria</strong></span> <span class='ocrx_word' id='word_1_37' title='bbox 751 878 861 959; x_wconf 90' lang='lat' dir='ltr'><strong>equitis</strong></span> <span class='ocrx_word' id='word_1_38' title='bbox 884 898 955 941; x_wconf 86' lang='lat' dir='ltr'><strong>cum</strong></span> <span class='ocrx_word' id='word_1_39' title='bbox 976 878 1059 940; x_wconf 91' lang='lat' dir='ltr'><strong>omni</strong></span> <span class='ocrx_word' id='word_1_40' title='bbox 1080 889 1188 941; x_wconf 90' lang='lat' dir='ltr'><strong>ornatu</strong></span> <span class='ocrx_word' id='word_1_41' title='bbox 1205 878 1322 960; x_wconf 80' lang='lat' dir='ltr'><strong>reliquo</strong></span> <span class='ocrx_word' id='word_1_42' title='bbox 1336 886 1423 939; x_wconf 86' lang='lat' dir='ltr'><strong>erant</strong></span> <span class='ocrx_word' id='word_1_43' title='bbox 1436 896 1542 939; x_wconf 86' lang='lat' dir='ltr'><strong>aurea</strong></span> 
     </span>
     <span class='ocr_line' id='line_1_7' title="bbox 343 974 1543 1060; baseline -0.004 -19"><span class='ocrx_word' id='word_1_44' title='bbox 343 978 455 1041; x_wconf 82' lang='lat' dir='ltr'><strong>Gladio</strong></span> <span class='ocrx_word' id='word_1_45' title='bbox 473 977 649 1060; x_wconf 76' lang='lat' dir='ltr'><strong>cingebatur</strong></span> <span class='ocrx_word' id='word_1_46' title='bbox 665 976 834 1039; x_wconf 83' lang='lat' dir='ltr'><strong>secuudum</strong></span> <span class='ocrx_word' id='word_1_47' title='bbox 851 975 993 1058; x_wconf 91' lang='lat' dir='ltr'><strong>capulum</strong></span> <span class='ocrx_word' id='word_1_48' title='bbox 1008 994 1099 1038; x_wconf 87' lang='lat' dir='ltr'><strong>aureo</strong></span> <span class='ocrx_word' id='word_1_49' title='bbox 1111 976 1212 1057; x_wconf 85' lang='lat' dir='ltr'><strong>lapide</strong></span> <span class='ocrx_word' id='word_1_50' title='bbox 1223 976 1358 1057; x_wconf 86' lang='lat' dir='ltr'><strong>precioso</strong></span> <span class='ocrx_word' id='word_1_51' title='bbox 1370 974 1447 1036; x_wconf 87' lang='lat' dir='ltr'><strong>mira</strong></span> <span class='ocrx_word' id='word_1_52' title='bbox 1463 975 1543 1036; x_wconf 83' lang='lat' dir='ltr'><strong>vari·</strong></span> 
     </span>
     <span class='ocr_line' id='line_1_8' title="bbox 342 1069 1543 1155; baseline -0.006 -15"><span class='ocrx_word' id='word_1_53' title='bbox 342 1086 421 1140; x_wconf 85' lang='lat' dir='ltr'><strong>etate</strong></span> <span class='ocrx_word' id='word_1_54' title='bbox 429 1073 624 1155; x_wconf 83' lang='lat' dir='ltr'><strong>undiquaque</strong></span> <span class='ocrx_word' id='word_1_55' title='bbox 644 1080 806 1135; x_wconf 76' lang='lat' dir='ltr'><strong>exornato:</strong></span> <span class='ocrx_word' id='word_1_56' title='bbox 826 1071 953 1134; x_wconf 85' lang='lat' dir='ltr'><strong>vestitus</strong></span> <span class='ocrx_word' id='word_1_57' title='bbox 966 1071 1120 1153; x_wconf 86' lang='lat' dir='ltr'><strong>Principis</strong></span> <span class='ocrx_word' id='word_1_58' title='bbox 1132 1092 1207 1134; x_wconf 89' lang='lat' dir='ltr'><strong>auro</strong></span> <span class='ocrx_word' id='word_1_59' title='bbox 1218 1071 1428 1145; x_wconf 87' lang='lat' dir='ltr'><strong>mundissimo,</strong></span> <span class='ocrx_word' id='word_1_60' title='bbox 1443 1069 1543 1152; x_wconf 85' lang='lat' dir='ltr'><strong>pileus</strong></span> 
     </span>
     <span class='ocr_line' id='line_1_9' title="bbox 341 1168 1540 1256; baseline -0.005 -21"><span class='ocrx_word' id='word_1_61' title='bbox 341 1172 446 1256; x_wconf 70' lang='lat' dir='ltr'><strong>pluma</strong></span> <span class='ocrx_word' id='word_1_62' title='bbox 457 1170 561 1234; x_wconf 88' lang='lat' dir='ltr'><strong>multis</strong></span> <span class='ocrx_word' id='word_1_63' title='bbox 569 1168 731 1231; x_wconf 87' lang='lat' dir='ltr'><strong>unionibus</strong></span> <span class='ocrx_word' id='word_1_64' title='bbox 743 1176 776 1229; x_wconf 91' lang='lat' dir='ltr'><strong>et</strong></span> <span class='ocrx_word' id='word_1_65' title='bbox 783 1168 973 1249; x_wconf 77' lang='lat' dir='ltr'><strong>margarithis</strong></span> <span class='ocrx_word' id='word_1_66' title='bbox 981 1177 1141 1231; x_wconf 81' lang='lat' dir='ltr'><strong>exornatus</strong></span> <span class='ocrx_word' id='word_1_67' title='bbox 1151 1168 1343 1253; x_wconf 73' lang='lat' dir='ltr'><strong>grambatur.</strong></span> <span class='ocrx_word' id='word_1_68' title='bbox 1373 1168 1540 1249; x_wconf 88' lang='lat' dir='ltr'><strong>Princeps·</strong></span> 
     </span>
     <span class='ocr_line' id='line_1_10' title="bbox 341 1263 1542 1353; baseline -0.006 -21"><span class='ocrx_word' id='word_1_69' title='bbox 341 1290 399 1353; x_wconf 89' lang='lat' dir='ltr'><strong>que</strong></span> <span class='ocrx_word' id='word_1_70' title='bbox 419 1268 516 1352; x_wconf 85' lang='lat' dir='ltr'><strong>(quod</strong></span> <span class='ocrx_word' id='word_1_71' title='bbox 536 1273 642 1328; x_wconf 90' lang='lat' dir='ltr'><strong>notatu</strong></span> <span class='ocrx_word' id='word_1_72' title='bbox 661 1263 874 1348; x_wconf 77' lang='lat' dir='ltr'><strong>dignissimum</strong></span> <span class='ocrx_word' id='word_1_73' title='bbox 895 1263 966 1343; x_wconf 86' lang='lat' dir='ltr'><strong>fuit)</strong></span> <span class='ocrx_word' id='word_1_74' title='bbox 987 1274 1051 1327; x_wconf 89' lang='lat' dir='ltr'><strong>tcto</strong></span> <span class='ocrx_word' id='word_1_75' title='bbox 1069 1284 1162 1348; x_wconf 80' lang='lat' dir='ltr'>prope</span> <span class='ocrx_word' id='word_1_76' title='bbox 1182 1275 1315 1347; x_wconf 88' lang='lat' dir='ltr'><strong>temporo</strong></span> <span class='ocrx_word' id='word_1_77' title='bbox 1332 1266 1450 1328; x_wconf 86' lang='lat' dir='ltr'><strong>detecto</strong></span> <span class='ocrx_word' id='word_1_78' title='bbox 1470 1266 1542 1326; x_wconf 91' lang='lat' dir='ltr'><strong>obe·</strong></span> 
     </span>
     <span class='ocr_line' id='line_1_11' title="bbox 338 1358 1540 1449; baseline -0.004 -21"><span class='ocrx_word' id='word_1_79' title='bbox 338 1367 475 1449; x_wconf 74' lang='lat' dir='ltr'><strong>quintas</strong></span> <span class='ocrx_word' id='word_1_80' title='bbox 487 1363 595 1443; x_wconf 85' lang='lat' dir='ltr'><strong>capite,</strong></span> <span class='ocrx_word' id='word_1_81' title='bbox 610 1361 649 1422; x_wconf 93' lang='lat' dir='ltr'><strong>ob</strong></span> <span class='ocrx_word' id='word_1_82' title='bbox 661 1360 893 1423; x_wconf 70' lang='lat' dir='ltr'><strong>acclamantium</strong></span> <span class='ocrx_word' id='word_1_83' title='bbox 907 1361 1159 1443; x_wconf 81' lang='lat' dir='ltr'><strong>salutantiumque</strong></span> <span class='ocrx_word' id='word_1_84' title='bbox 1167 1380 1302 1424; x_wconf 79' lang='lat' dir='ltr'><strong>susurros</strong></span> <span class='ocrx_word' id='word_1_85' title='bbox 1309 1358 1399 1443; x_wconf 81' lang='lat' dir='ltr'><strong>louge</strong></span> <span class='ocrx_word' id='word_1_86' title='bbox 1408 1360 1540 1423; x_wconf 89' lang='lat' dir='ltr'><strong>human·</strong></span> 
     </span>
     <span class='ocr_line' id='line_1_12' title="bbox 338 1456 1540 1541; baseline -0.002 -20"><span class='ocrx_word' id='word_1_87' title='bbox 338 1463 466 1537; x_wconf 65' lang='lat' dir='ltr'><strong>iminica,</strong></span> <span class='ocrx_word' id='word_1_88' title='bbox 491 1458 600 1541; x_wconf 91' lang='lat' dir='ltr'><strong>quibus</strong></span> <span class='ocrx_word' id='word_1_89' title='bbox 619 1457 683 1539; x_wconf 88' lang='lat' dir='ltr'><strong>ipsa</strong></span> <span class='ocrx_word' id='word_1_90' title='bbox 704 1456 837 1519; x_wconf 82' lang='lat' dir='ltr'><strong>vicissim</strong></span> <span class='ocrx_word' id='word_1_91' title='bbox 856 1476 926 1519; x_wconf 89' lang='lat' dir='ltr'><strong>cum</strong></span> <span class='ocrx_word' id='word_1_92' title='bbox 947 1456 1015 1519; x_wconf 91' lang='lat' dir='ltr'><strong>miti</strong></span> <span class='ocrx_word' id='word_1_93' title='bbox 1036 1458 1142 1540; x_wconf 88' lang='lat' dir='ltr'><strong>capitis</strong></span> <span class='ocrx_word' id='word_1_94' title='bbox 1163 1458 1344 1521; x_wconf 77' lang='lat' dir='ltr'>demissione</span> <span class='ocrx_word' id='word_1_95' title='bbox 1364 1468 1396 1521; x_wconf 86' lang='lat' dir='ltr'><strong>et</strong></span> <span class='ocrx_word' id='word_1_96' title='bbox 1416 1478 1540 1521; x_wconf 88' lang='lat' dir='ltr'><strong>summa</strong></span> 
     </span>
     <span class='ocr_line' id='line_1_13' title="bbox 338 1553 1540 1637; baseline -0.005 -16"><span class='ocrx_word' id='word_1_97' title='bbox 338 1555 555 1623; x_wconf 69' lang='lat' dir='ltr'><strong>benevolentia</strong></span> <span class='ocrx_word' id='word_1_98' title='bbox 567 1553 788 1636; x_wconf 76' lang='lat' dir='ltr'><strong>significatione</strong></span> <span class='ocrx_word' id='word_1_99' title='bbox 800 1553 1017 1636; x_wconf 77' lang='lat' dir='ltr'><strong>respondebat3</strong></span> <span class='ocrx_word' id='word_1_100' title='bbox 1039 1574 1095 1616; x_wconf 86' lang='lat' dir='ltr'><strong>uec</strong></span> <span class='ocrx_word' id='word_1_101' title='bbox 1109 1555 1221 1617; x_wconf 87' lang='lat' dir='ltr'><strong>adduci</strong></span> <span class='ocrx_word' id='word_1_102' title='bbox 1235 1574 1368 1636; x_wconf 87' lang='lat' dir='ltr'><strong>unquam</strong></span> <span class='ocrx_word' id='word_1_103' title='bbox 1383 1556 1491 1637; x_wconf 86' lang='lat' dir='ltr'><strong>potuit,</strong></span> <span class='ocrx_word' id='word_1_104' title='bbox 1503 1566 1540 1615; x_wconf 87' lang='lat' dir='ltr'><strong>ut</strong></span> 
     </span>
     <span class='ocr_line' id='line_1_14' title="bbox 339 1650 1539 1737; baseline -0.003 -19"><span class='ocrx_word' id='word_1_105' title='bbox 339 1664 431 1737; x_wconf 90' lang='lat' dir='ltr'><strong>caput</strong></span> <span class='ocrx_word' id='word_1_106' title='bbox 437 1652 575 1735; x_wconf 90' lang='lat' dir='ltr'><strong>operiret,</strong></span> <span class='ocrx_word' id='word_1_107' title='bbox 585 1651 778 1731; x_wconf 84' lang='lat' dir='ltr'><strong>quantumvis</strong></span> <span class='ocrx_word' id='word_1_108' title='bbox 784 1650 1135 1733; x_wconf 73' lang='lat' dir='ltr'><strong>aoepelceremoniarum</strong></span> <span class='ocrx_word' id='word_1_109' title='bbox 1143 1652 1353 1735; x_wconf 77' lang='lat' dir='ltr'><strong>magistrosuae</strong></span> <span class='ocrx_word' id='word_1_110' title='bbox 1359 1652 1539 1715; x_wconf 80' lang='lat' dir='ltr'><strong>Sanctitetis</strong></span> 
     </span>
     <span class='ocr_line' id='line_1_15' title="bbox 339 1747 1173 1830; baseline -0.002 -16"><span class='ocrx_word' id='word_1_111' title='bbox 339 1758 511 1815; x_wconf 90' lang='lat' dir='ltr'><strong>moneretur</strong></span> <span class='ocrx_word' id='word_1_112' title='bbox 523 1767 562 1809; x_wconf 88' lang='lat' dir='ltr'><strong>ue</strong></span> <span class='ocrx_word' id='word_1_113' title='bbox 574 1767 635 1828; x_wconf 87' lang='lat' dir='ltr'><strong>qua</strong></span> <span class='ocrx_word' id='word_1_114' title='bbox 647 1748 723 1809; x_wconf 76' lang='lat' dir='ltr'><strong>forte</strong></span> <span class='ocrx_word' id='word_1_115' title='bbox 736 1747 905 1830; x_wconf 87' lang='lat' dir='ltr'><strong>periculum</strong></span> <span class='ocrx_word' id='word_1_116' title='bbox 919 1748 1054 1810; x_wconf 88' lang='lat' dir='ltr'><strong>sanitatis</strong></span> <span class='ocrx_word' id='word_1_117' title='bbox 1066 1748 1173 1813; x_wconf 84' lang='lat' dir='ltr'><strong>adiret.</strong></span> 
     </span>
    </p>

    <p class='ocr_par' dir='ltr' id='par_1_3' title="bbox 337 1843 1537 2117">
     <span class='ocr_line' id='line_1_16' title="bbox 380 1843 1537 1929; baseline -0.002 -20"><span class='ocrx_word' id='word_1_118' title='bbox 380 1848 445 1909; x_wconf 91' lang='lat' dir='ltr'><strong>Iter</strong></span> <span class='ocrx_word' id='word_1_119' title='bbox 456 1845 570 1907; x_wconf 79' lang='lat' dir='ltr'><strong>ferebat</strong></span> <span class='ocrx_word' id='word_1_120' title='bbox 583 1843 761 1925; x_wconf 77' lang='lat' dir='ltr'><strong>Principem</strong></span> <span class='ocrx_word' id='word_1_121' title='bbox 774 1864 828 1925; x_wconf 88' lang='lat' dir='ltr'><strong>per</strong></span> <span class='ocrx_word' id='word_1_122' title='bbox 841 1846 991 1926; x_wconf 88' lang='lat' dir='ltr'><strong>porticum</strong></span> <span class='ocrx_word' id='word_1_123' title='bbox 1005 1845 1143 1907; x_wconf 80' lang='lat' dir='ltr'><strong>Romano</strong></span> <span class='ocrx_word' id='word_1_124' title='bbox 1154 1844 1303 1929; x_wconf 78' lang='lat' dir='ltr'><strong>collegio,</strong></span> <span class='ocrx_word' id='word_1_125' title='bbox 1312 1845 1394 1928; x_wconf 90' lang='lat' dir='ltr'><strong>quod</strong></span> <span class='ocrx_word' id='word_1_126' title='bbox 1405 1845 1537 1907; x_wconf 86' lang='lat' dir='ltr'><strong>Germa-</strong></span> 
     </span>
     <span class='ocr_line' id='line_1_17' title="bbox 337 1940 1537 2025; baseline -0.001 -17"><span class='ocrx_word' id='word_1_127' title='bbox 337 1946 442 2008; x_wconf 86' lang='lat' dir='ltr'><strong>nicam</strong></span> <span class='ocrx_word' id='word_1_128' title='bbox 449 1950 570 2014; x_wconf 85' lang='lat' dir='ltr'><strong>vocant,</strong></span> <span class='ocrx_word' id='word_1_129' title='bbox 579 1941 763 2023; x_wconf 72' lang='lat' dir='ltr'><strong>contiguam,</strong></span> <span class='ocrx_word' id='word_1_130' title='bbox 774 1941 828 2003; x_wconf 90' lang='lat' dir='ltr'><strong>ubi</strong></span> <span class='ocrx_word' id='word_1_131' title='bbox 836 1940 951 2003; x_wconf 89' lang='lat' dir='ltr'><strong>alumni</strong></span> <span class='ocrx_word' id='word_1_132' title='bbox 959 1941 1105 2003; x_wconf 85' lang='lat' dir='ltr'><strong>musicam</strong></span> <span class='ocrx_word' id='word_1_133' title='bbox 1113 1943 1237 2005; x_wconf 88' lang='lat' dir='ltr'><strong>omuino</strong></span> <span class='ocrx_word' id='word_1_134' title='bbox 1246 1943 1392 2025; x_wconf 89' lang='lat' dir='ltr'><strong>Papalam</strong></span> <span class='ocrx_word' id='word_1_135' title='bbox 1400 1943 1537 2007; x_wconf 81' lang='lat' dir='ltr'><strong>insum-</strong></span> 
     </span>
     <span class='ocr_line' id='line_1_18' title="bbox 338 2038 1537 2117; baseline -0.003 -11"><span class='ocrx_word' id='word_1_136' title='bbox 338 2049 436 2117; x_wconf 87' lang='lat' dir='ltr'><strong>eruut,</strong></span> <span class='ocrx_word' id='word_1_137' title='bbox 453 2038 531 2101; x_wconf 88' lang='lat' dir='ltr'><strong>mira</strong></span> <span class='ocrx_word' id='word_1_138' title='bbox 544 2058 655 2100; x_wconf 80' lang='lat' dir='ltr'><strong>vocum</strong></span> <span class='ocrx_word' id='word_1_139' title='bbox 670 2046 702 2099; x_wconf 90' lang='lat' dir='ltr'><strong>et</strong></span> <span class='ocrx_word' id='word_1_140' title='bbox 716 2038 875 2100; x_wconf 80' lang='lat' dir='ltr'><strong>verborum</strong></span> <span class='ocrx_word' id='word_1_141' title='bbox 892 2038 1104 2101; x_wconf 87' lang='lat' dir='ltr'><strong>concinnitate.</strong></span> <span class='ocrx_word' id='word_1_142' title='bbox 1151 2040 1183 2103; x_wconf 88' lang='lat' dir='ltr'>N</span> <span class='ocrx_word' id='word_1_143' title='bbox 1184 2060 1234 2102; x_wconf 90' lang='lat' dir='ltr'><strong>am</strong></span> <span class='ocrx_word' id='word_1_144' title='bbox 1247 2041 1304 2103; x_wconf 86' lang='lat' dir='ltr'><strong>etsi</strong></span> <span class='ocrx_word' id='word_1_145' title='bbox 1316 2038 1537 2103; x_wconf 83' lang='lat' dir='ltr'><strong>interluderent</strong></span> 
     </span>
    </p>
   </div>
   <div class='ocr_carea' id='block_1_3' title="bbox 1594 1590 1604 1842">
    <p class='ocr_par' dir='ltr' id='par_1_4' title="bbox 1594 1590 1604 1842">
     <span class='ocr_line' id='line_1_19' title="bbox 1594 1590 1603 1712; baseline 0 0"><span class='ocrx_word' id='word_1_146' title='bbox 1594 1590 1603 1712; x_wconf 85' lang='lat' dir='ltr'><strong>l</strong></span> 
     </span>
     <span class='ocr_line' id='line_1_20' title="bbox 1596 1751 1604 1842; baseline 0 0"><span class='ocrx_word' id='word_1_147' title='bbox 1596 1751 1604 1842; x_wconf 87' lang='grc' dir='ltr'>ι</span> 
     </span>
    </p>
   </div>
   <div class='ocr_carea' id='block_1_4' title="bbox 337 2135 1604 2214">
    <p class='ocr_par' dir='ltr' id='par_1_5' title="bbox 337 2135 1604 2214">
     <span class='ocr_line' id='line_1_21' title="bbox 337 2135 1604 2214; baseline -0.002 -13"><span class='ocrx_word' id='word_1_148' title='bbox 337 2138 436 2201; x_wconf 84' lang='lat' dir='ltr'><strong>modia</strong></span> <span class='ocrx_word' id='word_1_149' title='bbox 449 2135 573 2198; x_wconf 75' lang='lat' dir='ltr'><strong>musicis</strong></span> <span class='ocrx_word' id='word_1_150' title='bbox 586 2143 734 2197; x_wconf 83' lang='lat' dir='ltr'><strong>tormenta</strong></span> <span class='ocrx_word' id='word_1_151' title='bbox 746 2152 841 2211; x_wconf 64' lang='lat' dir='ltr'><strong>aaa,</strong></span> <span class='ocrx_word' id='word_1_152' title='bbox 849 2154 911 2197; x_wconf 88' lang='lat' dir='ltr'><strong>uon</strong></span> <span class='ocrx_word' id='word_1_153' title='bbox 925 2144 1025 2198; x_wconf 89' lang='lat' dir='ltr'><strong>tamen</strong></span> <span class='ocrx_word' id='word_1_154' title='bbox 1039 2156 1090 2197; x_wconf 91' lang='lat' dir='ltr'><strong>eos</strong></span> <span class='ocrx_word' id='word_1_155' title='bbox 1103 2137 1276 2214; x_wconf 75' lang='lat' dir='ltr'><strong>turbabant,</strong></span> <span class='ocrx_word' id='word_1_156' title='bbox 1284 2137 1338 2199; x_wconf 84' lang='lat' dir='ltr'><strong>sed</strong></span> <span class='ocrx_word' id='word_1_157' title='bbox 1346 2136 1534 2199; x_wconf 72' lang='lat' dir='ltr'><strong>venustiores</strong></span> <span class='ocrx_word' id='word_1_158' title='bbox 1603 2200 1604 2211; x_wconf 14' lang='lat' dir='ltr'><strong>q</strong></span> 
     </span>
    </p>
   </div>
   <div class='ocr_carea' id='block_1_5' title="bbox 335 2231 1534 2705">
    <p class='ocr_par' dir='ltr' id='par_1_6' title="bbox 335 2231 1534 2705">
     <span class='ocr_line' id='line_1_22' title="bbox 337 2231 1534 2316; baseline -0.003 -19"><span class='ocrx_word' id='word_1_159' title='bbox 337 2234 513 2297; x_wconf 82' lang='lat' dir='ltr'><strong>reddebant.</strong></span> <span class='ocrx_word' id='word_1_160' title='bbox 554 2232 742 2294; x_wconf 81' lang='lat' dir='ltr'><strong>Instruxerat</strong></span> <span class='ocrx_word' id='word_1_161' title='bbox 751 2232 834 2294; x_wconf 88' lang='lat' dir='ltr'><strong>idem</strong></span> <span class='ocrx_word' id='word_1_162' title='bbox 844 2231 1007 2315; x_wconf 87' lang='lat' dir='ltr'><strong>collegium</strong></span> <span class='ocrx_word' id='word_1_163' title='bbox 1017 2232 1048 2293; x_wconf 94' lang='lat' dir='ltr'><strong>in</strong></span> <span class='ocrx_word' id='word_1_164' title='bbox 1058 2233 1215 2297; x_wconf 88' lang='lat' dir='ltr'><strong>anlaadid</strong></span> <span class='ocrx_word' id='word_1_165' title='bbox 1225 2232 1534 2316; x_wconf 81' lang='lat' dir='ltr'><strong>dispositaopiparum</strong></span> 
     </span>
     <span class='ocr_line' id='line_1_23' title="bbox 336 2325 1531 2412; baseline -0.006 -17"><span class='ocrx_word' id='word_1_166' title='bbox 336 2329 509 2396; x_wconf 80' lang='lat' dir='ltr'><strong>convivium</strong></span> <span class='ocrx_word' id='word_1_167' title='bbox 531 2328 671 2393; x_wconf 77' lang='lat' dir='ltr'><strong>Oasareo</strong></span> <span class='ocrx_word' id='word_1_168' title='bbox 687 2328 803 2412; x_wconf 74' lang='lat' dir='ltr'><strong>legato</strong></span> <span class='ocrx_word' id='word_1_169' title='bbox 819 2328 945 2412; x_wconf 85' lang='lat' dir='ltr'><strong>ejusque</strong></span> <span class='ocrx_word' id='word_1_170' title='bbox 963 2328 1120 2394; x_wconf 88' lang='lat' dir='ltr'><strong>comitatui</strong></span> <span class='ocrx_word' id='word_1_171' title='bbox 1137 2337 1256 2412; x_wconf 88' lang='lat' dir='ltr'><strong>postero</strong></span> <span class='ocrx_word' id='word_1_172' title='bbox 1274 2326 1324 2390; x_wconf 86' lang='lat' dir='ltr'><strong>die</strong></span> <span class='ocrx_word' id='word_1_173' title='bbox 1341 2325 1531 2408; x_wconf 88' lang='lat' dir='ltr'><strong>excipiendo,</strong></span> 
     </span>
     <span class='ocr_line' id='line_1_24' title="bbox 335 2423 1533 2510; baseline -0.004 -19"><span class='ocrx_word' id='word_1_174' title='bbox 335 2430 388 2492; x_wconf 91' lang='lat' dir='ltr'><strong>ubi</strong></span> <span class='ocrx_word' id='word_1_175' title='bbox 404 2428 488 2491; x_wconf 83' lang='lat' dir='ltr'><strong>varia</strong></span> <span class='ocrx_word' id='word_1_176' title='bbox 500 2425 678 2489; x_wconf 72' lang='lat' dir='ltr'><strong>emblemata</strong></span> <span class='ocrx_word' id='word_1_177' title='bbox 691 2425 876 2508; x_wconf 71' lang='lat' dir='ltr'><strong>picturaque</strong></span> <span class='ocrx_word' id='word_1_178' title='bbox 889 2425 1061 2510; x_wconf 77' lang='lat' dir='ltr'><strong>magnilica</strong></span> <span class='ocrx_word' id='word_1_179' title='bbox 1076 2426 1271 2509; x_wconf 88' lang='lat' dir='ltr'><strong>Imperatoris</strong></span> <span class='ocrx_word' id='word_1_180' title='bbox 1284 2423 1415 2486; x_wconf 85' lang='lat' dir='ltr'><strong>Romani</strong></span> <span class='ocrx_word' id='word_1_181' title='bbox 1429 2432 1460 2485; x_wconf 90' lang='lat' dir='ltr'><strong>et</strong></span> <span class='ocrx_word' id='word_1_182' title='bbox 1474 2423 1533 2486; x_wconf 87' lang='lat' dir='ltr'><strong>Le·</strong></span> 
     </span>
     <span class='ocr_line' id='line_1_25' title="bbox 335 2521 1531 2609; baseline -0.007 -21"><span class='ocrx_word' id='word_1_183' title='bbox 335 2525 399 2609; x_wconf 78' lang='lat' dir='ltr'><strong>gati</strong></span> <span class='ocrx_word' id='word_1_184' title='bbox 419 2527 485 2608; x_wconf 87' lang='lat' dir='ltr'><strong>ojus</strong></span> <span class='ocrx_word' id='word_1_185' title='bbox 505 2523 611 2586; x_wconf 88' lang='lat' dir='ltr'><strong>honori</strong></span> <span class='ocrx_word' id='word_1_186' title='bbox 629 2523 728 2586; x_wconf 75' lang='lat' dir='ltr'><strong>affixa</strong></span> <span class='ocrx_word' id='word_1_187' title='bbox 746 2532 828 2597; x_wconf 88' lang='lat' dir='ltr'><strong>suut,</strong></span> <span class='ocrx_word' id='word_1_188' title='bbox 846 2544 907 2586; x_wconf 91' lang='lat' dir='ltr'><strong>uon</strong></span> <span class='ocrx_word' id='word_1_189' title='bbox 925 2525 990 2586; x_wconf 88' lang='lat' dir='ltr'><strong>siue</strong></span> <span class='ocrx_word' id='word_1_190' title='bbox 1007 2524 1178 2608; x_wconf 80' lang='lat' dir='ltr'><strong>gratissima</strong></span> <span class='ocrx_word' id='word_1_191' title='bbox 1194 2521 1350 2585; x_wconf 89' lang='lat' dir='ltr'><strong>oculorum</strong></span> <span class='ocrx_word' id='word_1_192' title='bbox 1367 2530 1398 2584; x_wconf 89' lang='lat' dir='ltr'><strong>et</strong></span> <span class='ocrx_word' id='word_1_193' title='bbox 1413 2521 1531 2603; x_wconf 82' lang='lat' dir='ltr'><strong>ingenii</strong></span> 
     </span>
     <span class='ocr_line' id='line_1_26' title="bbox 335 2617 1531 2705; baseline -0.006 -19"><span class='ocrx_word' id='word_1_194' title='bbox 335 2622 542 2705; x_wconf 84' lang='lat' dir='ltr'><strong>occupatione.</strong></span> <span class='ocrx_word' id='word_1_195' title='bbox 585 2621 649 2683; x_wconf 79' lang='lat' dir='ltr'><strong>Sub</strong></span> <span class='ocrx_word' id='word_1_196' title='bbox 663 2620 755 2683; x_wconf 86' lang='lat' dir='ltr'><strong>linem</strong></span> <span class='ocrx_word' id='word_1_197' title='bbox 768 2621 914 2705; x_wconf 88' lang='lat' dir='ltr'><strong>triumphi</strong></span> <span class='ocrx_word' id='word_1_198' title='bbox 923 2641 976 2684; x_wconf 84' lang='lat' dir='ltr'><strong>sex</strong></span> <span class='ocrx_word' id='word_1_199' title='bbox 985 2623 1069 2702; x_wconf 90' lang='lat' dir='ltr'><strong>equis</strong></span> <span class='ocrx_word' id='word_1_200' title='bbox 1080 2621 1251 2685; x_wconf 78' lang='lat' dir='ltr'><strong>trahebatur</strong></span> <span class='ocrx_word' id='word_1_201' title='bbox 1261 2639 1366 2682; x_wconf 82' lang='lat' dir='ltr'><strong>currm</strong></span> <span class='ocrx_word' id='word_1_202' title='bbox 1375 2617 1531 2698; x_wconf 87' lang='lat' dir='ltr'><strong>Principis</strong></span> 
     </span>
    </p>
   </div>
   <div class='ocr_carea' id='block_1_6' title="bbox 334 2709 1603 2800">
    <p class='ocr_par' dir='ltr' id='par_1_7' title="bbox 334 2709 1603 2800">
     <span class='ocr_line' id='line_1_27' title="bbox 334 2709 1603 2800; baseline -0.003 -18"><span class='ocrx_word' id='word_1_203' title='bbox 334 2719 502 2782; x_wconf 88' lang='lat' dir='ltr'><strong>holoserico</strong></span> <span class='ocrx_word' id='word_1_204' title='bbox 521 2716 614 2779; x_wconf 83' lang='lat' dir='ltr'><strong>viridi</strong></span> <span class='ocrx_word' id='word_1_205' title='bbox 634 2727 756 2799; x_wconf 89' lang='lat' dir='ltr'><strong>opertus</strong></span> <span class='ocrx_word' id='word_1_206' title='bbox 775 2727 916 2799; x_wconf 84' lang='lat' dir='ltr'><strong>totosque</strong></span> <span class='ocrx_word' id='word_1_207' title='bbox 936 2729 1067 2800; x_wconf 88' lang='lat' dir='ltr'><strong>quantus</strong></span> <span class='ocrx_word' id='word_1_208' title='bbox 1088 2718 1264 2792; x_wconf 66' lang='lat' dir='ltr'><strong>macutus,</strong></span> <span class='ocrx_word' id='word_1_209' title='bbox 1287 2715 1437 2800; x_wconf 74' lang='lat' dir='ltr'><strong>quadriga</strong></span> <span class='ocrx_word' id='word_1_210' title='bbox 1456 2715 1529 2778; x_wconf 87' lang='lat' dir='ltr'><strong>item</strong></span> <span class='ocrx_word' id='word_1_211' title='bbox 1602 2709 1603 2778; x_wconf 69' lang='lat' dir='ltr'><strong>l</strong></span> 
     </span>
    </p>
   </div>
   <div class='ocr_carea' id='block_1_7' title="bbox 328 2811 1529 3771">
    <p class='ocr_par' dir='ltr' id='par_1_8' title="bbox 328 2811 1529 3771">
     <span class='ocr_line' id='line_1_28' title="bbox 335 2811 1527 2900; baseline -0.005 -20"><span class='ocrx_word' id='word_1_212' title='bbox 335 2817 434 2881; x_wconf 88' lang='lat' dir='ltr'><strong>Ducis</strong></span> <span class='ocrx_word' id='word_1_213' title='bbox 446 2817 486 2879; x_wconf 84' lang='lat' dir='ltr'><strong>de</strong></span> <span class='ocrx_word' id='word_1_214' title='bbox 499 2814 630 2876; x_wconf 82' lang='lat' dir='ltr'><strong>Poaaolo</strong></span> <span class='ocrx_word' id='word_1_215' title='bbox 638 2834 699 2876; x_wconf 91' lang='lat' dir='ltr'><strong>non</strong></span> <span class='ocrx_word' id='word_1_216' title='bbox 708 2815 810 2877; x_wconf 88' lang='lat' dir='ltr'><strong>minus</strong></span> <span class='ocrx_word' id='word_1_217' title='bbox 819 2815 956 2900; x_wconf 83' lang='lat' dir='ltr'><strong>elegante</strong></span> <span class='ocrx_word' id='word_1_218' title='bbox 966 2825 997 2878; x_wconf 89' lang='lat' dir='ltr'><strong>et</strong></span> <span class='ocrx_word' id='word_1_219' title='bbox 1006 2816 1167 2890; x_wconf 85' lang='lat' dir='ltr'><strong>concinna,</strong></span> <span class='ocrx_word' id='word_1_220' title='bbox 1180 2815 1408 2897; x_wconf 77' lang='lat' dir='ltr'><strong>innumeraque</strong></span> <span class='ocrx_word' id='word_1_221' title='bbox 1425 2811 1527 2876; x_wconf 73' lang='lat' dir='ltr'><strong>rhoda</strong></span> 
     </span>
     <span class='ocr_line' id='line_1_29' title="bbox 332 2910 1396 2995; baseline -0.001 -21"><span class='ocrx_word' id='word_1_222' title='bbox 332 2915 410 2991; x_wconf 74' lang='lat' dir='ltr'><strong>alin,</strong></span> <span class='ocrx_word' id='word_1_223' title='bbox 423 2922 514 2995; x_wconf 58' lang='lat' dir='ltr'><strong>aque</strong></span> <span class='ocrx_word' id='word_1_224' title='bbox 527 2911 585 2973; x_wconf 86' lang='lat' dir='ltr'><strong>boc</strong></span> <span class='ocrx_word' id='word_1_225' title='bbox 598 2910 661 2973; x_wconf 81' lang='lat' dir='ltr'><strong>iero</strong></span> <span class='ocrx_word' id='word_1_226' title='bbox 673 2912 766 2973; x_wconf 88' lang='lat' dir='ltr'><strong>modo</strong></span> <span class='ocrx_word' id='word_1_227' title='bbox 780 2920 860 2974; x_wconf 86' lang='lat' dir='ltr'><strong>totus</strong></span> <span class='ocrx_word' id='word_1_228' title='bbox 872 2931 988 2995; x_wconf 81' lang='lat' dir='ltr'><strong>pompa</strong></span> <span class='ocrx_word' id='word_1_229' title='bbox 1001 2911 1092 2995; x_wconf 86' lang='lat' dir='ltr'><strong>hujus</strong></span> <span class='ocrx_word' id='word_1_230' title='bbox 1104 2913 1179 2975; x_wconf 90' lang='lat' dir='ltr'><strong>ordo</strong></span> <span class='ocrx_word' id='word_1_231' title='bbox 1191 2912 1396 2974; x_wconf 85' lang='lat' dir='ltr'><strong>claudebatur.</strong></span> 
     </span>
     <span class='ocr_line' id='line_1_30' title="bbox 373 3007 1529 3091; baseline -0.005 -17"><span class='ocrx_word' id='word_1_232' title='bbox 373 3011 568 3074; x_wconf 80' lang='lat' dir='ltr'><strong>conduxerat</strong></span> <span class='ocrx_word' id='word_1_233' title='bbox 575 3027 631 3091; x_wconf 91' lang='lat' dir='ltr'><strong>pro</strong></span> <span class='ocrx_word' id='word_1_234' title='bbox 637 3007 823 3071; x_wconf 84' lang='lat' dir='ltr'><strong>habitatione</strong></span> <span class='ocrx_word' id='word_1_235' title='bbox 832 3029 886 3071; x_wconf 87' lang='lat' dir='ltr'><strong>sua</strong></span> <span class='ocrx_word' id='word_1_236' title='bbox 894 3009 1119 3072; x_wconf 85' lang='lat' dir='ltr'><strong>Illustrisaimus</strong></span> <span class='ocrx_word' id='word_1_237' title='bbox 1129 3009 1277 3091; x_wconf 86' lang='lat' dir='ltr'><strong>Princeps</strong></span> <span class='ocrx_word' id='word_1_238' title='bbox 1291 3009 1330 3071; x_wconf 89' lang='lat' dir='ltr'><strong>de</strong></span> <span class='ocrx_word' id='word_1_239' title='bbox 1345 3008 1529 3091; x_wconf 79' lang='lat' dir='ltr'><strong>Eggsubcrg</strong></span> 
     </span>
     <span class='ocr_line' id='line_1_31' title="bbox 332 3105 1528 3192; baseline -0.003 -22"><span class='ocrx_word' id='word_1_240' title='bbox 332 3108 491 3192; x_wconf 86' lang='lat' dir='ltr'><strong>pallatium</strong></span> <span class='ocrx_word' id='word_1_241' title='bbox 508 3107 606 3168; x_wconf 88' lang='lat' dir='ltr'><strong>Ducis</strong></span> <span class='ocrx_word' id='word_1_242' title='bbox 626 3107 660 3168; x_wconf 89' lang='lat' dir='ltr'><strong>di</strong></span> <span class='ocrx_word' id='word_1_243' title='bbox 676 3105 760 3182; x_wconf 81' lang='lat' dir='ltr'><strong>Ceri,</strong></span> <span class='ocrx_word' id='word_1_244' title='bbox 774 3105 807 3167; x_wconf 90' lang='lat' dir='ltr'><strong>in</strong></span> <span class='ocrx_word' id='word_1_245' title='bbox 821 3107 905 3188; x_wconf 86' lang='lat' dir='ltr'><strong>quod</strong></span> <span class='ocrx_word' id='word_1_246' title='bbox 918 3106 1053 3169; x_wconf 88' lang='lat' dir='ltr'><strong>absoluto</strong></span> <span class='ocrx_word' id='word_1_247' title='bbox 1066 3107 1173 3170; x_wconf 88' lang='lat' dir='ltr'><strong>itinera</strong></span> <span class='ocrx_word' id='word_1_248' title='bbox 1186 3107 1337 3190; x_wconf 80' lang='lat' dir='ltr'><strong>ingressus</strong></span> <span class='ocrx_word' id='word_1_249' title='bbox 1349 3115 1394 3168; x_wconf 85' lang='lat' dir='ltr'><strong>eat</strong></span> <span class='ocrx_word' id='word_1_250' title='bbox 1409 3123 1528 3166; x_wconf 88' lang='lat' dir='ltr'><strong>summa</strong></span> 
     </span>
     <span class='ocr_line' id='line_1_32' title="bbox 332 3202 1527 3286; baseline -0.003 -18"><span class='ocrx_word' id='word_1_251' title='bbox 332 3225 404 3268; x_wconf 91' lang='lat' dir='ltr'><strong>cum</strong></span> <span class='ocrx_word' id='word_1_252' title='bbox 423 3203 660 3286; x_wconf 78' lang='lat' dir='ltr'><strong>magnificentia.</strong></span> <span class='ocrx_word' id='word_1_253' title='bbox 707 3202 862 3266; x_wconf 73' lang='lat' dir='ltr'><strong>Caeterum</strong></span> <span class='ocrx_word' id='word_1_254' title='bbox 883 3204 929 3265; x_wconf 90' lang='lat' dir='ltr'><strong>uti</strong></span> <span class='ocrx_word' id='word_1_255' title='bbox 951 3203 1108 3285; x_wconf 82' lang='lat' dir='ltr'><strong>pallatium</strong></span> <span class='ocrx_word' id='word_1_256' title='bbox 1129 3203 1187 3266; x_wconf 88' lang='lat' dir='ltr'><strong>hoo</strong></span> <span class='ocrx_word' id='word_1_257' title='bbox 1206 3203 1320 3266; x_wconf 86' lang='lat' dir='ltr'><strong>affabra</strong></span> <span class='ocrx_word' id='word_1_258' title='bbox 1341 3202 1382 3265; x_wconf 83' lang='lat' dir='ltr'><strong>ad</strong></span> <span class='ocrx_word' id='word_1_259' title='bbox 1406 3203 1527 3285; x_wconf 75' lang='lat' dir='ltr'><strong>regulas</strong></span> 
     </span>
     <span class='ocr_line' id='line_1_33' title="bbox 331 3299 1527 3383; baseline 0 -19"><span class='ocrx_word' id='word_1_260' title='bbox 331 3299 580 3364; x_wconf 84' lang='lat' dir='ltr'><strong>architectonicas</strong></span> <span class='ocrx_word' id='word_1_261' title='bbox 597 3309 731 3362; x_wconf 87' lang='lat' dir='ltr'><strong>erectum</strong></span> <span class='ocrx_word' id='word_1_262' title='bbox 752 3311 798 3362; x_wconf 90' lang='lat' dir='ltr'><strong>est</strong></span> <span class='ocrx_word' id='word_1_263' title='bbox 818 3300 1099 3383; x_wconf 88' lang='lat' dir='ltr'><strong>ordinatissimeqne</strong></span> <span class='ocrx_word' id='word_1_264' title='bbox 1119 3309 1315 3378; x_wconf 85' lang='lat' dir='ltr'><strong>exstructum,</strong></span> <span class='ocrx_word' id='word_1_265' title='bbox 1331 3300 1375 3362; x_wconf 89' lang='lat' dir='ltr'><strong>ita</strong></span> <span class='ocrx_word' id='word_1_266' title='bbox 1395 3300 1435 3363; x_wconf 84' lang='lat' dir='ltr'><strong>de</strong></span> <span class='ocrx_word' id='word_1_267' title='bbox 1454 3300 1527 3364; x_wconf 83' lang='lat' dir='ltr'><strong>ioris</strong></span> 
     </span>
     <span class='ocr_line' id='line_1_34' title="bbox 330 3395 1528 3481; baseline -0.001 -20"><span class='ocrx_word' id='word_1_268' title='bbox 330 3395 562 3481; x_wconf 76' lang='lat' dir='ltr'><strong>elegantissimis</strong></span> <span class='ocrx_word' id='word_1_269' title='bbox 576 3397 712 3479; x_wconf 83' lang='lat' dir='ltr'><strong>picturis,</strong></span> <span class='ocrx_word' id='word_1_270' title='bbox 730 3397 927 3479; x_wconf 84' lang='lat' dir='ltr'><strong>po&#39;e‘matibus,</strong></span> <span class='ocrx_word' id='word_1_271' title='bbox 950 3397 1196 3480; x_wconf 89' lang='lat' dir='ltr'><strong>inscriptionibus</strong></span> <span class='ocrx_word' id='word_1_272' title='bbox 1217 3397 1384 3460; x_wconf 70' lang='lat' dir='ltr'><strong>meandum</strong></span> <span class='ocrx_word' id='word_1_273' title='bbox 1405 3417 1528 3480; x_wconf 79' lang='lat' dir='ltr'><strong>geome-</strong></span> 
     </span>
     <span class='ocr_line' id='line_1_35' title="bbox 331 3493 1525 3579; baseline -0.002 -21"><span class='ocrx_word' id='word_1_274' title='bbox 331 3496 439 3558; x_wconf 90' lang='lat' dir='ltr'><strong>tricam</strong></span> <span class='ocrx_word' id='word_1_275' title='bbox 451 3493 675 3576; x_wconf 86' lang='lat' dir='ltr'><strong>proportionem</strong></span> <span class='ocrx_word' id='word_1_276' title='bbox 687 3494 880 3568; x_wconf 72' lang='lat' dir='ltr'><strong>voeficbatur,</strong></span> <span class='ocrx_word' id='word_1_277' title='bbox 895 3494 926 3554; x_wconf 91' lang='lat' dir='ltr'><strong>in</strong></span> <span class='ocrx_word' id='word_1_278' title='bbox 936 3513 1027 3574; x_wconf 84' lang='lat' dir='ltr'><strong>quam</strong></span> <span class='ocrx_word' id='word_1_279' title='bbox 1037 3513 1161 3577; x_wconf 89' lang='lat' dir='ltr'><strong>operam</strong></span> <span class='ocrx_word' id='word_1_280' title='bbox 1171 3515 1256 3558; x_wconf 87' lang='lat' dir='ltr'><strong>suam</strong></span> <span class='ocrx_word' id='word_1_281' title='bbox 1266 3494 1525 3579; x_wconf 83' lang='lat' dir='ltr'><strong>ingeniosissimus</strong></span> 
     </span>
     <span class='ocr_line' id='line_1_36' title="bbox 330 3589 1523 3677; baseline 0 -23"><span class='ocrx_word' id='word_1_282' title='bbox 330 3592 438 3655; x_wconf 85' lang='lat' dir='ltr'><strong>Pictor</strong></span> <span class='ocrx_word' id='word_1_283' title='bbox 458 3589 595 3654; x_wconf 82' lang='lat' dir='ltr'><strong>Joannea</strong></span> <span class='ocrx_word' id='word_1_284' title='bbox 616 3591 796 3655; x_wconf 79' lang='lat' dir='ltr'><strong>Franciscus</strong></span> <span class='ocrx_word' id='word_1_285' title='bbox 818 3591 993 3654; x_wconf 88' lang='lat' dir='ltr'><strong>Grimaldus</strong></span> <span class='ocrx_word' id='word_1_286' title='bbox 1013 3591 1052 3654; x_wconf 88' lang='lat' dir='ltr'><strong>de</strong></span> <span class='ocrx_word' id='word_1_287' title='bbox 1075 3593 1215 3677; x_wconf 78' lang='lat' dir='ltr'><strong>Bologna</strong></span> <span class='ocrx_word' id='word_1_288' title='bbox 1236 3593 1414 3656; x_wconf 75' lang='lat' dir='ltr'><strong>induculam</strong></span> <span class='ocrx_word' id='word_1_289' title='bbox 1436 3611 1523 3654; x_wconf 88' lang='lat' dir='ltr'><strong>suam</strong></span> 
     </span>
     <span class='ocr_line' id='line_1_37' title="bbox 328 3688 1524 3771; baseline 0 -19"><span class='ocrx_word' id='word_1_290' title='bbox 328 3689 513 3760; x_wconf 74' lang='lat' dir='ltr'><strong>contuleratt</strong></span> <span class='ocrx_word' id='word_1_291' title='bbox 537 3699 567 3750; x_wconf 87' lang='lat' dir='ltr'><strong>et</strong></span> <span class='ocrx_word' id='word_1_292' title='bbox 584 3709 633 3751; x_wconf 89' lang='lat' dir='ltr'><strong>me</strong></span> <span class='ocrx_word' id='word_1_293' title='bbox 652 3699 736 3751; x_wconf 88' lang='lat' dir='ltr'><strong>muta</strong></span> <span class='ocrx_word' id='word_1_294' title='bbox 753 3688 830 3751; x_wconf 84' lang='lat' dir='ltr'><strong>foret</strong></span> <span class='ocrx_word' id='word_1_295' title='bbox 847 3689 965 3769; x_wconf 88' lang='lat' dir='ltr'><strong>pictura</strong></span> <span class='ocrx_word' id='word_1_296' title='bbox 983 3688 1072 3751; x_wconf 85' lang='lat' dir='ltr'><strong>variis</strong></span> <span class='ocrx_word' id='word_1_297' title='bbox 1084 3689 1275 3754; x_wconf 87' lang='lat' dir='ltr'><strong>lemmatibus</strong></span> <span class='ocrx_word' id='word_1_298' title='bbox 1288 3698 1317 3752; x_wconf 89' lang='lat' dir='ltr'><strong>et</strong></span> <span class='ocrx_word' id='word_1_299' title='bbox 1330 3689 1524 3771; x_wconf 89' lang='lat' dir='ltr'><strong>loquentibus</strong></span> 
     </span>
    </p>
   </div>
   <div class='ocr_carea' id='block_1_8' title="bbox 0 0 1618 4700">
    <p class='ocr_par' dir='ltr' id='par_1_9' title="bbox 0 0 1618 4700">
     <span class='ocr_line' id='line_1_38' title="bbox 0 0 1618 4700; baseline 0 4"><span class='ocrx_word' id='word_1_300' title='bbox 0 0 1618 4700; x_wconf 95' lang='lat' dir='ltr'><strong> </strong></span> 
     </span>
    </p>
   </div>
  </div>
 </body>
</html>
