3225 4700
487 342 889 418 ,sirmiensium
1227 350 1294 436 317,

91 500 148 554 tor
163 494 314 559 Dominus
331 496 370 559 de
384 498 569 563 Bourdonos
589 503 727 584 proxima
747 503 798 565 die
818 502 938 580 Martis,
958 522 1026 585 quae
1046 504 1155 568 incidit
1178 504 1210 567 in
1231 515 1290 569 ter·

90 590 173 651 tiam
191 590 340 655 decimam
352 596 463 657 mensis
476 596 564 671 Maii,
583 599 781 660 munitionem
798 598 845 661 illi
862 620 952 681 quem
967 600 1124 665 Generalis
1139 604 1289 666 Dominus

93 684 281 751 Francisous
300 690 340 752 de
355 690 441 753 Melo
458 693 627 755 nominabit
645 702 678 755 et
697 694 821 775 quidem
841 716 932 757 unam
951 706 1064 779 partem
1085 700 1184 781 primo
1201 720 1289 763 mane

92 784 209 847 cadet
247 786 278 847 2.
301 786 432 850 Omnem
450 788 593 851 bellicum
613 798 801 872 apparatum,
827 801 985 869 tormenta,
1007 795 1171 876 pulverem,
1191 818 1289 860 come·

94 888 196 956 atum,
216 883 289 945 etsi
306 884 382 966 quid
397 885 504 947 eodem
526 894 664 967 spectans
684 896 772 949 extra
787 887 841 949 illa
856 908 924 969 qnae
940 889 1074 953 Domino
1088 892 1289 957 Gubernatori

94 975 179 1038 infra
189 980 401 1057 concedentur,
413 980 633 1044 commissoriis
645 981 791 1065 Hispanis
808 984 895 1047 adid
912 983 1074 1068 designatis
1090 989 1286 1072 consignabit.

95 1074 130 1135 8.
152 1074 270 1139 Mem
282 1077 333 1139 die
345 1078 532 1140 munimento
545 1098 614 1139 cum
624 1078 763 1141 omnibns
775 1080 1001 1143 solennitatibus
1013 1082 1191 1147 militaribus
1205 1106 1288 1169 egre-

96 1171 209 1234 dietur.
249 1176 280 1234 4.
301 1174 460 1255 Equitatui
469 1173 671 1237 concedentur
679 1195 783 1238 omues
791 1176 862 1258 eqni
875 1196 949 1257 quos
961 1177 1116 1261 bucusque
1123 1180 1194 1261 jure
1206 1183 1287 1259 belli,

97 1268 150 1328 vel
162 1267 222 1329 alio
228 1269 300 1350 jure
315 1270 517 1333 obtinuerunt.
558 1274 589 1332 5.
611 1270 725 1334 Omnes
740 1273 919 1355 prasidiarii
936 1276 1141 1357 cujuscunque
1160 1278 1287 1341 nationis

96 1363 193 1425 libert
209 1366 314 1447 egredi
334 1366 553 1447 permittentur,
569 1368 607 1429 iis
619 1368 718 1431 solum
730 1369 872 1452 exceptis,
888 1371 941 1450 qui
954 1371 1034 1456 Regi
1047 1371 1203 1434 catholico
1219 1375 1287 1435 snb·

90 1460 172 1540 jacti
184 1470 272 1538 sunt3
296 1463 405 1543 quibus
417 1472 518 1525 tamen
529 1464 613 1527 nulla
621 1485 712 1547 poeua
723 1466 905 1549 irrogabitur
917 1470 999 1549 quod
1012 1479 1116 1531 contra
1132 1468 1286 1552 proprium

96 1577 213 1639 regem,
228 1557 320 1620 Gallo
332 1559 537 1622 militaverint.
562 1564 593 1622 6.
608 1560 731 1642 Captivi
743 1562 895 1643 utrimque
907 1563 972 1625 solo
984 1573 1125 1627 consueto
1138 1564 1218 1639 litrc,
1233 1584 1288 1647 pro

95 1653 190 1715 officii
204 1655 330 1728 ratione,
344 1656 504 1736 persoluto,
513 1655 601 1718 liberi
613 1656 811 1720 dimittentur.
844 1658 876 1720 7.
899 1658 959 1720 His
973 1660 1195 1723 conditionibus
1206 1681 1287 1723 com·

95 1750 326 1831 prebeudnntnr
338 1753 544 1835 cujuscunque
557 1752 688 1816 nationis
701 1763 732 1815 et
743 1762 838 1816 status
852 1754 960 1816 incolae
975 1755 1114 1818 civitatis.
1154 1758 1185 1820 8.
1206 1758 1289 1820 Con·

96 1847 223 1909 cedatur
235 1847 313 1909 liber
323 1868 459 1931 egremns
471 1848 610 1911 omuibus
622 1850 846 1926 mercatoribus,
861 1850 1060 1927 iustiroribus,
1072 1851 1238 1933 opificibus,
1254 1862 1288 1915 ut

96 1964 170 2004 oum
180 1944 319 2007 omuibus
331 1945 481 2008 mercibus
493 1955 524 2007 et
532 1945 754 2027 impedimentis
765 1946 868 2009 secum
880 1946 941 2007 alio
953 1947 1150 2029 commigrare
1163 1948 1286 2028 possint.

97 2040 132 2101 9.
154 2040 289 2103 Domino
301 2042 340 2103 de
354 2041 540 2103 Bourdonne
552 2041 680 2104 libemm
692 2042 733 2104 sit
744 2041 806 2103 duo
824 2049 971 2105 tormenta
987 2042 1104 2118 bellica,
1123 2050 1155 2103 et
1170 2051 1288 2103 tantum

96 2137 242 2219 pulveris,
254 2138 309 2199 dec
319 2147 466 2219 qnantum
478 2138 589 2201 sufficit
599 2139 640 2201 ed
652 2138 748 2201 sexies
760 2138 921 2213 oneranda,
936 2158 1038 2201 secum
1051 2138 1188 2209 educere,
1199 2146 1288 2218 atque

97 2235 140 2295 ad
149 2233 203 2295 illa
214 2234 418 2317 promovenda
430 2234 656 2317 quatuordecim
669 2235 740 2316 equi
752 2235 790 2296 ab
805 2234 951 2317 Hispanis
961 2235 1122 2297 dabuntur.
1166 2238 1214 2297 10.
1235 2236 1289 2296 Ei·

97 2331 170 2394 dem
191 2331 324 2394 Domino
345 2332 384 2395 de
405 2333 588 2395 Bourdourm
607 2352 713 2395 eamus
733 2331 793 2394 150
811 2352 882 2394 oum
902 2330 986 2412 equis
1005 2332 1046 2394 ad
1065 2330 1290 2416 impedimenta,

97 2430 186 2491 loesos
198 2429 319 2504 milites,
328 2438 359 2491 et
371 2429 506 2491 infirmos
516 2429 679 2491 Hestinum
693 2448 787 2510 usque
796 2429 1024 2510 promovendos,
1035 2439 1215 2492 annuentur.
1239 2432 1288 2492 11.

99 2526 251 2588 Omnibus
259 2524 481 2606 impedimentis
488 2533 520 2587 et
528 2525 674 2587 militibus
682 2524 833 2587 sufficiam
842 2523 942 2585 salvus
951 2522 1119 2587 conductus
1124 2525 1288 2589 Hestinum

98 2643 196 2704 usque
208 2623 407 2705 praestabitur.
447 2622 498 2682 12.
512 2621 656 2697 Helvetii,
670 2622 762 2683 etiam
773 2621 875 2682 adbuc
888 2619 945 2682 bac
957 2621 1036 2695 vioe,
1044 2623 1140 2703 pactis
1153 2623 1288 2686 contine·

98 2723 222 2782 buntur.
245 2720 293 2782 lt.
308 2717 495 2780 Presidinii
503 2716 681 2780 militastam
689 2717 820 2800 gregarii
828 2736 919 2797 quam
929 2717 1070 2779 officiales
1079 2718 1194 2781 civibus
1205 2719 1289 2781 satis·

97 2817 221 2891 facient,
229 2836 284 2898 pro
295 2815 434 2876 omnibus
445 2833 515 2895 quae
526 2813 659 2896 legitime
672 2814 791 2877 debent.
822 2814 871 2874 14.
893 2813 1044 2875 Dominus
1055 2813 1093 2874 de
1104 2813 1289 2877 Bourdoune

99 2915 177 2977 dnos
189 2913 369 2993 Capitaneos
382 2911 420 2973 de
432 2912 570 2985 salacea
581 2911 709 2986 obsides,
719 2908 869 2990 relinques
879 2911 911 2970 in
925 2911 1008 2984 urbo,
1018 2910 1072 2990 qui
1084 2919 1146 2972 tam
1160 2911 1214 2972 diu
1223 2931 1289 2972 ma·

98 3011 214 3072 nebunt
223 3009 255 3070 ic
264 3015 407 3091 potestate
413 3007 540 3070 Domini
545 3005 700 3070 anoisci
712 3007 751 3068 de
760 3006 857 3082 Melo,
865 3006 965 3087 quoad
978 3005 1080 3067 omnia
1092 3014 1180 3086 pacta
1186 3005 1288 3068 verifi-

99 3117 169 3168 cata
185 3104 307 3181 fuerint,
321 3113 352 3166 et
360 3125 477 3177 currus,
489 3103 570 3184 equi,
583 3103 694 3165 milites
706 3103 824 3184 elinque
838 3102 939 3164 omnia
950 3101 1010 3165 buo
1023 3103 1197 3183 spectantia,
1209 3102 1288 3166 redi·

99 3211 185 3266 erent
196 3202 229 3263 in
242 3221 390 3264 murum.
430 3201 545 3262 Actum
556 3200 588 3261 in
601 3200 705 3262 castris
717 3198 758 3261 ad
768 3198 922 3260 Baesaeam
935 3200 955 3256 2
970 3197 1049 3260 Maii
1062 3199 1155 3260 Anno
1171 3199 1258 3260 1642.

141 3300 203 3363 His
214 3300 259 3362 ita
270 3297 447 3370 constitutis,
460 3297 600 3359 condicto
613 3297 664 3358 die
673 3296 730 3357 snb
743 3294 847 3357 boram
860 3293 1009 3357 decimam
1021 3292 1288 3358 antemeridianam

100 3399 213 3484 egressi
225 3405 297 3460 sunt
310 3396 405 3469 Galli,
417 3395 475 3457 hoc
488 3394 551 3456 iere
563 3393 678 3455 ordine.

5 3530 6 3539 κ
140 3493 439 3558 Proculeianum
457 3490 592 3571 equitum
617 3488 765 3571 manipuli
787 3497 910 3551 centum
933 3486 1152 3570 quinquaginta
1170 3487 1289 3550 circiter

100 3593 244 3675 capitum.
287 3590 354 3653 Hos
367 3587 567 3670 sequebantur
579 3606 630 3648 sex
640 3585 751 3646 vexilla
763 3583 976 3648 Helvetiomm
989 3585 1030 3647 ad
1043 3591 1188 3646 trecentos
1201 3583 1289 3665 quin·

101 3689 247 3773 qucp‘nta
256 3687 324 3771 plns
336 3686 437 3750 minus
447 3684 569 3748 milites.
608 3680 690 3746 Dein
703 3681 904 3745 succedebant
925 3687 1045 3744 centnm
1058 3679 1211 3762 octoginta
1222 3697 1289 3762 pn.
