3225 4700
498 365 522 429 I
530 362 816 432 TINERARI
824 359 909 426 UM.
1233 361 1297 425 373

94 518 186 578 doxa
199 517 293 592 dicto,
309 518 426 590 lubens,
444 519 550 580 volens
567 519 661 580 fidem
674 529 705 578 et
719 517 918 578 constantiam
933 516 1035 576 sancte
1054 513 1181 587 addicit,
1196 513 1297 593 aquis·

93 635 156 694 que
174 612 354 675 salutaribus
373 613 514 686 abluitur,
533 633 703 694 nomenque
722 612 895 675 Christiano
914 612 975 673 ritu
996 610 1181 673 Ferdinandi
1203 610 1296 670 Fran·

94 711 171 771 cisci
186 711 392 793 Engelberger
404 711 536 773 sortitur.
580 709 627 772 Ut
636 711 708 772 verb
721 709 828 770 seriam
840 719 870 770 et
882 708 1048 770 ultroneam
1060 708 1149 770 luisse
1160 706 1296 788 perfidiae

94 808 296 888 ejurationem
309 809 426 889 probet,
444 807 587 869 acerrime
600 808 661 887 qua
674 807 775 878 verbo,
789 806 850 885 qud
864 804 974 885 scripto
991 804 1179 884 persequitur
1195 824 1297 884 super·

94 903 212 963 stitiosa
231 903 254 965 J
257 903 412 964 udoeornm
429 904 579 986 dogmata,
598 905 660 964 imb
680 914 710 965 et
723 903 856 963 libellum
870 901 951 982 typis
971 900 1085 982 vulgat,
1103 920 1164 981 quo
1183 901 1296 983 gravis·

93 999 190 1060 simos
204 998 306 1080 impia
320 1000 542 1080 pervicacitatis
556 1020 681 1076 errores,
696 1020 758 1060 non
772 999 838 1060 sine
849 997 1047 1059 Hebraeorum
1059 995 1213 1058 stomacho
1227 1016 1297 1078 pro-

95 1096 191 1178 palat.

134 1193 197 1253 His
223 1192 381 1275 principiis
401 1194 505 1269 sacris,
528 1193 645 1256 aditum
668 1193 726 1254 sibi
747 1194 787 1254 ad
813 1193 977 1254 multorum
1000 1192 1089 1254 etiam
1114 1190 1294 1273 Magnetum

96 1290 262 1351 amicitiam
281 1302 312 1352 et
324 1289 558 1352 familiaritatem
573 1291 733 1372 praestruit,
749 1291 871 1352 interim
885 1289 956 1351 verb
973 1289 1012 1350 ad
1027 1287 1139 1348 nefaria
1155 1308 1209 1348 sua
1225 1308 1296 1348 con·

95 1387 167 1448 silia
179 1387 300 1447 nomine
314 1386 486 1447 Christiano
505 1387 646 1449 abutitur.
688 1387 799 1461 Quoad
813 1389 933 1449 tandem
949 1407 1029 1448 anno
1047 1385 1213 1446 Millesimo
1231 1405 1295 1445 sex·

95 1484 263 1544 centesimo
276 1483 507 1565 quadragesimo
517 1486 658 1557 secundo,
667 1486 724 1545 sub
733 1485 815 1546 diem
825 1485 1001 1566 vigesimam
1012 1483 1177 1544 secundam
1185 1481 1295 1542 mensis

96 1581 242 1662 Augusti,
260 1579 396 1660 complex
415 1581 562 1642 manifesti
577 1582 651 1643 furti
665 1580 938 1662 comprehenditur,
955 1600 1074 1660 unaque
1090 1599 1159 1640 cum
1177 1577 1294 1639 duobus

95 1681 166 1740 aliis
185 1680 208 1740 J
212 1680 316 1755 udaia,
336 1681 446 1761 quibus
462 1681 515 1741 diu
533 1677 719 1758 multumque
736 1676 905 1748 colluserat,
919 1688 949 1739 et
968 1678 1007 1738 ad
1024 1675 1202 1758 gravissima
1215 1675 1293 1736 furta

96 1787 204 1837 auctor
226 1776 333 1850 fuerat,
358 1797 493 1836 necnon
515 1776 558 1835 ita
577 1775 695 1857 pridem
716 1776 844 1836 socienis
862 1775 985 1835 modum
1005 1781 1194 1854 suggesserat
1214 1771 1292 1832 clam

97 1870 242 1933 illabendi
258 1872 290 1932 in
312 1872 500 1933 serenissimi
521 1872 707 1935 Archidueis
721 1871 855 1933 Austriae
875 1871 1029 1942 conclave,
1046 1880 1075 1930 et
1095 1867 1294 1949 depeculandi

97 1970 268 2051 potissimos
285 1969 437 2030 thesauros
451 1969 520 2030 istic
537 1969 686 2050 depositos
699 1970 793 2046 (unde
812 1969 900 2029 etiam
916 1967 1051 2049 precium
1066 1965 1208 2026 undecim
1226 1963 1294 2024 mil·

96 2069 174 2129 lium
187 2065 386 2145 imperialium
400 2066 601 2142 abstulerunt)
615 2065 776 2148 suspendio
789 2065 987 2147 adjudicatur.

140 2162 225 2236 Quid
238 2161 356 2223 multal
379 2161 443 2223 Hic
457 2162 546 2222 trifur
560 2174 717 2243 postquam
727 2162 953 2234 animadvertit,
964 2161 1053 2222 latam
1066 2160 1098 2220 in
1113 2180 1144 2221 se
1155 2169 1185 2220 et
1199 2159 1294 2220 socios

98 2260 205 2322 mortis
218 2260 396 2320 sententiam
410 2260 500 2339 hqna
514 2258 662 2320 evadendi
680 2257 868 2340 perdifficilis
886 2267 962 2318 esset
979 2257 1065 2332 ratio,
1080 2257 1118 2317 ad
1137 2256 1294 2339 ingenium

99 2359 200 2433 rediit,
225 2370 256 2419 et
277 2357 487 2438 impiissimam
513 2355 649 2417 fraudem
672 2376 708 2417 ac
738 2355 961 2416 fraudulentam
984 2354 1179 2434 impietatem,
1203 2374 1294 2435 quam

98 2467 184 2518 tanto
205 2464 336 2537 tempore
359 2453 508 2514 celaverat
528 2451 680 2513 liberrime
700 2452 848 2533 professus
868 2463 922 2523 est,
942 2472 998 2512 nec
1018 2471 1112 2526 mora,
1138 2450 1252 2513 Christi
1277 2452 1294 2513 ὸ

98 2574 189 2614 cruce
207 2551 364 2634 pendentis
381 2551 513 2632 signum,
530 2549 612 2629 quod
625 2568 718 2609 manu
732 2548 919 2629 preferebat,
936 2548 1077 2629 quodque
1091 2548 1200 2629 sapius
1213 2548 1296 2609 baud

99 2649 196 2710 multb
209 2661 290 2723 ante,
303 2669 363 2708 non
378 2648 443 2708 sine
456 2646 508 2727 pio
521 2646 615 2706 animi
628 2666 716 2706 sensu
727 2646 838 2706 osculis
851 2645 1057 2719 honoraverat,
1074 2654 1103 2705 et
1115 2644 1297 2707 dulcissimis

100 2747 193 2824 (omi
212 2747 289 2807 bone
303 2745 326 2807 J
329 2748 399 2820 asu)
419 2743 544 2804 vocibus
563 2742 710 2803 allocutus
728 2741 837 2814 fuerat,
856 2762 968 2823 magno
982 2741 1082 2802 furore
1100 2750 1131 2801 et
1151 2742 1295 2823 intempe-

99 2844 178 2905 ranti
192 2843 283 2916 rabie,
297 2842 337 2902 ad
351 2851 458 2901 terram
470 2838 561 2913 elisit,
575 2837 723 2919 sacrilego
735 2857 786 2897 ore
800 2837 991 2918 consputavit
1006 2847 1035 2897 et
1047 2837 1224 2897 detestando
1236 2838 1297 2898 cal·

98 2961 194 3001 caneo
213 2940 338 3014 attrivit,
355 2938 560 3019 subjungens:
591 2935 671 3009 Cum
690 2935 790 3014 itaque
811 2934 999 2995 moriendum
1020 2933 1096 2994 mibi
1116 2934 1164 3007 sit,
1185 2954 1245 2994 non
1264 2945 1297 2994 ut

12 3105 13 3110 η
100 3037 301 3110 Christianus,
323 3035 376 3096 sed
393 3043 428 3095 ut
447 3052 536 3095 verus
556 3031 579 3092 J
583 3032 686 3092 udaeus
703 3031 743 3092 ad
761 3039 927 3092 extremum
947 3050 1040 3110 usque
1057 3029 1183 3091 halitum
1199 3050 1297 3111 perse-

100 3134 223 3205 verabo,
238 3143 278 3205 et,
292 3143 327 3193 ut
339 3130 417 3202 talis,
431 3129 555 3202 moriar,
570 3148 668 3208 neque
681 3128 718 3188 ab
732 3126 788 3187 hac
803 3127 951 3189 sententia
968 3148 1017 3188 me
1031 3127 1189 3208 quisquam
1205 3127 1298 3187 dimo-

99 3229 194 3291 vebit.
238 3227 416 3289 Horrendus
429 3226 552 3306 insuper
565 3223 762 3305 blasphemias
771 3212 975 3303 impurissimo
986 3244 1036 3285 ore
1048 3232 1077 3285 et
1087 3222 1299 3304 procacissima

100 3329 206 3407 lingua
219 3326 362 3387 evomuit.

142 3422 305 3484 cohorruit
318 3422 358 3482 ad
371 3419 511 3481 scelestas
524 3437 624 3493 voces,
638 3418 689 3499 qui
704 3418 744 3479 ad
763 3417 974 3479 deducendum
987 3418 1015 3479 ei
1029 3418 1190 3499 adjunctus
1203 3417 1299 3478 fuerat

101 3532 186 3602 pater
214 3519 371 3580 Societatis
398 3517 420 3578 J
424 3536 491 3590 asu,
513 3516 668 3577 cohorruit
686 3524 717 3575 et
736 3516 800 3595 ipse
822 3515 930 3595 judex,
952 3535 1021 3576 cum
1048 3515 1122 3575 viris
1148 3513 1299 3596 primariis

102 3618 172 3680 istic
191 3616 398 3699 presentibus,
418 3622 448 3674 et
466 3614 701 3693 impurissimum
723 3632 784 3671 non
802 3610 945 3686 hominis,
964 3612 1015 3672 sed
1031 3612 1102 3673 ferae
1119 3610 1225 3672 belluae
1239 3630 1299 3671 ser·

102 3706 227 3778 monem¹
240 3714 468 3796 excipientibus,
486 3710 540 3792 qui
560 3708 707 3770 nefarium
724 3708 926 3770 tenebrionem
942 3708 1127 3791 gravissimis
1147 3706 1245 3769 verbis
1260 3706 1300 3768 ad
