3225 4700
516 913 706 989 CAPUT
742 915 836 992 LII.

360 1088 460 1158 Initia
478 1088 683 1160 comitiorum
699 1093 980 1163 Rutichonenrium.

320 1469 338 1524 ’ἃ
373 1468 405 1529 in
425 1468 534 1552 vulgus
552 1470 744 1550 prodierunt:
766 1469 818 1531 ubi
839 1490 958 1553 quoquc
977 1471 1170 1534 meminimus
1185 1473 1268 1554 quod

77 1637 94 1662 A
289 1595 318 1646 „g
374 1566 596 1628 Invictissimus
618 1566 822 1628 Romanorum
850 1568 1018 1649 Imperator
1038 1569 1268 1633 Fraurnsuucs

77 1673 132 1728 ’ὼ
214 1739 218 1756 γ
258 1685 327 1752 vij
374 1661 441 1721 III.
465 1662 503 1724 de
527 1661 587 1723 aiio
609 1672 759 1724 conventu
780 1662 858 1723 serio
881 1663 1063 1741 deliberarit,
1087 1685 1123 1727 ac
1144 1666 1268 1729 tandem

137 1759 145 1768 '
177 1747 181 1762 ¹
235 1755 243 1764 ”
325 1781 332 1790 “
372 1756 551 1820 concluserit
564 1758 758 1819 Ratisbonam
768 1778 872 1819 omues
887 1758 1040 1820 Electores
1052 1780 1088 1821 ac
1100 1764 1268 1844 praecipuos

64 1854 201 1935 Imperii
216 1854 376 1936 Principes
389 1874 425 1916 ac
438 1863 532 1917 status
543 1854 581 1931 (si
594 1854 718 1934 quidem
730 1854 762 1915 id
776 1854 837 1916 ullo
851 1855 941 1916 modo
954 1854 1021 1917 {ieri
1033 1858 1144 1937 posset)
1156 1857 1188 1917 in
1198 1879 1268 1939 per-

64 1951 143 2011 sond
163 1951 286 2033 propria
302 1952 412 2033 scripto
433 1970 569 2025 evocare,
588 1951 669 2032 quod
690 1950 798 2012 Mense
820 1952 844 2014 J
846 1951 909 2013 ulio
932 1952 1054 2013 tandem
1075 1970 1265 2034 progressum

65 2045 187 2121 habuit,
202 2066 238 2107 ac
251 2046 315 2128 ipse
329 2046 498 2127 Imperator
508 2046 586 2108 iuter
599 2046 710 2127 primos
718 2048 840 2109 Vienna
852 2047 929 2109 istuc
942 2067 973 2109 se
987 2047 1122 2109 conferre
1136 2067 1196 2108 uon
1210 2049 1266 2111 du·

67 2142 190 2217 bitavit,
204 2143 283 2204 uude
303 2152 333 2204 et
349 2146 451 2204 omnia
467 2142 601 2205 ordInari
618 2142 797 2223 disponique
811 2144 929 2205 canuit
944 2144 1019 2205 dum
1031 2143 1083 2205 ulii
1105 2143 1266 2225 Principes

69 2238 275 2300 convenirent.
316 2238 418 2302 Tertia
436 2240 537 2319 itaque
552 2239 576 2301 J
578 2238 633 2300 ulii
655 2238 853 2322 Magistratus
870 2240 992 2301 urbicus
1005 2240 1189 2315 Ratisbouoe,
1203 2260 1265 2301 uua

71 2355 143 2396 cum
163 2334 279 2398 civibus
300 2335 478 2418 Imperatori
496 2334 681 2417 homagium,
698 2336 839 2418 prestitit
854 2357 890 2398 ac
909 2338 1012 2398 sancte
1030 2335 1123 2398 fidem
1135 2336 1264 2418 juravit,

72 2443 176 2494 contra
188 2453 259 2494 vero
274 2432 441 2514 Imperator
455 2432 629 2494 Camarario
645 2433 727 2494 urbIs
745 2453 799 2514 per
817 2433 1077 2494 commeudu'ntem
1096 2433 1264 2494 Dominum

75 2529 113 2590 dc
132 2527 269 2590 Reinach
287 2529 386 2591 claves
405 2529 492 2592 reddi
507 2528 610 2610 jussit,
624 2549 728 2591 omues
742 2549 862 2610 quoque
880 2529 1035 2590 Electores
1049 2549 1102 2610 per
1124 2529 1264 2610 legatos,

75 2633 139 2686 tum
157 2623 203 2685 vel
221 2625 368 2705 imprimis
387 2625 558 2688 Eiectorem
578 2623 728 2686 Saxouem
747 2645 800 2706 per
822 2623 998 2705 Principem
1012 2625 1051 2687 de
1070 2625 1263 2687 Icckhowita

79 2720 117 2781 ad
136 2720 253 2782 comitia
272 2721 496 2802 perhumaniter
513 2719 663 2782 invitavit.
705 2721 796 2783 Circa
810 2721 915 2782 eadem
928 2722 990 2783 fere
1003 2731 1137 2803 tempora
1151 2723 1262 2784 Letha-

77 2816 179 2898 riugiae
194 2817 276 2892 Dux,
291 2827 320 2878 et
334 2817 439 2900 legati
454 2817 551 2878 Ducis
566 2815 830 2900 Braudeuburgici
845 2818 1040 2879 Ratisbonam
1054 2818 1252 2880 advenerunt.

117 2912 226 2984 Quarta
246 2914 269 2977 J
272 2912 325 2974 ulii
346 2913 543 2995 Magistratus
567 2914 793 2978 Ratisboneusis
817 2915 918 2976 Sscrae
936 2914 1082 2976 Ooesareae
1106 2913 1263 2995 Majestati

80 3008 212 3090 poculum
222 3030 346 3072 aureum
356 3030 446 3072 aurea
456 3023 575 3075 moneta
589 3031 747 3095 pregnans,
756 3031 819 3072 una
829 3030 899 3072 cum
908 3010 1025 3071 duobus
1036 3010 1100 3071 vini
1110 3009 1262 3084 Rheuuui,

81 3117 108 3167 et
120 3106 182 3167 aliis
194 3106 305 3169 duobus
318 3106 383 3168 vini
403 3107 561 3170 Malvatici
582 3107 679 3182 doliis,
695 3107 812 3168 duobus
825 3107 897 3166 item
911 3105 1050 3166 curribus
1063 3125 1159 3167 arena
1171 3127 1261 3167 onus·

82 3203 127 3277 tis,
135 3203 290 3284 peregrinis
300 3223 418 3285 quoquc
427 3211 458 3265 et
468 3203 603 3266 delicatis
612 3203 744 3284 piscibus
752 3200 872 3275 obtulit,
882 3221 939 3262 nec
948 3201 1049 3262 minus
1060 3202 1263 3265 Mareschallo

86 3297 199 3379 Imperii
210 3319 278 3360 cum
291 3300 422 3362 sedecim
435 3301 499 3362 vini
518 3300 623 3382 optimi
640 3299 800 3375 cantharis,
822 3318 929 3359 currus
946 3317 1049 3359 avene
1064 3309 1262 3380 presentatus

87 3405 134 3456 est.

123 3493 282 3573 Antequam
302 3514 372 3554 vero
395 3513 480 3555 sacra
496 3493 636 3556 Cesarea
658 3493 803 3575 Majestas
821 3491 1016 3553 Ratisbonam
1036 3493 1162 3575 appulit,
1182 3493 1264 3556 Con·

87 3598 180 3650 reutur
193 3589 396 3672 Norimbergae
409 3610 465 3672 per
478 3590 607 3672 legatos
620 3589 773 3650 institutus
791 3587 937 3669 paulatim
953 3589 993 3649 ad
1009 3588 1103 3650 finem
1116 3589 1260 3660 decurrit,

91 3685 117 3745 iu
134 3705 188 3770 quo
205 3695 308 3766 prester
328 3686 501 3748 Electorum
522 3687 688 3768 deputatos,
701 3687 809 3747 horum
824 3705 943 3767 quoque
957 3684 1138 3767 Principum
1154 3686 1260 3768 legati

631 3803 652 3842 rr
665 3803 685 3841 rr
