3225 4700
285 355 292 387 '
327 362 391 426 372
729 355 1145 425 lTINERARIUM.

332 515 363 574 in
387 515 457 574 abra
483 511 598 593 dirigit,
627 511 790 574 infortunio
811 513 931 586 accidit,
957 523 991 574 ut
1013 515 1051 575 de
1071 513 1202 574 excussis
1229 511 1364 593 reliquiis
1388 511 1421 570 in
1446 531 1533 572 com-

328 631 433 671 munes
447 609 562 670 civitati
577 608 668 683 aedes,
687 608 797 689 aliquae
812 610 946 690 reliquiae
957 611 1098 686 redirent,
1113 610 1167 672 has
1181 619 1288 671 ventus
1300 609 1398 670 lenior
1412 609 1533 668 anima·

329 707 384 778 vit,
393 725 511 785 unaque
523 705 638 766 curiam
647 706 795 778 accendit,
803 726 839 767 ae
851 706 940 768 simul
949 727 1018 768 eum
1029 707 1092 768 tota
1101 708 1215 770 circum
1226 706 1339 768 vicinil
1348 705 1530 786 absumpsit.

330 805 400 865 Hoc
418 803 613 885 periculosius
630 800 688 861 fuit
705 802 964 884 incendiumque
985 804 1105 864 nemine
1120 805 1255 866 obstante
1269 803 1392 864 liberids
1411 821 1532 884 grassa·

328 901 424 974 batur,
439 900 540 980 quoad
552 897 674 959 tandem
688 896 824 959 homines
839 900 937 980 primo
950 921 1055 961 somno
1069 901 1191 964 excitati
1204 901 1375 962 ulteriorem
1389 919 1531 981 progres-

327 1019 393 1058 sum
407 1003 575 1058 vetuerunt.
618 994 735 1054 Eodem
748 994 810 1055 fere
823 1007 955 1078 tempore
971 998 990 1056 a
1005 998 1132 1059 modicis
1144 1018 1262 1079 quoque
1281 997 1376 1057 initiis
1389 995 1530 1056 luculen-

327 1095 442 1156 tissima
455 1091 628 1153 Ratisbonae
642 1103 708 1152 orta
718 1101 762 1152 est
773 1091 905 1153 flamma.
946 1093 1089 1156 Traxerat
1098 1103 1207 1156 tectum
1218 1093 1321 1175 templi
1334 1093 1368 1154 S.
1380 1093 1528 1152 Emerani

327 1211 365 1250 ex
386 1189 534 1250 dinturnis
553 1187 698 1248 imbribus
715 1186 843 1262 vitium3
872 1189 911 1250 ad
932 1191 1023 1271 quod,
1047 1201 1081 1253 ut
1105 1201 1266 1273 repararet,
1291 1189 1462 1250 conductus
1484 1199 1530 1248 est

328 1287 435 1348 artifex
460 1285 514 1366 qui
536 1286 626 1346 rimas
652 1283 776 1363 plumbo
798 1285 970 1348 obduceret.
1024 1288 1109 1350 Dum
1136 1289 1170 1349 id
1193 1288 1276 1361 feeit,
1303 1297 1446 1347 amanum
1474 1305 1527 1346 seu

328 1381 495 1464 plumbum,
510 1382 568 1455 vel,
588 1390 623 1441 ut
636 1379 688 1440 alii
704 1380 819 1453 volunt,
834 1384 943 1446 minuti
961 1387 1104 1447 carbones
1121 1386 1245 1446 animati
1259 1403 1385 1466 cuprum
1401 1383 1484 1443 iuter
1496 1395 1528 1443 et

328 1499 437 1540 asseres
455 1497 519 1538 sese
534 1477 696 1548 insinuant,
714 1481 879 1555 etsensim,
895 1482 1014 1543 nemine
1028 1483 1201 1544 observante
1216 1481 1287 1542 tecti
1301 1481 1387 1562 tigna
1400 1499 1527 1540 succen-

328 1576 416 1644 dunt,
433 1575 476 1634 ita
493 1583 527 1634 ut
544 1573 623 1654 ignis
640 1572 729 1634 latius
749 1595 882 1656 serpens,
903 1589 998 1640 totum
1020 1580 1163 1662 templum
1186 1580 1247 1639 sind
1265 1597 1335 1638 oum
1358 1575 1478 1636 Sacello
1492 1576 1524 1636 S.

328 1668 1526 1758 Wolffgangiexusserit,liquefeceritqueomnescampanastrecentorumviginti

329 1767 579 1839 centenariorum,
601 1766 755 1848 multaque
773 1768 834 1829 alia
852 1772 1027 1852 gravissima
1046 1774 1157 1834 (lamna
1177 1770 1321 1833 intulerit.
1362 1769 1527 1830 Perierunt

328 1863 381 1923 illo
401 1864 541 1925 incendio
563 1863 756 1925 nobilissimae
776 1877 807 1927 et
827 1867 916 1949 plane
937 1889 1012 1932 rarae
1033 1870 1235 1950 antiquitates,
1257 1867 1431 1949 magnificae
1455 1887 1526 1938 ares,

329 1961 545 2021 venustissimae
559 1969 589 2020 et
605 1961 746 2022 immanis
759 1965 854 2042 precii
873 1966 1030 2048 imagines.
1075 1968 1111 2026 ln
1127 1967 1264 2048 proximo
1280 1965 1412 2046 periculo
1425 1985 1526 2026 verse-

328 2059 416 2118 batur
428 2055 598 2138 Collegium
623 2057 782 2120 Sooietatis
802 2061 827 2122 J
830 2082 896 2136 usu,
915 2065 996 2144 quod
1012 2063 1139 2126 solliciti
1157 2075 1276 2146 patrum
1296 2061 1381 2134 cord,
1396 2072 1427 2123 et
1441 2062 1526 2138 iude,-

328 2155 405 2214 iesso
418 2153 520 2214 studio
536 2163 687 2215 servatum
702 2167 762 2216 est:
783 2168 918 2240 tempore
938 2161 1069 2224 incendii
1084 2181 1187 2222 omnes
1204 2169 1296 2240 portae
1310 2157 1419 2220 clausae
1439 2179 1525 2218 man-

327 2259 440 2323 semnt,
454 2249 535 2310 cives
549 2251 681 2331 compita
694 2255 802 2314 armati
816 2257 964 2326 obierunt,
979 2257 1170 2341 magistratus
1185 2255 1304 2336 vigilias
1322 2254 1525 2333 undequaque

328 2347 548 2428 disposuerunt,
558 2347 676 2429 nequid
684 2347 807 2411 aliunde
818 2352 944 2413 oriretur
955 2352 1147 2413 incommodi.
1180 2348 1242 2423 Qui
1254 2348 1394 2411 incendio
1402 2368 1523 2409 eausam

327 2446 461 2519 dederat,
476 2447 604 2525 tempori
618 2444 732 2527 effugit.

368 2542 438 2601 Non
453 2542 548 2602 debeo
561 2542 617 2604 hoc
632 2540 699 2603 loco
711 2546 866 2623 praeterire
879 2546 996 2609 silentio
1016 2568 1078 2608 rem
1098 2544 1189 2607 nullis
1208 2558 1287 2605 retro
1305 2542 1424 2605 saeculis
1437 2543 1523 2603 audi·

327 2650 399 2713 tam,
414 2649 444 2699 et
461 2640 514 2699 vix
530 2659 602 2699 serae
621 2638 785 2720 posteritati
803 2638 989 2711 credibilem,
1007 2648 1172 2701 memoratu
1188 2647 1286 2699 tamen
1301 2634 1522 2717 dignissimam,
1587 2692 1588 2695 ,

326 2756 394 2817 quae
415 2735 446 2795 in
468 2735 585 2796 tbeatro
603 2735 735 2795 Romani
755 2734 881 2815 Imperii
902 2746 932 2798 et
951 2738 1089 2819 principe
1109 2735 1239 2796 Aristriae
1259 2733 1343 2805 urbe,
1364 2731 1520 2793 Caesarum

326 2834 407 2904 sede,
431 2832 566 2893 omnium
586 2832 753 2902 nationum,
774 2844 808 2891 ut
828 2832 870 2893 ita
890 2833 999 2908 dicam,
1022 2830 1213 2905 confluentia,
1235 2830 1362 2891 Viennae
1383 2828 1520 2911 contigit.

328 2930 487 2991 Poloniam
507 2926 608 2989 multis
625 2927 713 2988 annis
734 2941 913 3011 pervagatus
927 2930 1025 2992 fuerat
1041 2931 1063 2992 J
1067 2931 1171 2992 udeeus
1186 2928 1333 2990 doetrinae
1347 2926 1427 2988 fama
1445 2928 1521 2988 inter

326 3048 394 3087 suos
408 3025 544 3099 celebris,
558 3038 587 3085 et
600 3024 762 3105 patriarum
778 3024 880 3107 legum
899 3028 1022 3107 peritus,
1037 3048 1073 3087 ao
1094 3026 1258 3106 Scripturas
1272 3024 1416 3085 Mosaiom
1431 3024 1520 3083 inter·

327 3144 404 3205 pres,
420 3123 445 3183 si
463 3122 577 3203 superis
595 3121 704 3202 placet,
727 3142 787 3181 non
807 3124 991 3184 ineruditus:
1016 3124 1169 3185 Rabirium
1189 3122 1311 3202 pessimi
1331 3121 1415 3182 corvi
1437 3122 1519 3202 pejus

325 3240 416 3279 ovum
431 3218 583 3301 Sinagogu
595 3216 769 3279 excluserat.
809 3215 872 3276 Hic
886 3216 959 3277 dum
972 3217 1061 3278 variis
1076 3216 1150 3277 loeis
1161 3216 1239 3275 inter
1255 3214 1407 3275 Sarmatas
1422 3214 1517 3274 incer·

325 3329 374 3375 tus
383 3315 485 3375 animo
498 3316 635 3390 fluctuat,
647 3324 737 3375 secte
749 3332 812 3372 ause
827 3314 989 3374 vanitatem
1004 3312 1163 3374 multorum
1179 3310 1420 3372 Christianorum
1433 3310 1518 3370 docto

325 3432 486 3492 congressu
501 3410 653 3491 perdiscit,
667 3430 703 3469 oo
718 3409 741 3470 J
745 3408 883 3469 udaicam
898 3408 1068 3488 perfidiam,
1079 3408 1170 3467 nullis
1179 3407 1283 3468 solidis
1296 3407 1399 3467 nixam
1412 3406 1517 3467 sunda·

326 3505 434 3565 mentis
446 3502 609 3575 infirmam,
624 3514 664 3574 et,
680 3501 762 3582 quod
777 3520 971 3581 consequens,
985 3500 1081 3584 lapsui
1102 3505 1281 3583 proximam,
1296 3503 1378 3565 haud
1395 3504 1516 3563 obscure

324 3600 531 3682 deprehendit,
555 3600 635 3661 unde
655 3610 685 3660 et
703 3599 725 3660 J
730 3598 897 3658 udaismum
917 3600 1036 3660 tandem
1057 3600 1232 3672 Raoowioii,
1250 3602 1366 3663 serione
1382 3620 1421 3661 an
1436 3600 1513 3671 ficte,

324 3718 383 3758 non
403 3697 534 3777 disputo,
550 3697 655 3775 ejurat,
671 3716 706 3756 ae
720 3695 901 3757 Christianis
915 3696 1041 3778 legibus,
1056 3710 1241 3761 sacramento
1260 3698 1404 3760 Ecclesia
1419 3696 1513 3758 ortho-
