<?xml version="1.0" encoding="UTF-8"?>
<!DOCTYPE html PUBLIC "-//W3C//DTD XHTML 1.0 Transitional//EN"
    "http://www.w3.org/TR/xhtml1/DTD/xhtml1-transitional.dtd">
<html xmlns="http://www.w3.org/1999/xhtml" xml:lang="en" lang="en">
 <head>
  <title>
</title>
<meta http-equiv="Content-Type" content="text/html;charset=utf-8" />
  <meta name='ocr-system' content='tesseract 3.04.00' />
  <meta name='ocr-capabilities' content='ocr_page ocr_carea ocr_par ocr_line ocrx_word'/>
</head>
<body>
  <div class='ocr_page' id='page_1' title='image "./itinerariumthom00kerngoog_0486.png"; bbox 0 0 3225 4700; ppageno 0'>
   <div class='ocr_carea' id='block_1_1' title="bbox 364 252 1158 321">
    <p class='ocr_par' dir='ltr' id='par_1_1' title="bbox 364 252 1158 321">
     <span class='ocr_line' id='line_1_1' title="bbox 364 252 1158 321; baseline 0 -2"><span class='ocrx_word' id='word_1_1' title='bbox 364 254 428 319; x_wconf 82' lang='lat'><strong>304</strong></span> <span class='ocrx_word' id='word_1_2' title='bbox 761 252 1158 321; x_wconf 80' lang='lat' dir='ltr'><strong><em>ITINERARIUM.</em></strong></span> 
     </span>
    </p>
   </div>
   <div class='ocr_carea' id='block_1_2' title="bbox 299 410 1567 2323">
    <p class='ocr_par' dir='ltr' id='par_1_2' title="bbox 312 410 1567 589">
     <span class='ocr_line' id='line_1_2' title="bbox 312 410 1567 496; baseline 0.002 -23"><span class='ocrx_word' id='word_1_3' title='bbox 312 428 317 439; x_wconf 87' lang='lat'><strong>·</strong></span> <span class='ocrx_word' id='word_1_4' title='bbox 366 412 519 475; x_wconf 80' lang='lat' dir='ltr'><strong>Proetorioe</strong></span> <span class='ocrx_word' id='word_1_5' title='bbox 532 410 658 495; x_wconf 79' lang='lat' dir='ltr'><strong>legionis</strong></span> <span class='ocrx_word' id='word_1_6' title='bbox 672 410 801 487; x_wconf 82' lang='lat' dir='ltr'>Ductor,</span> <span class='ocrx_word' id='word_1_7' title='bbox 822 412 1001 494; x_wconf 72' lang='lat' dir='ltr'><strong>liudolphus</strong></span> <span class='ocrx_word' id='word_1_8' title='bbox 1020 412 1274 491; x_wconf 76' lang='lat' dir='ltr'><strong>Birakenfeldiua,</strong></span> <span class='ocrx_word' id='word_1_9' title='bbox 1292 414 1316 477; x_wconf 86' lang='lat' dir='ltr'><strong>J</strong></span> <span class='ocrx_word' id='word_1_10' title='bbox 1317 414 1449 477; x_wconf 86' lang='lat' dir='ltr'><strong>anislaus</strong></span> <span class='ocrx_word' id='word_1_11' title='bbox 1470 414 1567 496; x_wconf 79' lang='lat' dir='ltr'><strong>Kyn-</strong></span> 
     </span>
     <span class='ocr_line' id='line_1_3' title="bbox 364 507 967 589; baseline -0.007 -18"><span class='ocrx_word' id='word_1_12' title='bbox 364 510 476 585; x_wconf 81' lang='lat' dir='ltr'><strong>eckius,</strong></span> <span class='ocrx_word' id='word_1_13' title='bbox 497 518 526 571; x_wconf 88' lang='lat' dir='ltr'><strong>et</strong></span> <span class='ocrx_word' id='word_1_14' title='bbox 546 507 718 570; x_wconf 87' lang='lat' dir='ltr'><strong>Gulielmus</strong></span> <span class='ocrx_word' id='word_1_15' title='bbox 740 507 967 589; x_wconf 82' lang='lat' dir='ltr'><strong>Hockingerus.</strong></span> 
     </span>
    </p>

    <p class='ocr_par' dir='ltr' id='par_1_3' title="bbox 299 604 1567 2228">
     <span class='ocr_line' id='line_1_4' title="bbox 403 604 1567 687; baseline 0.002 -22"><span class='ocrx_word' id='word_1_16' title='bbox 403 605 472 667; x_wconf 87' lang='lat' dir='ltr'><strong>Hos</strong></span> <span class='ocrx_word' id='word_1_17' title='bbox 496 605 713 667; x_wconf 87' lang='lat' dir='ltr'><strong>comitabantur</strong></span> <span class='ocrx_word' id='word_1_18' title='bbox 738 605 901 667; x_wconf 86' lang='lat' dir='ltr'><strong>earundem</strong></span> <span class='ocrx_word' id='word_1_19' title='bbox 926 604 1090 687; x_wconf 82' lang='lat' dir='ltr'><strong>legionum,</strong></span> <span class='ocrx_word' id='word_1_20' title='bbox 1114 605 1215 668; x_wconf 89' lang='lat' dir='ltr'><strong>locum</strong></span> <span class='ocrx_word' id='word_1_21' title='bbox 1238 614 1383 679; x_wconf 62' lang='lat' dir='ltr'><strong>maeatas,</strong></span> <span class='ocrx_word' id='word_1_22' title='bbox 1405 607 1567 670; x_wconf 81' lang='lat' dir='ltr'><strong>Colonelli</strong></span> 
     </span>
     <span class='ocr_line' id='line_1_5' title="bbox 363 699 1562 785; baseline 0.002 -23"><span class='ocrx_word' id='word_1_23' title='bbox 363 710 499 782; x_wconf 88' lang='lat' dir='ltr'><strong>quatuor,</strong></span> <span class='ocrx_word' id='word_1_24' title='bbox 515 699 657 762; x_wconf 79' lang='lat' dir='ltr'><strong>Praefecti</strong></span> <span class='ocrx_word' id='word_1_25' title='bbox 669 700 741 761; x_wconf 87' lang='lat' dir='ltr'><strong>item</strong></span> <span class='ocrx_word' id='word_1_26' title='bbox 755 700 867 782; x_wconf 80' lang='lat' dir='ltr'><strong>vigiliis</strong></span> <span class='ocrx_word' id='word_1_27' title='bbox 881 702 1013 782; x_wconf 80' lang='lat' dir='ltr'>supremi</span> <span class='ocrx_word' id='word_1_28' title='bbox 1026 712 1096 777; x_wconf 84' lang='lat' dir='ltr'><strong>tres,</strong></span> <span class='ocrx_word' id='word_1_29' title='bbox 1110 702 1219 783; x_wconf 78' lang='lat' dir='ltr'><strong>viginti</strong></span> <span class='ocrx_word' id='word_1_30' title='bbox 1236 712 1296 764; x_wconf 89' lang='lat' dir='ltr'><strong>tres</strong></span> <span class='ocrx_word' id='word_1_31' title='bbox 1313 704 1436 785; x_wconf 89' lang='lat' dir='ltr'><strong>insuper</strong></span> <span class='ocrx_word' id='word_1_32' title='bbox 1452 712 1562 764; x_wconf 87' lang='lat' dir='ltr'><strong>centu-</strong></span> 
     </span>
     <span class='ocr_line' id='line_1_6' title="bbox 299 795 1562 878; baseline 0 -19"><span class='ocrx_word' id='word_1_33' title='bbox 299 803 303 818; x_wconf 89' lang='lat'>&#39;</span> <span class='ocrx_word' id='word_1_34' title='bbox 361 799 460 859; x_wconf 86' lang='lat' dir='ltr'><strong>riones</strong></span> <span class='ocrx_word' id='word_1_35' title='bbox 473 798 617 878; x_wconf 89' lang='lat' dir='ltr'><strong>equitnm.</strong></span> <span class='ocrx_word' id='word_1_36' title='bbox 659 798 702 858; x_wconf 90' lang='lat' dir='ltr'><strong>Et</strong></span> <span class='ocrx_word' id='word_1_37' title='bbox 715 797 792 858; x_wconf 87' lang='lat' dir='ltr'><strong>inter</strong></span> <span class='ocrx_word' id='word_1_38' title='bbox 806 795 861 857; x_wconf 89' lang='lat' dir='ltr'><strong>hos</strong></span> <span class='ocrx_word' id='word_1_39' title='bbox 878 796 1100 859; x_wconf 86' lang='lat' dir='ltr'><strong>Illustrissimns</strong></span> <span class='ocrx_word' id='word_1_40' title='bbox 1119 798 1259 860; x_wconf 86' lang='lat' dir='ltr'><strong>Marohio</strong></span> <span class='ocrx_word' id='word_1_41' title='bbox 1279 798 1481 860; x_wconf 86' lang='lat' dir='ltr'><strong>Dnrlaoensis</strong></span> <span class='ocrx_word' id='word_1_42' title='bbox 1500 799 1562 861; x_wconf 86' lang='lat' dir='ltr'><strong>Ca·</strong></span> 
     </span>
     <span class='ocr_line' id='line_1_7' title="bbox 361 891 1561 977; baseline 0.001 -23"><span class='ocrx_word' id='word_1_43' title='bbox 361 894 441 955; x_wconf 87' lang='lat' dir='ltr'><strong>rolus</strong></span> <span class='ocrx_word' id='word_1_44' title='bbox 456 894 601 975; x_wconf 83' lang='lat' dir='ltr'><strong>Magnus,</strong></span> <span class='ocrx_word' id='word_1_45' title='bbox 619 892 728 973; x_wconf 89' lang='lat' dir='ltr'><strong>aliique</strong></span> <span class='ocrx_word' id='word_1_46' title='bbox 746 891 835 953; x_wconf 78' lang='lat' dir='ltr'><strong>facile</strong></span> <span class='ocrx_word' id='word_1_47' title='bbox 853 900 973 953; x_wconf 87' lang='lat' dir='ltr'><strong>centnm</strong></span> <span class='ocrx_word' id='word_1_48' title='bbox 992 892 1150 955; x_wconf 85' lang='lat' dir='ltr'><strong>officiales:</strong></span> <span class='ocrx_word' id='word_1_49' title='bbox 1177 895 1332 977; x_wconf 81' lang='lat' dir='ltr'><strong>gregarius</strong></span> <span class='ocrx_word' id='word_1_50' title='bbox 1349 895 1438 957; x_wconf 88' lang='lat' dir='ltr'><strong>miles</strong></span> <span class='ocrx_word' id='word_1_51' title='bbox 1461 895 1561 956; x_wconf 89' lang='lat' dir='ltr'><strong>mille·</strong></span> 
     </span>
     <span class='ocr_line' id='line_1_8' title="bbox 361 987 1556 1073; baseline 0.003 -24"><span class='ocrx_word' id='word_1_52' title='bbox 361 991 479 1051; x_wconf 90' lang='lat' dir='ltr'><strong>narium</strong></span> <span class='ocrx_word' id='word_1_53' title='bbox 495 1009 653 1051; x_wconf 89' lang='lat' dir='ltr'><strong>numerum</strong></span> <span class='ocrx_word' id='word_1_54' title='bbox 670 988 829 1050; x_wconf 81' lang='lat' dir='ltr'><strong>excessisse</strong></span> <span class='ocrx_word' id='word_1_55' title='bbox 847 987 977 1061; x_wconf 88' lang='lat' dir='ltr'><strong>dicitur:</strong></span> <span class='ocrx_word' id='word_1_56' title='bbox 999 990 1049 1052; x_wconf 90' lang='lat' dir='ltr'><strong>ubi</strong></span> <span class='ocrx_word' id='word_1_57' title='bbox 1068 991 1108 1052; x_wconf 94' lang='lat' dir='ltr'><strong>ad</strong></span> <span class='ocrx_word' id='word_1_58' title='bbox 1126 992 1208 1053; x_wconf 88' lang='lat' dir='ltr'><strong>urbis</strong></span> <span class='ocrx_word' id='word_1_59' title='bbox 1227 1002 1326 1073; x_wconf 87' lang='lat' dir='ltr'><strong>portas</strong></span> <span class='ocrx_word' id='word_1_60' title='bbox 1343 992 1556 1063; x_wconf 84' lang='lat' dir='ltr'><strong>substiterunt,</strong></span> 
     </span>
     <span class='ocr_line' id='line_1_9' title="bbox 361 1083 1555 1159; baseline 0.002 -13"><span class='ocrx_word' id='word_1_61' title='bbox 361 1106 399 1146; x_wconf 85' lang='lat' dir='ltr'><strong>aa</strong></span> <span class='ocrx_word' id='word_1_62' title='bbox 412 1086 537 1147; x_wconf 86' lang='lat' dir='ltr'><strong>confuso</strong></span> <span class='ocrx_word' id='word_1_63' title='bbox 552 1087 657 1148; x_wconf 88' lang='lat' dir='ltr'><strong>ordine</strong></span> <span class='ocrx_word' id='word_1_64' title='bbox 674 1083 871 1159; x_wconf 89' lang='lat' dir='ltr'><strong>incederetur,</strong></span> <span class='ocrx_word' id='word_1_65' title='bbox 891 1084 990 1146; x_wconf 86' lang='lat' dir='ltr'><strong>visum</strong></span> <span class='ocrx_word' id='word_1_66' title='bbox 1006 1095 1052 1147; x_wconf 88' lang='lat' dir='ltr'><strong>est</strong></span> <span class='ocrx_word' id='word_1_67' title='bbox 1069 1086 1208 1148; x_wconf 86' lang='lat' dir='ltr'><strong>ordinare</strong></span> <span class='ocrx_word' id='word_1_68' title='bbox 1226 1087 1307 1149; x_wconf 89' lang='lat' dir='ltr'><strong>hunc</strong></span> <span class='ocrx_word' id='word_1_69' title='bbox 1322 1088 1353 1149; x_wconf 92' lang='lat' dir='ltr'><strong>in</strong></span> <span class='ocrx_word' id='word_1_70' title='bbox 1366 1089 1499 1149; x_wconf 88' lang='lat' dir='ltr'><strong>modum</strong></span> <span class='ocrx_word' id='word_1_71' title='bbox 1513 1088 1555 1148; x_wconf 87' lang='lat' dir='ltr'><strong>in-</strong></span> 
     </span>
     <span class='ocr_line' id='line_1_10' title="bbox 360 1179 1554 1264; baseline 0.001 -21"><span class='ocrx_word' id='word_1_72' title='bbox 360 1203 505 1264; x_wconf 77' lang='lat' dir='ltr'><strong>gressum,</strong></span> <span class='ocrx_word' id='word_1_73' title='bbox 523 1192 558 1243; x_wconf 89' lang='lat' dir='ltr'><strong>ut</strong></span> <span class='ocrx_word' id='word_1_74' title='bbox 576 1181 717 1264; x_wconf 75' lang='lat' dir='ltr'><strong>praeirent</strong></span> <span class='ocrx_word' id='word_1_75' title='bbox 735 1180 777 1241; x_wconf 74' lang='lat'><strong>52</strong></span> <span class='ocrx_word' id='word_1_76' title='bbox 793 1179 913 1241; x_wconf 80' lang='lat' dir='ltr'><strong>circiter</strong></span> <span class='ocrx_word' id='word_1_77' title='bbox 932 1182 1114 1263; x_wconf 70' lang='lat' dir='ltr'><strong>cataphracti</strong></span> <span class='ocrx_word' id='word_1_78' title='bbox 1132 1184 1257 1263; x_wconf 86' lang='lat' dir='ltr'><strong>equites,</strong></span> <span class='ocrx_word' id='word_1_79' title='bbox 1278 1183 1331 1245; x_wconf 89' lang='lat' dir='ltr'><strong>hos</strong></span> <span class='ocrx_word' id='word_1_80' title='bbox 1351 1184 1439 1264; x_wconf 88' lang='lat' dir='ltr'><strong>equis</strong></span> <span class='ocrx_word' id='word_1_81' title='bbox 1463 1184 1554 1245; x_wconf 88' lang='lat' dir='ltr'><strong>etiam</strong></span> 
     </span>
     <span class='ocr_line' id='line_1_11' title="bbox 358 1275 1553 1362; baseline 0.001 -22"><span class='ocrx_word' id='word_1_82' title='bbox 358 1280 499 1340; x_wconf 84' lang='lat' dir='ltr'><strong>sublimes</strong></span> <span class='ocrx_word' id='word_1_83' title='bbox 511 1286 703 1358; x_wconf 88' lang='lat' dir='ltr'><strong>sequerentur</strong></span> <span class='ocrx_word' id='word_1_84' title='bbox 713 1275 855 1337; x_wconf 87' lang='lat' dir='ltr'><strong>Marchio</strong></span> <span class='ocrx_word' id='word_1_85' title='bbox 866 1277 1014 1339; x_wconf 79' lang='lat' dir='ltr'><strong>Bad0nsis</strong></span> <span class='ocrx_word' id='word_1_86' title='bbox 1024 1298 1114 1360; x_wconf 89' lang='lat' dir='ltr'><strong>snpra</strong></span> <span class='ocrx_word' id='word_1_87' title='bbox 1122 1280 1293 1341; x_wconf 86' lang='lat' dir='ltr'><strong>nominatus</strong></span> <span class='ocrx_word' id='word_1_88' title='bbox 1303 1300 1373 1341; x_wconf 88' lang='lat' dir='ltr'><strong>cum</strong></span> <span class='ocrx_word' id='word_1_89' title='bbox 1384 1280 1553 1362; x_wconf 85' lang='lat' dir='ltr'><strong>Schlengio</strong></span> 
     </span>
     <span class='ocr_line' id='line_1_12' title="bbox 358 1371 1551 1457; baseline -0.001 -19"><span class='ocrx_word' id='word_1_90' title='bbox 358 1377 412 1457; x_wconf 87' lang='lat' dir='ltr'><strong>qui</strong></span> <span class='ocrx_word' id='word_1_91' title='bbox 425 1376 578 1437; x_wconf 87' lang='lat' dir='ltr'><strong>sinistrum</strong></span> <span class='ocrx_word' id='word_1_92' title='bbox 591 1373 735 1455; x_wconf 87' lang='lat' dir='ltr'><strong>principis</strong></span> <span class='ocrx_word' id='word_1_93' title='bbox 748 1371 826 1433; x_wconf 87' lang='lat' dir='ltr'><strong>latus</strong></span> <span class='ocrx_word' id='word_1_94' title='bbox 839 1371 975 1454; x_wconf 83' lang='lat' dir='ltr'><strong>stipabat,</strong></span> <span class='ocrx_word' id='word_1_95' title='bbox 991 1374 1062 1436; x_wconf 83' lang='lat' dir='ltr'><strong>istos</strong></span> <span class='ocrx_word' id='word_1_96' title='bbox 1075 1394 1151 1455; x_wconf 87' lang='lat' dir='ltr'><strong>pone</strong></span> <span class='ocrx_word' id='word_1_97' title='bbox 1170 1374 1188 1435; x_wconf 77' lang='lat' dir='ltr'><strong>h</strong></span> <span class='ocrx_word' id='word_1_98' title='bbox 1201 1384 1286 1457; x_wconf 86' lang='lat' dir='ltr'><strong>tergo</strong></span> <span class='ocrx_word' id='word_1_99' title='bbox 1304 1377 1484 1457; x_wconf 80' lang='lat' dir='ltr'><strong>premebant</strong></span> <span class='ocrx_word' id='word_1_100' title='bbox 1496 1386 1551 1437; x_wconf 84' lang='lat' dir='ltr'><strong>tres</strong></span> 
     </span>
     <span class='ocr_line' id='line_1_13' title="bbox 357 1467 1549 1553; baseline 0.001 -21"><span class='ocrx_word' id='word_1_101' title='bbox 357 1472 410 1532; x_wconf 90' lang='lat' dir='ltr'><strong>alii</strong></span> <span class='ocrx_word' id='word_1_102' title='bbox 418 1474 483 1553; x_wconf 89' lang='lat' dir='ltr'><strong>jam</strong></span> <span class='ocrx_word' id='word_1_103' title='bbox 497 1470 571 1532; x_wconf 88' lang='lat' dir='ltr'><strong>dicti</strong></span> <span class='ocrx_word' id='word_1_104' title='bbox 585 1469 733 1531; x_wconf 82' lang='lat' dir='ltr'><strong>Colonelli</strong></span> <span class='ocrx_word' id='word_1_105' title='bbox 746 1489 815 1530; x_wconf 90' lang='lat' dir='ltr'><strong>cum</strong></span> <span class='ocrx_word' id='word_1_106' title='bbox 828 1467 894 1529; x_wconf 84' lang='lat' dir='ltr'><strong>aliis</strong></span> <span class='ocrx_word' id='word_1_107' title='bbox 908 1471 1065 1552; x_wconf 81' lang='lat' dir='ltr'><strong>praecipuis</strong></span> <span class='ocrx_word' id='word_1_108' title='bbox 1079 1470 1255 1533; x_wconf 86' lang='lat' dir='ltr'><strong>officialibus</strong></span> <span class='ocrx_word' id='word_1_109' title='bbox 1266 1472 1391 1553; x_wconf 85' lang='lat' dir='ltr'><strong>captivis</strong></span> <span class='ocrx_word' id='word_1_110' title='bbox 1406 1474 1549 1533; x_wconf 89' lang='lat' dir='ltr'><strong>succede·</strong></span> 
     </span>
     <span class='ocr_line' id='line_1_14' title="bbox 357 1563 1547 1651; baseline 0.001 -22"><span class='ocrx_word' id='word_1_111' title='bbox 357 1569 430 1630; x_wconf 88' lang='lat' dir='ltr'><strong>hant</strong></span> <span class='ocrx_word' id='word_1_112' title='bbox 450 1569 518 1629; x_wconf 77' lang='lat' dir='ltr'><strong>duas</strong></span> <span class='ocrx_word' id='word_1_113' title='bbox 536 1566 687 1628; x_wconf 80' lang='lat' dir='ltr'><strong>Centurioe</strong></span> <span class='ocrx_word' id='word_1_114' title='bbox 707 1563 974 1646; x_wconf 81' lang='lat' dir='ltr'><strong>cataphractorum.</strong></span> <span class='ocrx_word' id='word_1_115' title='bbox 1024 1568 1145 1649; x_wconf 82' lang='lat' dir='ltr'><strong>Captivi</strong></span> <span class='ocrx_word' id='word_1_116' title='bbox 1164 1588 1235 1629; x_wconf 83' lang='lat' dir='ltr'><strong>varo</strong></span> <span class='ocrx_word' id='word_1_117' title='bbox 1253 1568 1361 1651; x_wconf 83' lang='lat' dir='ltr'><strong>reliqui</strong></span> <span class='ocrx_word' id='word_1_118' title='bbox 1378 1568 1513 1630; x_wconf 89' lang='lat' dir='ltr'><strong>inermes</strong></span> <span class='ocrx_word' id='word_1_119' title='bbox 1531 1570 1547 1629; x_wconf 78' lang='lat' dir='ltr'><strong>h</strong></span> 
     </span>
     <span class='ocr_line' id='line_1_15' title="bbox 356 1664 1546 1746; baseline -0.002 -19"><span class='ocrx_word' id='word_1_120' title='bbox 356 1665 471 1746; x_wconf 89' lang='lat' dir='ltr'><strong>reliquo</strong></span> <span class='ocrx_word' id='word_1_121' title='bbox 483 1665 578 1726; x_wconf 87' lang='lat' dir='ltr'><strong>milite</strong></span> <span class='ocrx_word' id='word_1_122' title='bbox 591 1664 821 1726; x_wconf 85' lang='lat' dir='ltr'><strong>deducerentur.</strong></span> <span class='ocrx_word' id='word_1_123' title='bbox 866 1664 1109 1745; x_wconf 85' lang='lat' dir='ltr'><strong>Quamprimum</strong></span> <span class='ocrx_word' id='word_1_124' title='bbox 1128 1664 1208 1726; x_wconf 88' lang='lat' dir='ltr'><strong>intra</strong></span> <span class='ocrx_word' id='word_1_125' title='bbox 1224 1666 1329 1726; x_wconf 87' lang='lat' dir='ltr'><strong>urbem</strong></span> <span class='ocrx_word' id='word_1_126' title='bbox 1347 1665 1476 1727; x_wconf 87' lang='lat' dir='ltr'><strong>admissi</strong></span> <span class='ocrx_word' id='word_1_127' title='bbox 1489 1665 1546 1725; x_wconf 80' lang='lat' dir='ltr'><strong>fne-</strong></span> 
     </span>
     <span class='ocr_line' id='line_1_16' title="bbox 357 1760 1545 1844; baseline 0 -22"><span class='ocrx_word' id='word_1_128' title='bbox 357 1771 428 1822; x_wconf 89' lang='lat' dir='ltr'><strong>rnnt</strong></span> <span class='ocrx_word' id='word_1_129' title='bbox 440 1761 528 1844; x_wconf 78' lang='lat' dir='ltr'><strong>signa</strong></span> <span class='ocrx_word' id='word_1_130' title='bbox 540 1760 688 1841; x_wconf 74' lang='lat' dir='ltr'><strong>equestria</strong></span> <span class='ocrx_word' id='word_1_131' title='bbox 701 1762 739 1822; x_wconf 89' lang='lat' dir='ltr'><strong>ab</strong></span> <span class='ocrx_word' id='word_1_132' title='bbox 751 1761 930 1823; x_wconf 78' lang='lat' dir='ltr'><strong>adversmiis</strong></span> <span class='ocrx_word' id='word_1_133' title='bbox 948 1762 1069 1823; x_wconf 85' lang='lat' dir='ltr'><strong>obtenta</strong></span> <span class='ocrx_word' id='word_1_134' title='bbox 1085 1762 1124 1823; x_wconf 91' lang='lat' dir='ltr'><strong>ad</strong></span> <span class='ocrx_word' id='word_1_135' title='bbox 1142 1761 1239 1822; x_wconf 76' lang='lat' dir='ltr'><strong>adem</strong></span> <span class='ocrx_word' id='word_1_136' title='bbox 1252 1760 1429 1841; x_wconf 87' lang='lat' dir='ltr'><strong>Principem</strong></span> <span class='ocrx_word' id='word_1_137' title='bbox 1450 1762 1545 1823; x_wconf 87' lang='lat' dir='ltr'><strong>delate</strong></span> 
     </span>
     <span class='ocr_line' id='line_1_17' title="bbox 355 1857 1543 1938; baseline 0 -19"><span class='ocrx_word' id='word_1_138' title='bbox 355 1867 435 1919; x_wconf 86' lang='lat' dir='ltr'><strong>sunt.</strong></span> <span class='ocrx_word' id='word_1_139' title='bbox 476 1857 598 1937; x_wconf 80' lang='lat' dir='ltr'><strong>Captivi</strong></span> <span class='ocrx_word' id='word_1_140' title='bbox 617 1857 741 1918; x_wconf 79' lang='lat' dir='ltr'><strong>veroin</strong></span> <span class='ocrx_word' id='word_1_141' title='bbox 761 1858 895 1921; x_wconf 86' lang='lat' dir='ltr'><strong>diversas</strong></span> <span class='ocrx_word' id='word_1_142' title='bbox 912 1859 1017 1919; x_wconf 91' lang='lat' dir='ltr'><strong>domos</strong></span> <span class='ocrx_word' id='word_1_143' title='bbox 1039 1866 1070 1920; x_wconf 89' lang='lat' dir='ltr'><strong>et</strong></span> <span class='ocrx_word' id='word_1_144' title='bbox 1090 1858 1239 1919; x_wconf 86' lang='lat' dir='ltr'><strong>custodias</strong></span> <span class='ocrx_word' id='word_1_145' title='bbox 1259 1857 1404 1938; x_wconf 82' lang='lat' dir='ltr'><strong>tantisper</strong></span> <span class='ocrx_word' id='word_1_146' title='bbox 1422 1858 1543 1919; x_wconf 85' lang='lat' dir='ltr'><strong>deducti</strong></span> 
     </span>
     <span class='ocr_line' id='line_1_18' title="bbox 355 1952 1541 2035; baseline 0 -21"><span class='ocrx_word' id='word_1_147' title='bbox 355 1954 454 2034; x_wconf 86' lang='lat' dir='ltr'><strong>quood</strong></span> <span class='ocrx_word' id='word_1_148' title='bbox 473 1954 514 2015; x_wconf 74' lang='lat'><strong>27</strong></span> <span class='ocrx_word' id='word_1_149' title='bbox 533 1952 639 2014; x_wconf 87' lang='lat' dir='ltr'><strong>Martii</strong></span> <span class='ocrx_word' id='word_1_150' title='bbox 659 1953 766 2015; x_wconf 79' lang='lat' dir='ltr'><strong>devehi</strong></span> <span class='ocrx_word' id='word_1_151' title='bbox 786 1956 919 2018; x_wconf 69' lang='lat' dir='ltr'><strong>meando</strong></span> <span class='ocrx_word' id='word_1_152' title='bbox 934 1954 1076 2015; x_wconf 90' lang='lat' dir='ltr'><strong>Danubio</strong></span> <span class='ocrx_word' id='word_1_153' title='bbox 1094 1962 1214 2035; x_wconf 78' lang='lat' dir='ltr'><strong>possent</strong></span> <span class='ocrx_word' id='word_1_154' title='bbox 1230 1953 1380 2014; x_wconf 88' lang='lat' dir='ltr'><strong>Viennam</strong></span> <span class='ocrx_word' id='word_1_155' title='bbox 1400 1956 1541 2016; x_wconf 81' lang='lat' dir='ltr'><strong>Austriae.</strong></span> 
     </span>
     <span class='ocr_line' id='line_1_19' title="bbox 356 2048 1542 2133; baseline 0.002 -23"><span class='ocrx_word' id='word_1_156' title='bbox 356 2048 464 2111; x_wconf 84' lang='lat' dir='ltr'><strong>Placet</strong></span> <span class='ocrx_word' id='word_1_157' title='bbox 470 2048 527 2110; x_wconf 88' lang='lat' dir='ltr'><strong>hoo</strong></span> <span class='ocrx_word' id='word_1_158' title='bbox 535 2048 600 2109; x_wconf 90' lang='lat' dir='ltr'><strong>loco</strong></span> <span class='ocrx_word' id='word_1_159' title='bbox 607 2057 747 2123; x_wconf 87' lang='lat' dir='ltr'><strong>attexere,</strong></span> <span class='ocrx_word' id='word_1_160' title='bbox 758 2070 826 2130; x_wconf 85' lang='lat' dir='ltr'><strong>quae</strong></span> <span class='ocrx_word' id='word_1_161' title='bbox 837 2050 985 2126; x_wconf 86' lang='lat' dir='ltr'><strong>lemmata,</strong></span> <span class='ocrx_word' id='word_1_162' title='bbox 996 2049 1157 2131; x_wconf 70' lang='lat' dir='ltr'><strong>precipuis</strong></span> <span class='ocrx_word' id='word_1_163' title='bbox 1167 2048 1285 2110; x_wconf 86' lang='lat' dir='ltr'><strong>vexillis</strong></span> <span class='ocrx_word' id='word_1_164' title='bbox 1293 2069 1330 2110; x_wconf 86' lang='lat' dir='ltr'><strong>ex</strong></span> <span class='ocrx_word' id='word_1_165' title='bbox 1342 2048 1542 2133; x_wconf 81' lang='lat' dir='ltr'><strong>Schlangiana</strong></span> 
     </span>
     <span class='ocr_line' id='line_1_20' title="bbox 354 2144 908 2228; baseline -0.004 -21"><span class='ocrx_word' id='word_1_166' title='bbox 354 2145 439 2207; x_wconf 84' lang='lat' dir='ltr'><strong>clade</strong></span> <span class='ocrx_word' id='word_1_167' title='bbox 452 2144 618 2225; x_wconf 84' lang='lat' dir='ltr'><strong>reportatis,</strong></span> <span class='ocrx_word' id='word_1_168' title='bbox 632 2145 775 2228; x_wconf 89' lang='lat' dir='ltr'><strong>inscripta</strong></span> <span class='ocrx_word' id='word_1_169' title='bbox 787 2146 908 2207; x_wconf 82' lang='lat' dir='ltr'><strong>fuerint.</strong></span> 
     </span>
    </p>

    <p class='ocr_par' dir='ltr' id='par_1_4' title="bbox 395 2238 1540 2323">
     <span class='ocr_line' id='line_1_21' title="bbox 395 2238 1540 2323; baseline 0.001 -21"><span class='ocrx_word' id='word_1_170' title='bbox 395 2241 490 2323; x_wconf 79' lang='lat' dir='ltr'><strong>Signa</strong></span> <span class='ocrx_word' id='word_1_171' title='bbox 501 2238 665 2301; x_wconf 85' lang='lat' dir='ltr'><strong>universim</strong></span> <span class='ocrx_word' id='word_1_172' title='bbox 677 2240 785 2301; x_wconf 78' lang='lat' dir='ltr'><strong>vicena</strong></span> <span class='ocrx_word' id='word_1_173' title='bbox 801 2241 979 2303; x_wconf 73' lang='lat' dir='ltr'><strong>aOoesareh</strong></span> <span class='ocrx_word' id='word_1_174' title='bbox 995 2242 1115 2302; x_wconf 89' lang='lat' dir='ltr'><strong>obtenta</strong></span> <span class='ocrx_word' id='word_1_175' title='bbox 1135 2240 1261 2302; x_wconf 87' lang='lat' dir='ltr'><strong>fuerant.</strong></span> <span class='ocrx_word' id='word_1_176' title='bbox 1302 2242 1416 2303; x_wconf 86' lang='lat' dir='ltr'><strong>Eorum</strong></span> <span class='ocrx_word' id='word_1_177' title='bbox 1437 2242 1540 2321; x_wconf 82' lang='lat' dir='ltr'><strong>praeci·</strong></span> 
     </span>
    </p>
   </div>
   <div class='ocr_carea' id='block_1_3' title="bbox 351 2336 1539 2805">
    <p class='ocr_par' dir='ltr' id='par_1_5' title="bbox 351 2336 1539 2805">
     <span class='ocr_line' id='line_1_22' title="bbox 353 2336 1539 2420; baseline 0.001 -21"><span class='ocrx_word' id='word_1_178' title='bbox 353 2357 446 2420; x_wconf 88' lang='lat' dir='ltr'><strong>puum</strong></span> <span class='ocrx_word' id='word_1_179' title='bbox 459 2357 497 2398; x_wconf 86' lang='lat' dir='ltr'><strong>ex</strong></span> <span class='ocrx_word' id='word_1_180' title='bbox 509 2356 570 2398; x_wconf 87' lang='lat' dir='ltr'><strong>una</strong></span> <span class='ocrx_word' id='word_1_181' title='bbox 582 2347 665 2418; x_wconf 82' lang='lat' dir='ltr'><strong>parte</strong></span> <span class='ocrx_word' id='word_1_182' title='bbox 678 2336 756 2399; x_wconf 92' lang='lat' dir='ltr'><strong>hanc</strong></span> <span class='ocrx_word' id='word_1_183' title='bbox 769 2337 992 2420; x_wconf 87' lang='lat' dir='ltr'><strong>inscriptionem</strong></span> <span class='ocrx_word' id='word_1_184' title='bbox 1006 2337 1127 2400; x_wconf 82' lang='lat' dir='ltr'><strong>ferebat.</strong></span> <span class='ocrx_word' id='word_1_185' title='bbox 1168 2338 1272 2401; x_wconf 83' lang='lat' dir='ltr'><strong>Virtus</strong></span> <span class='ocrx_word' id='word_1_186' title='bbox 1284 2359 1356 2400; x_wconf 82' lang='lat' dir='ltr'><strong>vera</strong></span> <span class='ocrx_word' id='word_1_187' title='bbox 1365 2337 1539 2400; x_wconf 87' lang='lat' dir='ltr'><strong>nobilitas-</strong></span> 
     </span>
     <span class='ocr_line' id='line_1_23' title="bbox 354 2431 1536 2496; baseline -0.001 -1"><span class='ocrx_word' id='word_1_188' title='bbox 354 2435 401 2495; x_wconf 85' lang='lat' dir='ltr'><strong>Ex</strong></span> <span class='ocrx_word' id='word_1_189' title='bbox 414 2431 668 2494; x_wconf 74' lang='lat' dir='ltr'><strong>adversi-Cum</strong></span> <span class='ocrx_word' id='word_1_190' title='bbox 683 2434 751 2495; x_wconf 90' lang='lat' dir='ltr'><strong>Deo</strong></span> <span class='ocrx_word' id='word_1_191' title='bbox 766 2444 796 2496; x_wconf 91' lang='lat' dir='ltr'><strong>et</strong></span> <span class='ocrx_word' id='word_1_192' title='bbox 813 2433 996 2496; x_wconf 88' lang='lat' dir='ltr'><strong>Victricibus</strong></span> <span class='ocrx_word' id='word_1_193' title='bbox 1014 2434 1293 2496; x_wconf 79' lang='lat' dir='ltr'><strong>armis-Alterum</strong></span> <span class='ocrx_word' id='word_1_194' title='bbox 1309 2434 1485 2496; x_wconf 86' lang='lat' dir='ltr'><strong>ostendebat</strong></span> <span class='ocrx_word' id='word_1_195' title='bbox 1505 2456 1536 2496; x_wconf 85' lang='lat' dir='ltr'><strong>ex</strong></span> 
     </span>
     <span class='ocr_line' id='line_1_24' title="bbox 351 2529 1535 2612; baseline 0 -22"><span class='ocrx_word' id='word_1_196' title='bbox 351 2530 408 2592; x_wconf 87' lang='lat' dir='ltr'><strong>hac</strong></span> <span class='ocrx_word' id='word_1_197' title='bbox 422 2529 498 2591; x_wconf 88' lang='lat' dir='ltr'><strong>facie</strong></span> <span class='ocrx_word' id='word_1_198' title='bbox 511 2537 569 2590; x_wconf 87' lang='lat' dir='ltr'><strong>stat</strong></span> <span class='ocrx_word' id='word_1_199' title='bbox 585 2529 616 2590; x_wconf 94' lang='lat' dir='ltr'><strong>in</strong></span> <span class='ocrx_word' id='word_1_200' title='bbox 631 2531 763 2611; x_wconf 87' lang='lat' dir='ltr'><strong>potentia</strong></span> <span class='ocrx_word' id='word_1_201' title='bbox 776 2531 847 2604; x_wconf 90' lang='lat' dir='ltr'><strong>Dei,</strong></span> <span class='ocrx_word' id='word_1_202' title='bbox 862 2551 899 2592; x_wconf 88' lang='lat' dir='ltr'><strong>ex</strong></span> <span class='ocrx_word' id='word_1_203' title='bbox 913 2529 1084 2591; x_wconf 83' lang='lat' dir='ltr'><strong>altera-In</strong></span> <span class='ocrx_word' id='word_1_204' title='bbox 1103 2529 1160 2592; x_wconf 92' lang='lat' dir='ltr'><strong>hoc</strong></span> <span class='ocrx_word' id='word_1_205' title='bbox 1177 2530 1264 2612; x_wconf 85' lang='lat' dir='ltr'><strong>signo</strong></span> <span class='ocrx_word' id='word_1_206' title='bbox 1280 2530 1465 2591; x_wconf 84' lang='lat' dir='ltr'><strong>vinces-In</strong></span> <span class='ocrx_word' id='word_1_207' title='bbox 1483 2531 1535 2591; x_wconf 90' lang='lat' dir='ltr'><strong>alio</strong></span> 
     </span>
     <span class='ocr_line' id='line_1_25' title="bbox 351 2626 1533 2708; baseline 0.002 -22"><span class='ocrx_word' id='word_1_208' title='bbox 351 2626 505 2708; x_wconf 85' lang='lat' dir='ltr'><strong>legebatur</strong></span> <span class='ocrx_word' id='word_1_209' title='bbox 525 2645 562 2686; x_wconf 86' lang='lat' dir='ltr'><strong>ex</strong></span> <span class='ocrx_word' id='word_1_210' title='bbox 582 2647 643 2687; x_wconf 88' lang='lat' dir='ltr'><strong>uno</strong></span> <span class='ocrx_word' id='word_1_211' title='bbox 663 2626 845 2688; x_wconf 87' lang='lat' dir='ltr'><strong>latere-In</strong></span> <span class='ocrx_word' id='word_1_212' title='bbox 866 2627 998 2689; x_wconf 88' lang='lat' dir='ltr'><strong>Nomine</strong></span> <span class='ocrx_word' id='word_1_213' title='bbox 1020 2627 1081 2688; x_wconf 94' lang='lat' dir='ltr'><strong>Dei</strong></span> <span class='ocrx_word' id='word_1_214' title='bbox 1100 2627 1201 2688; x_wconf 87' lang='lat' dir='ltr'><strong>Patris</strong></span> <span class='ocrx_word' id='word_1_215' title='bbox 1219 2637 1250 2688; x_wconf 90' lang='lat' dir='ltr'><strong>et</strong></span> <span class='ocrx_word' id='word_1_216' title='bbox 1268 2626 1339 2687; x_wconf 89' lang='lat' dir='ltr'><strong>Filii</strong></span> <span class='ocrx_word' id='word_1_217' title='bbox 1359 2635 1389 2688; x_wconf 89' lang='lat' dir='ltr'><strong>et</strong></span> <span class='ocrx_word' id='word_1_218' title='bbox 1410 2627 1533 2708; x_wconf 74' lang='lat' dir='ltr'><strong>Spiritus</strong></span> 
     </span>
     <span class='ocr_line' id='line_1_26' title="bbox 353 2720 1533 2805; baseline -0.001 -21"><span class='ocrx_word' id='word_1_219' title='bbox 353 2721 456 2784; x_wconf 83' lang='lat' dir='ltr'><strong>Sancti</strong></span> <span class='ocrx_word' id='word_1_220' title='bbox 474 2720 571 2783; x_wconf 87' lang='lat' dir='ltr'><strong>hostes</strong></span> <span class='ocrx_word' id='word_1_221' title='bbox 587 2732 703 2784; x_wconf 85' lang='lat' dir='ltr'><strong>nostros</strong></span> <span class='ocrx_word' id='word_1_222' title='bbox 719 2723 997 2805; x_wconf 77' lang='lat' dir='ltr'><strong>aggredimur-ex</strong></span> <span class='ocrx_word' id='word_1_223' title='bbox 1018 2723 1313 2796; x_wconf 66' lang='lat' dir='ltr'><strong>altero-Domine,</strong></span> <span class='ocrx_word' id='word_1_224' title='bbox 1336 2723 1471 2784; x_wconf 85' lang='lat' dir='ltr'><strong>Dextera</strong></span> <span class='ocrx_word' id='word_1_225' title='bbox 1489 2733 1533 2785; x_wconf 87' lang='lat' dir='ltr'><strong>tua</strong></span> 
     </span>
    </p>
   </div>
   <div class='ocr_carea' id='block_1_4' title="bbox 341 2817 1530 3362">
    <p class='ocr_par' dir='ltr' id='par_1_6' title="bbox 341 2817 1530 3362">
     <span class='ocr_line' id='line_1_27' title="bbox 350 2817 1530 2899; baseline 0.002 -20"><span class='ocrx_word' id='word_1_226' title='bbox 350 2818 446 2880; x_wconf 84' lang='lat' dir='ltr'><strong>vincit</strong></span> <span class='ocrx_word' id='word_1_227' title='bbox 458 2817 566 2879; x_wconf 86' lang='lat' dir='ltr'><strong>hostes.</strong></span> <span class='ocrx_word' id='word_1_228' title='bbox 588 2819 734 2891; x_wconf 82' lang='lat' dir='ltr'><strong>Quartam</strong></span> <span class='ocrx_word' id='word_1_229' title='bbox 748 2819 894 2881; x_wconf 85' lang='lat' dir='ltr'><strong>referebat</strong></span> <span class='ocrx_word' id='word_1_230' title='bbox 906 2818 977 2880; x_wconf 90' lang='lat' dir='ltr'><strong>hinc</strong></span> <span class='ocrx_word' id='word_1_231' title='bbox 991 2819 1259 2899; x_wconf 65' lang='lat' dir='ltr'><strong>quidem-Quod</strong></span> <span class='ocrx_word' id='word_1_232' title='bbox 1273 2819 1371 2881; x_wconf 88' lang='lat' dir='ltr'><strong>fecero</strong></span> <span class='ocrx_word' id='word_1_233' title='bbox 1382 2821 1530 2881; x_wconf 85' lang='lat' dir='ltr'><strong>sectamini</strong></span> 
     </span>
     <span class='ocr_line' id='line_1_28' title="bbox 349 2913 1529 2997; baseline 0.003 -23"><span class='ocrx_word' id='word_1_234' title='bbox 349 2913 505 2976; x_wconf 91' lang='lat' dir='ltr'><strong>-Isthinc</strong></span> <span class='ocrx_word' id='word_1_235' title='bbox 526 2913 767 2976; x_wconf 80' lang='lat' dir='ltr'><strong>vero-Gladius</strong></span> <span class='ocrx_word' id='word_1_236' title='bbox 787 2913 913 2975; x_wconf 88' lang='lat' dir='ltr'><strong>Domini</strong></span> <span class='ocrx_word' id='word_1_237' title='bbox 931 2924 961 2975; x_wconf 92' lang='lat' dir='ltr'><strong>et</strong></span> <span class='ocrx_word' id='word_1_238' title='bbox 979 2913 1115 2976; x_wconf 87' lang='lat' dir='ltr'><strong>cheon.</strong></span> <span class='ocrx_word' id='word_1_239' title='bbox 1158 2915 1324 2987; x_wconf 85' lang='lat' dir='ltr'><strong>Quinctum</strong></span> <span class='ocrx_word' id='word_1_240' title='bbox 1342 2917 1529 2997; x_wconf 83' lang='lat' dir='ltr'><strong>spectandum</strong></span> 
     </span>
     <span class='ocr_line' id='line_1_29' title="bbox 349 3003 1528 3092; baseline 0 -20"><span class='ocrx_word' id='word_1_241' title='bbox 349 3012 498 3092; x_wconf 74' lang='lat' dir='ltr'><strong>praebebat</strong></span> <span class='ocrx_word' id='word_1_242' title='bbox 515 3009 547 3070; x_wconf 89' lang='lat' dir='ltr'><strong>in</strong></span> <span class='ocrx_word' id='word_1_243' title='bbox 564 3009 655 3091; x_wconf 92' lang='lat' dir='ltr'><strong>priori</strong></span> <span class='ocrx_word' id='word_1_244' title='bbox 672 3009 959 3088; x_wconf 86' lang='lat' dir='ltr'><strong>facie—Persequar</strong></span> <span class='ocrx_word' id='word_1_245' title='bbox 976 3009 1114 3070; x_wconf 88' lang='lat' dir='ltr'><strong>inimicos</strong></span> <span class='ocrx_word' id='word_1_246' title='bbox 1132 3030 1223 3085; x_wconf 89' lang='lat' dir='ltr'><strong>meos,</strong></span> <span class='ocrx_word' id='word_1_247' title='bbox 1237 3011 1269 3071; x_wconf 91' lang='lat' dir='ltr'><strong>in</strong></span> <span class='ocrx_word' id='word_1_248' title='bbox 1286 3011 1457 3092; x_wconf 87' lang='lat' dir='ltr'><strong>posteriore,</strong></span> <span class='ocrx_word' id='word_1_249' title='bbox 1472 3003 1528 3073; x_wconf 76' lang='lat' dir='ltr'><strong>Do</strong></span> 
     </span>
     <span class='ocr_line' id='line_1_30' title="bbox 347 3105 1526 3170; baseline 0.001 -3"><span class='ocrx_word' id='word_1_250' title='bbox 347 3108 429 3167; x_wconf 91' lang='lat' dir='ltr'><strong>mine</strong></span> <span class='ocrx_word' id='word_1_251' title='bbox 443 3107 462 3168; x_wconf 76' lang='lat' dir='ltr'><strong>h</strong></span> <span class='ocrx_word' id='word_1_252' title='bbox 474 3126 522 3167; x_wconf 91' lang='lat' dir='ltr'><strong>me</strong></span> <span class='ocrx_word' id='word_1_253' title='bbox 535 3115 630 3168; x_wconf 86' lang='lat' dir='ltr'><strong>stante</strong></span> <span class='ocrx_word' id='word_1_254' title='bbox 643 3127 704 3168; x_wconf 92' lang='lat' dir='ltr'><strong>non</strong></span> <span class='ocrx_word' id='word_1_255' title='bbox 718 3105 840 3167; x_wconf 89' lang='lat' dir='ltr'><strong>timebo.</strong></span> <span class='ocrx_word' id='word_1_256' title='bbox 881 3105 921 3165; x_wconf 88' lang='lat' dir='ltr'><strong>In</strong></span> <span class='ocrx_word' id='word_1_257' title='bbox 939 3114 1021 3168; x_wconf 86' lang='lat' dir='ltr'><strong>sexto</strong></span> <span class='ocrx_word' id='word_1_258' title='bbox 1038 3106 1384 3168; x_wconf 86' lang='lat' dir='ltr'><strong>videbatur-Audaces</strong></span> <span class='ocrx_word' id='word_1_259' title='bbox 1404 3107 1526 3170; x_wconf 90' lang='lat' dir='ltr'><strong>Fortuna</strong></span> 
     </span>
     <span class='ocr_line' id='line_1_31' title="bbox 341 3201 1526 3286; baseline 0.003 -24"><span class='ocrx_word' id='word_1_260' title='bbox 341 3202 598 3285; x_wconf 85' lang='lat' dir='ltr'><strong>juvat-Et-Tu</strong></span> <span class='ocrx_word' id='word_1_261' title='bbox 610 3212 715 3264; x_wconf 90' lang='lat' dir='ltr'><strong>contra</strong></span> <span class='ocrx_word' id='word_1_262' title='bbox 728 3203 885 3264; x_wconf 86' lang='lat' dir='ltr'><strong>audentior</strong></span> <span class='ocrx_word' id='word_1_263' title='bbox 897 3201 949 3262; x_wconf 88' lang='lat' dir='ltr'><strong>ito.</strong></span> <span class='ocrx_word' id='word_1_264' title='bbox 992 3202 1158 3284; x_wconf 87' lang='lat' dir='ltr'><strong>Septimum</strong></span> <span class='ocrx_word' id='word_1_265' title='bbox 1171 3201 1328 3264; x_wconf 86' lang='lat' dir='ltr'><strong>exhibebat</strong></span> <span class='ocrx_word' id='word_1_266' title='bbox 1342 3204 1526 3286; x_wconf 87' lang='lat' dir='ltr'><strong>Epigraphen</strong></span> 
     </span>
     <span class='ocr_line' id='line_1_32' title="bbox 346 3297 1525 3362; baseline 0.003 -3"><span class='ocrx_word' id='word_1_267' title='bbox 346 3298 465 3360; x_wconf 81' lang='lat' dir='ltr'><strong>-&#39;-Cum</strong></span> <span class='ocrx_word' id='word_1_268' title='bbox 480 3299 548 3359; x_wconf 92' lang='lat' dir='ltr'><strong>Deo</strong></span> <span class='ocrx_word' id='word_1_269' title='bbox 560 3306 591 3359; x_wconf 91' lang='lat' dir='ltr'><strong>et</strong></span> <span class='ocrx_word' id='word_1_270' title='bbox 602 3298 776 3360; x_wconf 76' lang='lat' dir='ltr'><strong>victricibus</strong></span> <span class='ocrx_word' id='word_1_271' title='bbox 793 3298 884 3358; x_wconf 87' lang='lat' dir='ltr'><strong>armis</strong></span> <span class='ocrx_word' id='word_1_272' title='bbox 901 3307 932 3359; x_wconf 87' lang='lat' dir='ltr'><strong>et</strong></span> <span class='ocrx_word' id='word_1_273' title='bbox 947 3299 1128 3360; x_wconf 87' lang='lat' dir='ltr'><strong>certantibus</strong></span> <span class='ocrx_word' id='word_1_274' title='bbox 1148 3297 1271 3360; x_wconf 82' lang='lat' dir='ltr'><strong>offertur</strong></span> <span class='ocrx_word' id='word_1_275' title='bbox 1288 3299 1433 3362; x_wconf 86' lang='lat' dir='ltr'><strong>Victoria.</strong></span> <span class='ocrx_word' id='word_1_276' title='bbox 1472 3301 1525 3362; x_wconf 89' lang='lat' dir='ltr'><strong>Oo-</strong></span> 
     </span>
    </p>
   </div>
   <div class='ocr_carea' id='block_1_5' title="bbox 236 3380 1523 3481">
    <p class='ocr_par' dir='ltr' id='par_1_7' title="bbox 236 3380 1523 3481">
     <span class='ocr_line' id='line_1_33' title="bbox 236 3380 1523 3481; baseline -0.001 -25"><span class='ocrx_word' id='word_1_277' title='bbox 236 3381 243 3395; x_wconf 75' lang='grc'>’</span> <span class='ocrx_word' id='word_1_278' title='bbox 345 3405 446 3456; x_wconf 80' lang='lat' dir='ltr'><strong>tarum</strong></span> <span class='ocrx_word' id='word_1_279' title='bbox 460 3394 503 3455; x_wconf 89' lang='lat' dir='ltr'><strong>ita</strong></span> <span class='ocrx_word' id='word_1_280' title='bbox 514 3380 839 3481; x_wconf 66' lang='lat' dir='ltr'><strong>loquebatua-Corde</strong></span> <span class='ocrx_word' id='word_1_281' title='bbox 852 3393 948 3454; x_wconf 89' lang='lat' dir='ltr'><strong>clamo</strong></span> <span class='ocrx_word' id='word_1_282' title='bbox 962 3403 992 3456; x_wconf 89' lang='lat' dir='ltr'><strong>et</strong></span> <span class='ocrx_word' id='word_1_283' title='bbox 1005 3394 1142 3456; x_wconf 86' lang='lat' dir='ltr'><strong>manibus</strong></span> <span class='ocrx_word' id='word_1_284' title='bbox 1156 3414 1266 3477; x_wconf 79' lang='lat' dir='ltr'><strong>pugno.</strong></span> <span class='ocrx_word' id='word_1_285' title='bbox 1308 3395 1433 3457; x_wconf 89' lang='lat' dir='ltr'><strong>Nonum</strong></span> <span class='ocrx_word' id='word_1_286' title='bbox 1448 3396 1523 3458; x_wconf 86' lang='lat' dir='ltr'><strong>deni·</strong></span> 
     </span>
    </p>
   </div>
   <div class='ocr_carea' id='block_1_6' title="bbox 341 3484 1520 3677">
    <p class='ocr_par' dir='ltr' id='par_1_8' title="bbox 341 3484 1520 3677">
     <span class='ocr_line' id='line_1_34' title="bbox 343 3484 1520 3574; baseline -0.003 -20"><span class='ocrx_word' id='word_1_287' title='bbox 343 3513 402 3574; x_wconf 88' lang='lat' dir='ltr'><strong>que</strong></span> <span class='ocrx_word' id='word_1_288' title='bbox 419 3511 456 3553; x_wconf 86' lang='lat' dir='ltr'><strong>ex</strong></span> <span class='ocrx_word' id='word_1_289' title='bbox 470 3489 566 3571; x_wconf 87' lang='lat' dir='ltr'><strong>prima</strong></span> <span class='ocrx_word' id='word_1_290' title='bbox 583 3484 660 3552; x_wconf 63' lang='lat' dir='ltr'><strong>fficio</strong></span> <span class='ocrx_word' id='word_1_291' title='bbox 677 3488 1066 3571; x_wconf 75' lang='lat' dir='ltr'><strong>pmferebat-Proecinxit</strong></span> <span class='ocrx_word' id='word_1_292' title='bbox 1084 3510 1132 3552; x_wconf 91' lang='lat' dir='ltr'><strong>me</strong></span> <span class='ocrx_word' id='word_1_293' title='bbox 1150 3491 1260 3553; x_wconf 80' lang='lat' dir='ltr'><strong>virtute</strong></span> <span class='ocrx_word' id='word_1_294' title='bbox 1278 3492 1318 3553; x_wconf 92' lang='lat' dir='ltr'><strong>ad</strong></span> <span class='ocrx_word' id='word_1_295' title='bbox 1335 3490 1520 3553; x_wconf 85' lang='lat' dir='ltr'><strong>bellum-ox</strong></span> 
     </span>
     <span class='ocr_line' id='line_1_35' title="bbox 341 3584 1519 3677; baseline -0.003 -25"><span class='ocrx_word' id='word_1_296' title='bbox 341 3584 642 3664; x_wconf 71' lang='lat' dir='ltr'><strong>secunda-Jehova</strong></span> <span class='ocrx_word' id='word_1_297' title='bbox 650 3593 799 3648; x_wconf 87' lang='lat' dir='ltr'><strong>memento</strong></span> <span class='ocrx_word' id='word_1_298' title='bbox 809 3585 877 3677; x_wconf 78' lang='lat' dir='ltr'><strong>mei.</strong></span> <span class='ocrx_word' id='word_1_299' title='bbox 919 3585 1064 3650; x_wconf 79' lang='lat' dir='ltr'><strong>Mousbat</strong></span> <span class='ocrx_word' id='word_1_300' title='bbox 1073 3587 1185 3650; x_wconf 85' lang='lat' dir='ltr'><strong>interea</strong></span> <span class='ocrx_word' id='word_1_301' title='bbox 1195 3587 1352 3650; x_wconf 86' lang='lat' dir='ltr'><strong>Generalis</strong></span> <span class='ocrx_word' id='word_1_302' title='bbox 1362 3587 1519 3650; x_wconf 85' lang='lat' dir='ltr'><strong>Baunerius</strong></span> 
     </span>
    </p>
   </div>
   <div class='ocr_carea' id='block_1_7' title="bbox 0 0 1618 4700">
    <p class='ocr_par' dir='ltr' id='par_1_9' title="bbox 0 0 1618 4700">
     <span class='ocr_line' id='line_1_36' title="bbox 0 0 1618 4700; baseline 0 8"><span class='ocrx_word' id='word_1_303' title='bbox 0 0 1618 4700; x_wconf 95' lang='lat' dir='ltr'><strong> </strong></span> 
     </span>
    </p>
   </div>
  </div>
 </body>
</html>
