3225 4700
347 340 411 405 226
743 336 1151 405 ITINERARIUM.

351 490 500 552 Hollundi
513 510 551 552 ex
567 498 693 573 utreque
706 500 790 573 parte
803 491 952 573 progressi
965 490 1148 553 simulabant
1159 498 1312 571 tunquam
1326 488 1360 551 si
1374 487 1522 550 unimam
1533 488 1564 549 ad

350 587 411 647 dno
434 586 493 648 elia
515 586 657 650 fortalitia
677 591 759 650 circa
781 587 925 649 Hulstam
947 587 1136 666 adjecissent,
1162 587 1276 650 Comes
1300 606 1388 649 vero
1414 584 1563 645 Henrieus

351 682 516 744 casimirus
537 683 610 744 dum
626 683 800 745 fortalitium
822 683 1023 745 Nassoviense
1038 684 1124 765 petit,
1137 683 1268 745 militum
1294 701 1439 745 suorum
1459 692 1561 761 purten

350 778 486 841 adalind
507 780 605 841 adhuc
619 780 805 857 fortalitium,
822 780 1018 842 Moeruveert
1036 781 1160 857 dictum,
1175 780 1343 862 applicet:
1367 779 1406 838 in
1421 798 1488 859 quo
1502 778 1563 838 Hir·

350 876 420 957 pani
433 896 585 938 armorum
598 876 752 938 hostilium
767 878 892 960 strepitu
906 878 1027 939 excitati
1043 878 1083 939 ad
1096 896 1180 938 orme
1192 876 1469 938 conclamarunt:
1493 874 1562 935 venit

350 970 471 1033 interim
485 973 524 1034 ad
537 972 735 1034 Nassovieuse
746 973 922 1036 fortalitium
932 972 1085 1035 Dominus
1097 974 1136 1035 de
1147 972 1326 1034 Hauterive
1340 972 1379 1032 in
1391 990 1561 1031 succursum

351 1066 465 1129 Comiti
479 1067 628 1130 casimiro
647 1088 683 1130 ac
697 1088 768 1131 eum
784 1070 847 1131 suis
861 1070 1063 1150 undequaque
1078 1068 1184 1151 cingit.
1225 1066 1435 1129 Praesidium
1450 1065 1559 1127 interim

352 1162 554 1246 Hispanicum
574 1164 727 1247 octoginta
742 1163 922 1227 selectorum
939 1164 1070 1226 militum
1088 1184 1159 1225 oum
1179 1182 1234 1225 suo
1254 1162 1430 1225 Praefecto
1450 1162 1559 1244 egregie

352 1260 531 1321 retundebat
548 1260 693 1341 impetum
707 1259 856 1336 hostilem,
870 1280 940 1321 cum
953 1280 1025 1322 uero
1039 1260 1183 1342 paulatim
1200 1259 1383 1320 aduersarii
1401 1258 1559 1321 invalesce

350 1364 427 1430 rent,
438 1375 474 1418 ao
484 1357 532 1418 vis
541 1356 690 1437 potentior
699 1356 794 1430 lieret,
805 1377 897 1438 quam
907 1376 974 1439 quse
981 1366 1044 1418 tum
1053 1356 1125 1417 exili
1132 1354 1222 1417 militi
1232 1355 1381 1430 cederet,
1393 1354 1558 1417 Hollsudos

349 1452 472 1513 tandem
485 1452 645 1515 admittere
658 1474 720 1515 nou
733 1454 797 1516 sine
810 1453 944 1515 inimice
957 1452 1051 1535 partis
1064 1452 1151 1514 clade
1163 1450 1324 1533 compulsi
1339 1462 1431 1515 sunt.

392 1547 472 1610 Hoec
489 1558 551 1610 taur
569 1550 723 1631 auspicata
738 1550 827 1613 initia
843 1560 879 1613 ut
895 1550 1024 1612 Aristus
1042 1548 1200 1623 intellexit,
1219 1557 1383 1631 tanquam
1402 1550 1433 1611 si
1446 1550 1486 1611 eb
1501 1550 1557 1631 ipso

352 1642 453 1706 Marte
463 1646 502 1707 de
511 1646 690 1709 certitudine
699 1647 833 1711 victorie
843 1646 949 1709 fuisset
959 1646 1106 1709 eruditus.
1147 1645 1272 1707 Relicta
1281 1646 1462 1717 Asaenede,
1475 1655 1554 1707 tutem

350 1741 597 1806 circumviciuam
610 1744 738 1825 patriam
750 1745 954 1807 tumultuariis
966 1743 1058 1805 armis
1066 1742 1165 1805 subito
1173 1742 1356 1825 opprimere
1364 1742 1485 1824 sibique
1492 1742 1552 1802 sub-

352 1838 423 1900 dere
444 1839 579 1917 molitur,
602 1841 656 1903 sed
680 1842 731 1903 ubi
753 1842 793 1903 ad
814 1840 993 1903 fortalitium
1017 1839 1050 1901 S.
1071 1840 1173 1901 Anne
1195 1839 1411 1921 appropiavit,
1434 1857 1471 1899 sc
1492 1836 1551 1898 istic

352 1934 506 2018 Hispanos
518 1936 625 2019 vigiles
639 1938 793 2019 comperit,
808 1936 862 2019 qui
875 1937 966 1998 armis
979 1956 1063 1998 erma
1074 1935 1235 1997 retundere
1248 1935 1286 1996 in
1296 1937 1464 2018 procinctu
1477 1942 1551 1997 erant

349 2032 428 2113 (jum
445 2033 526 2094 enim
540 2034 579 2095 de
592 2034 723 2096 adventu
740 2033 873 2095 hostium
884 2034 1026 2095 certiores
1039 2031 1161 2107 redditi,
1175 2036 1349 2115 coegerant
1361 2042 1475 2113 praeter
1489 2050 1550 2092 cou-

350 2138 449 2190 suetos
465 2128 575 2190 milites
591 2130 718 2192 rusticos
733 2129 817 2192 mille
835 2138 1079 2210 accesseruntque
1096 2129 1221 2209 insuper
1241 2138 1361 2211 proeter
1375 2127 1504 2191 Comitis
1518 2126 1549 2186 de

352 2224 508 2301 Fonteius,
524 2226 595 2288 Dou
612 2226 636 2287 J
637 2225 739 2307 osephi
758 2227 797 2287 de
817 2226 961 2301 daveda,
981 2234 1013 2287 et
1029 2225 1158 2288 Comitis
1178 2224 1336 2286 Fonclara
1353 2224 1476 2296 milites,
1489 2222 1546 2283 ulie

351 2339 470 2403 qnoque
486 2321 632 2406 Legiones
651 2322 844 2405 Hispunicse)
855 2341 908 2404 spe
925 2340 980 2384 sua
996 2342 1029 2384 se
1046 2322 1218 2384 fraudatum
1235 2321 1347 2385 sensit
1392 2320 1444 2384 Ne
1457 2330 1546 2383 tanen

351 2418 444 2502 grutis
456 2418 571 2480 venisse
585 2428 750 2501 putaretur,
765 2419 900 2481 Martem
913 2417 1042 2499 experiri
1055 2418 1162 2489 uoluit,
1176 2419 1262 2481 unde
1280 2439 1339 2501 per
1357 2419 1441 2480 leves
1453 2417 1545 2479 uelita-

351 2513 447 2576 tiones
468 2523 530 2576 tam
550 2515 723 2576 truculente
741 2535 812 2577 mox
834 2533 938 2598 pugna
956 2513 1108 2594 utrimque
1126 2514 1249 2591 exarsit,
1276 2525 1315 2578 nt
1335 2513 1418 2596 stylo
1438 2509 1545 2590 mequi

351 2609 509 2672 historicus
517 2609 643 2672 diffidet.
673 2609 841 2692 Postquam
849 2609 931 2672 euim
939 2608 1049 2672 Comes
1059 2608 1214 2672 Heurions
1221 2611 1407 2686 casimirus,
1418 2603 1543 2691 proximi

351 2703 433 2770 felici
452 2705 640 2786 expeditione
652 2706 831 2783 animosior,
845 2726 917 2769 cum
934 2727 989 2768 sua
1003 2706 1136 2790 legione
1149 2706 1283 2771 fidenter
1300 2725 1462 2792 eggressus
1476 2708 1544 2764 esset

351 2795 525 2865 tertulinum
540 2801 660 2864 Sauotae
674 2802 786 2876 Anum
799 2823 871 2866 mcx
883 2803 913 2866 ei
929 2824 963 2866 se
978 2804 1085 2887 objicit
1101 2803 1182 2886 legio
1199 2803 1333 2886 Josephi
1350 2805 1391 2866 de
1405 2799 1540 2866 sordre

352 2900 405 2982 qni
427 2899 605 2983 peritissime
626 2897 850 2962 Hollundorum
871 2901 1002 2982 imwtus
1021 2900 1143 2963 eludere
1164 2921 1234 2963 suos
1256 2900 1383 2975 docuit,
1404 2894 1542 2959 accedunt

351 3017 424 3060 mox
444 3017 482 3058 ex
502 3003 629 3076 utraque
651 3006 736 3078 parte
756 2996 827 3059 ulier
846 3008 937 3078 atque
958 2997 1026 3059 aliae
1047 2996 1189 3080 legiones,
1211 3006 1371 3080 aguntque
1393 2999 1494 3056 contra
1508 3003 1538 3045 w

353 3091 462 3156 fistulis
475 3093 686 3166 tormentatio,
700 3091 832 3167 ensibus,
846 3093 982 3174 aliisque,
996 3113 1064 3174 quse
1074 3093 1184 3174 cuique
1196 3093 1282 3155 furor
1294 3091 1448 3162 mouebat
1457 3079 1539 3146 amit
1556 3127 1565 3144 ·

352 3190 427 3250 adeo
441 3197 621 3265 constanter,
635 3198 670 3252 ut
681 3209 751 3252 cum
764 3201 872 3253 neutra
883 3209 954 3272 pars
966 3191 1053 3253 alteri
1066 3192 1174 3253 cedere
1182 3190 1285 3264 vellet,
1301 3189 1449 3266 utrimque
1457 3177 1537 3240 wit·

353 3293 421 3346 rent
444 3283 577 3366 plurimi.
618 3285 731 3370 Pugna
753 3285 820 3349 haee
840 3288 881 3349 ud
903 3277 1031 3368 quatuor
1053 3287 1177 3350 omuino
1200 3286 1291 3348 horas
1317 3281 1412 3346 dubia
1429 3287 1535 3352 tempti

355 3379 479 3442 victoria
497 3381 671 3444 continuata
688 3391 743 3456 est,
763 3381 807 3444 ita
826 3391 861 3445 ut
877 3382 941 3464 ipse
958 3382 1048 3446 etium
1068 3382 1179 3447 Comes
1200 3381 1357 3445 Heuricut
1378 3367 1532 3437 (ΜΝ

352 3476 518 3539 secundum
533 3475 691 3540 humerum
710 3478 835 3563 globulo
851 3478 1003 3560 plumbeo,
1019 3489 1050 3541 et
1064 3479 1126 3541 ulio
1145 3497 1266 3560 quoqne
1282 3473 1446 3540 secuudum
1462 3465 1531 3524 lum

352 3573 458 3636 educto
471 3571 619 3636 lethaliter
631 3575 778 3638 sauciatus
790 3575 892 3651 fuerit,
905 3584 996 3656 atque
1009 3577 1050 3638 ad
1062 3583 1123 3638 tres
1136 3576 1216 3658 imas
1224 3574 1313 3636 hores
1326 3571 1403 3631 inter
1411 3568 1530 3625 mortu&

352 3691 418 3732 rum
432 3669 579 3732 caderem
586 3671 729 3751 jacuerit,
743 3671 843 3753 quoad
856 3672 979 3734 taudem
992 3671 1013 3733 d
1024 3671 1087 3734 suis
1103 3671 1235 3754 agnitus,
1248 3664 1373 3732 mortuis
1387 3660 1528 3734 nemim
