3225 4700
319 305 377 368 178
700 300 1117 369 lTlNERARIUM.

316 457 432 518 naviter
454 456 638 537 exequendo.
689 454 796 535 Itaque
820 455 996 517 Bemardus
1016 452 1226 516 Wimariensis
1248 446 1516 532 septimodecimo

316 553 339 616 J
342 554 395 615 ulii
416 553 510 614 vitam
532 561 563 613 et
585 550 689 612 odium
712 552 744 611 in
768 553 923 612 Austriam
947 552 1071 613 domum
1091 571 1126 612 ac
1149 548 1316 631 Imperium
1339 547 1516 607 Romanum

316 649 419 711 multis
431 647 601 710 exitialibus
614 648 725 729 praeliis
738 647 847 709 nobilis
860 647 977 710 elausit.

357 745 526 807 Multorum
547 753 619 807 tunc
636 744 848 827 praeclarorum
868 745 1002 807 virorum
1023 752 1161 806 constans
1176 741 1234 803 tuit
1252 760 1367 810 sensus,
1385 746 1515 798 mortem
1599 800 1600 819 ,

319 842 416 904 Ducis
430 842 563 924 Imperio
576 841 716 903 Romano
728 842 853 904 omuino
871 840 962 903 fuisse
978 841 1168 902 immaturam
1182 848 1212 900 et
1224 838 1404 908 luctuosam,
1417 854 1518 916 quau·

317 938 480 1018 doqaidem
491 945 631 999 tractasse
641 938 680 998 dc
690 957 764 1018 pace
774 956 844 998 cum
856 936 976 999 Cessare
985 936 1175 1009 stabilienda,
1187 942 1217 996 et
1227 934 1325 996 reditu
1338 934 1370 993 in
1385 932 1517 1015 gratiam

318 1033 482 1096 dicebatur.
517 1034 592 1098 Vidi
605 1054 724 1116 quoque
738 1033 848 1115 apertis
862 1034 981 1114 seriptis
994 1034 1093 1115 palam
1107 1031 1178 1093 ferri
1190 1032 1309 1091 Ducem
1320 1028 1517 1090 Bernardum

318 1149 384 1191 earu
397 1131 436 1192 ob
447 1151 578 1204 causam,
588 1151 679 1210 quam
692 1130 795 1192 Gallia
804 1129 985 1211 exploratam
994 1128 1141 1204 hahuerit,
1152 1125 1344 1189 clandestinis
1354 1124 1518 1186 Gallorum

318 1226 588 1288 machinationibus
597 1246 714 1288 veneno
723 1228 890 1288 extinctum
901 1247 975 1299 esse,
986 1246 1042 1308 ego
1056 1227 1088 1287 id
1102 1246 1162 1285 non
1172 1224 1260 1286 facile
1269 1244 1306 1283 ex
1315 1242 1363 1283 me
1372 1221 1517 1291 dixerim,

318 1324 395 1385 fides
409 1325 447 1386 sit
460 1345 551 1408 penes
564 1332 725 1384 auctorem.
767 1324 897 1405 Ipseque
912 1324 985 1383 Dux
998 1342 1058 1383 non
1072 1321 1168 1383 multo
1183 1329 1253 1382 ante
1269 1320 1384 1381 obitum
1402 1318 1518 1378 dixisse
1599 1374 1600 1409 ἕ

318 1421 423 1494 fertur,
444 1420 501 1482 sibi
519 1440 589 1480 cum
606 1420 688 1501 pisce
706 1440 857 1482 venenum
875 1441 938 1483 csse
956 1420 1146 1501 propinatum
1163 1417 1358 1490 athanatum,
1376 1424 1516 1477 suctores

318 1531 418 1579 tamen
430 1527 492 1579 tam
504 1516 644 1579 venenati
657 1517 775 1578 consilii
788 1538 943 1598 uunquam
957 1517 1061 1579 edixit.
1599 1504 1600 1523 ¹

357 1613 475 1696 Corpus
489 1615 553 1697 ejus
566 1621 633 1694 post
642 1623 769 1675 mortem
780 1622 917 1695 apertum
927 1622 972 1676 est
981 1622 1011 1675 ct
1020 1613 1203 1674 aromatibus
1216 1611 1278 1673 ritu
1288 1610 1320 1671 in
1331 1609 1514 1692 Principum

318 1710 473 1773 hrnerihus
486 1711 594 1772 imitato
608 1712 763 1772 conditum
777 1720 832 1788 est,
846 1711 1008 1772 multorum
1023 1712 1113 1772 ctiam
1126 1708 1312 1771 medicorum
1325 1706 1384 1769 fuit
1396 1718 1517 1768 senten-
1599 1728 1600 1787 3

317 1807 369 1884 tia,
388 1807 486 1888 ipsum
504 1808 643 1889 pestifera
659 1809 720 1884 lue,
740 1830 809 1889 quas
828 1808 939 1890 passim
955 1817 1026 1869 tune
1041 1827 1094 1889 per
1107 1805 1272 1868 exercitum
1287 1804 1385 1865 Ducis
1397 1824 1516 1886 grassa-
1599 1796 1600 1809 ¹

316 1905 403 1966 batur
416 1905 584 1985 multosque
602 1905 700 1966 indies
715 1905 883 1980 hauriebat,
901 1905 1077 1966 decessisse:
1099 1903 1154 1965 sed
1166 1904 1299 1963 maxima
1311 1900 1364 1962 illa
1376 1902 1515 1963 omnium

316 1999 408 2084 pestis
420 2008 474 2076 est,
490 2001 612 2081 quando
626 2002 759 2063 toxicum
777 2002 875 2083 plenis
893 2000 1004 2083 patinis
1022 2001 1177 2083 oggeritur
1190 2000 1415 2082 ingeriturque;
1436 2020 1514 2082 prae·
1599 2030 1600 2067 r

317 2097 422 2159 dicans
434 2098 488 2178 qui
502 2097 626 2160 funebre
640 2098 772 2181 elogium
781 2100 847 2182 ejus
861 2098 967 2159 honori
981 2099 1061 2180 typis
1071 2097 1198 2178 exprimi
1214 2097 1295 2169 feeit,
1305 2098 1416 2159 multas
1426 2098 1516 2159 affert

316 2193 421 2255 mortis
434 2214 537 2255 causas
551 2195 687 2269 morales,
698 2195 777 2257 inter
786 2215 862 2277 quas
875 2196 957 2256 illam
967 2194 1152 2275 probabilem
1163 2194 1297 2265 adducit,
1308 2194 1399 2274 quod,
1411 2196 1514 2256 nescio

316 2312 356 2353 an
370 2291 435 2375 ipso
444 2291 624 2354 connivente
637 2291 722 2354 miles
731 2291 797 2374 ejus
810 2291 1026 2355 Pontissalinm
1040 2292 1157 2372 aliaque
1172 2291 1362 2374 Burgundiae
1372 2291 1438 2352 loca
1447 2292 1514 2353 sine

316 2387 485 2450 rationabili
499 2408 589 2449 causa
602 2391 810 2450 concremarit.
834 2389 917 2452 Solet
930 2409 1000 2450 sane
1013 2390 1099 2451 Deus
1111 2389 1256 2451 scelerum
1267 2388 1348 2450 ultor
1357 2389 1515 2450 multocies

316 2485 448 2546 militum
462 2485 603 2546 ferociam
617 2483 649 2544 in
665 2486 805 2547 Ducibus
819 2485 960 2567 plectere,
975 2487 1034 2548 nisi
1047 2486 1105 2568 ipsi
1117 2485 1221 2548 sedule
1235 2485 1267 2545 in
1281 2485 1314 2549 id
1324 2485 1512 2562 incumbant,

316 2592 352 2643 ut
371 2579 499 2663 tempori
519 2583 743 2665 comprimatur,
763 2605 799 2647 aa
817 2588 929 2662 severe,
947 2585 1066 2668 justitia
1084 2585 1208 2660 arbitra,
1226 2585 1391 2666 puniantur
1406 2586 1513 2668 gravia

315 2676 435 2740 delicta.

358 2772 448 2835 Nona
461 2775 580 2837 decima
591 2775 615 2837 J
617 2777 670 2837 ulii
684 2778 768 2839 triste
787 2779 892 2840 Suecis
910 2778 1001 2842 funus
1020 2781 1186 2864 Neoburgo
1207 2791 1345 2842 avectum
1364 2789 1417 2842 est.
1458 2781 1512 2841 Ad

318 2870 413 2952 ripam
433 2871 534 2932 Rheni
554 2887 614 2933 tres
633 2872 766 2955 legiones
784 2875 921 2956 peditum
945 2878 1143 2958 expectabant
1164 2897 1234 2938 eum
1255 2885 1355 2938 turma
1374 2875 1512 2957 equitum

316 2968 471 3049 ipsiusmet
492 2969 641 3030 demortui
664 2970 772 3032 Ducis.
814 2972 962 3034 Essednm
976 2993 1038 3054 quc
1056 2973 1219 3036 vehebatur
1237 2973 1325 3057 nigro
1343 2993 1443 3054 panno
1458 2973 1511 3034 ob·

316 3065 441 3126 ductum
465 3077 537 3141 erat,
561 3066 702 3147 equisex
721 3067 774 3147 qui
794 3067 871 3129 illud
889 3067 1048 3130 trahebant
1067 3069 1175 3151 pullati
1196 3089 1315 3150 quoque
1332 3069 1512 3130 incedebant

316 3160 348 3220 in
369 3161 499 3224 tristitiae
522 3163 690 3223 communis
708 3174 936 3245 argumentum:
959 3166 1060 3245 itaque
1082 3167 1322 3248 precedentibus
1344 3165 1422 3240 aliis,
1443 3165 1510 3226 aliis

315 3256 561 3336 subsequentibus
579 3256 739 3319 Brisacum
752 3259 887 3320 medium
907 3261 985 3322 inter
1000 3263 1111 3324 milites
1125 3263 1288 3325 deductum
1311 3272 1365 3325 est.
1407 3265 1510 3324 Funus

222 3423 226 3427 ,
315 3352 465 3434 prosecuti
475 3362 554 3426 sunt,
566 3354 676 3414 Comes
685 3354 842 3415 Palatinus
853 3354 876 3416 J
879 3357 975 3428 unior,
985 3359 1143 3420 Generalis
1154 3361 1257 3441 Major
1267 3359 1388 3435 Erlech,
1402 3359 1510 3420 Domi·
1598 3357 1600 3374 ⁴

315 3469 372 3508 nus
380 3446 517 3523 Mdclrel,
534 3450 643 3510 Comes
654 3450 830 3521 Nassovius,
840 3451 990 3514 Colonelli
1002 3454 1139 3526 Oeheim‚
1150 3455 1255 3518 Moser
1264 3457 1374 3538 aliique
1384 3457 1508 3536 plurimi

314 3564 352 3606 ex
365 3543 550 3618 officialibus,
566 3546 785 3606 comitabantur
797 3566 914 3626 quoque
926 3558 991 3610 atro
1003 3552 1171 3613 circundati
1185 3555 1296 3614 amictu
1311 3563 1457 3635 quotquot
1470 3555 1509 3614 dc

314 3640 382 3702 auli
393 3641 510 3703 fuerant
521 3641 683 3722 Principis.
719 3640 878 3704 Brisacum
888 3654 1053 3709 otrentum
1065 3657 1119 3724 est,
1133 3653 1329 3731 expectabant
1343 3653 1381 3714 ad
1396 3652 1508 3733 primu·
