<?xml version="1.0" encoding="UTF-8"?>
<!DOCTYPE html PUBLIC "-//W3C//DTD XHTML 1.0 Transitional//EN"
    "http://www.w3.org/TR/xhtml1/DTD/xhtml1-transitional.dtd">
<html xmlns="http://www.w3.org/1999/xhtml" xml:lang="en" lang="en">
 <head>
  <title>
</title>
<meta http-equiv="Content-Type" content="text/html;charset=utf-8" />
  <meta name='ocr-system' content='tesseract 3.04.00' />
  <meta name='ocr-capabilities' content='ocr_page ocr_carea ocr_par ocr_line ocrx_word'/>
</head>
<body>
  <div class='ocr_page' id='page_1' title='image "./itinerariumthom00kerngoog_0525.png"; bbox 0 0 3225 4700; ppageno 0'>
   <div class='ocr_carea' id='block_1_1' title="bbox 493 367 1290 437">
    <p class='ocr_par' dir='ltr' id='par_1_1' title="bbox 493 367 1290 437">
     <span class='ocr_line' id='line_1_1' title="bbox 493 367 1290 437; baseline -0.003 -4"><span class='ocrx_word' id='word_1_1' title='bbox 493 367 896 437; x_wconf 78' lang='lat' dir='ltr'><strong><em>ITINERARIUM.</em></strong></span> <span class='ocrx_word' id='word_1_2' title='bbox 1226 368 1290 432; x_wconf 82' lang='lat'><strong>³13</strong></span> 
     </span>
    </p>
   </div>
   <div class='ocr_carea' id='block_1_2' title="bbox 84 520 1292 3861">
    <p class='ocr_par' dir='ltr' id='par_1_2' title="bbox 84 520 1292 676">
     <span class='ocr_line' id='line_1_2' title="bbox 84 520 1292 607; baseline 0.005 -29"><span class='ocrx_word' id='word_1_3' title='bbox 84 524 168 578; x_wconf 85' lang='lat' dir='ltr'><strong>runt</strong></span> <span class='ocrx_word' id='word_1_4' title='bbox 179 534 236 598; x_wconf 89' lang='lat' dir='ltr'><strong>per</strong></span> <span class='ocrx_word' id='word_1_5' title='bbox 247 536 338 599; x_wconf 88' lang='lat' dir='ltr'><strong>quem</strong></span> <span class='ocrx_word' id='word_1_6' title='bbox 351 520 422 581; x_wconf 70' lang='lat' dir='ltr'><strong>sads</strong></span> <span class='ocrx_word' id='word_1_7' title='bbox 435 521 578 585; x_wconf 89' lang='lat' dir='ltr'><strong>videbant</strong></span> <span class='ocrx_word' id='word_1_8' title='bbox 589 533 702 605; x_wconf 86' lang='lat' dir='ltr'><strong>quauta</strong></span> <span class='ocrx_word' id='word_1_9' title='bbox 713 535 834 607; x_wconf 90' lang='lat' dir='ltr'><strong>possent</strong></span> <span class='ocrx_word' id='word_1_10' title='bbox 847 524 1061 607; x_wconf 89' lang='lat' dir='ltr'><strong>irruptionibus</strong></span> <span class='ocrx_word' id='word_1_11' title='bbox 1071 524 1174 586; x_wconf 85' lang='lat' dir='ltr'><strong>inferri</strong></span> <span class='ocrx_word' id='word_1_12' title='bbox 1184 523 1292 584; x_wconf 84' lang='lat' dir='ltr'><strong>nostris</strong></span> 
     </span>
     <span class='ocr_line' id='line_1_3' title="bbox 84 612 320 676; baseline 0.013 -6"><span class='ocrx_word' id='word_1_13' title='bbox 84 612 185 673; x_wconf 86' lang='lat' dir='ltr'><strong>rebus</strong></span> <span class='ocrx_word' id='word_1_14' title='bbox 198 614 320 676; x_wconf 87' lang='lat' dir='ltr'><strong>damna.</strong></span> 
     </span>
    </p>

    <p class='ocr_par' dir='ltr' id='par_1_3' title="bbox 84 710 1289 2050">
     <span class='ocr_line' id='line_1_4' title="bbox 135 710 1289 797; baseline 0.003 -26"><span class='ocrx_word' id='word_1_15' title='bbox 135 710 206 772; x_wconf 89' lang='lat' dir='ltr'><strong>Nec</strong></span> <span class='ocrx_word' id='word_1_16' title='bbox 218 711 333 773; x_wconf 89' lang='lat' dir='ltr'><strong>minore</strong></span> <span class='ocrx_word' id='word_1_17' title='bbox 346 712 453 774; x_wconf 87' lang='lat' dir='ltr'><strong>ardore</strong></span> <span class='ocrx_word' id='word_1_18' title='bbox 466 714 679 777; x_wconf 76' lang='lat' dir='ltr'><strong>sollicitabatur</strong></span> <span class='ocrx_word' id='word_1_19' title='bbox 693 717 862 779; x_wconf 82' lang='lat' dir='ltr'><strong>Wauclrins</strong></span> <span class='ocrx_word' id='word_1_20' title='bbox 881 717 963 778; x_wconf 89' lang='lat' dir='ltr'><strong>urbis</strong></span> <span class='ocrx_word' id='word_1_21' title='bbox 980 718 1104 777; x_wconf 74' lang='lat' dir='ltr'><strong>obsessa</strong></span> <span class='ocrx_word' id='word_1_22' title='bbox 1121 715 1289 797; x_wconf 74' lang='lat' dir='ltr'><strong>praet&#39;ectus,</strong></span> 
     </span>
     <span class='ocr_line' id='line_1_5' title="bbox 84 807 1288 899; baseline 0.003 -32"><span class='ocrx_word' id='word_1_23' title='bbox 84 826 156 885; x_wconf 89' lang='lat' dir='ltr'><strong>qua</strong></span> <span class='ocrx_word' id='word_1_24' title='bbox 167 807 284 869; x_wconf 87' lang='lat' dir='ltr'><strong>scilicet</strong></span> <span class='ocrx_word' id='word_1_25' title='bbox 297 809 411 870; x_wconf 89' lang='lat' dir='ltr'><strong>ratione</strong></span> <span class='ocrx_word' id='word_1_26' title='bbox 424 830 455 871; x_wconf 90' lang='lat' dir='ltr'><strong>se</strong></span> <span class='ocrx_word' id='word_1_27' title='bbox 469 820 574 873; x_wconf 89' lang='lat' dir='ltr'><strong>contra</strong></span> <span class='ocrx_word' id='word_1_28' title='bbox 586 832 706 874; x_wconf 91' lang='lat' dir='ltr'><strong>omnem</strong></span> <span class='ocrx_word' id='word_1_29' title='bbox 720 812 859 899; x_wconf 84' lang='lat' dir='ltr'><strong>bostilem</strong></span> <span class='ocrx_word' id='word_1_30' title='bbox 871 814 1015 894; x_wconf 87' lang='lat' dir='ltr'><strong>impetum</strong></span> <span class='ocrx_word' id='word_1_31' title='bbox 1026 812 1166 883; x_wconf 88' lang='lat' dir='ltr'><strong>muniret,</strong></span> <span class='ocrx_word' id='word_1_32' title='bbox 1177 811 1288 893; x_wconf 91' lang='lat' dir='ltr'><strong>quippe</strong></span> 
     </span>
     <span class='ocr_line' id='line_1_6' title="bbox 85 904 1288 990; baseline 0.006 -27"><span class='ocrx_word' id='word_1_33' title='bbox 85 904 148 982; x_wconf 91' lang='lat' dir='ltr'><strong>qui</strong></span> <span class='ocrx_word' id='word_1_34' title='bbox 162 904 202 965; x_wconf 83' lang='lat' dir='ltr'><strong>ad</strong></span> <span class='ocrx_word' id='word_1_35' title='bbox 215 912 377 967; x_wconf 85' lang='lat' dir='ltr'><strong>extremam</strong></span> <span class='ocrx_word' id='word_1_36' title='bbox 391 908 546 989; x_wconf 90' lang='lat' dir='ltr'><strong>sanguinis</strong></span> <span class='ocrx_word' id='word_1_37' title='bbox 559 917 675 990; x_wconf 87' lang='lat' dir='ltr'><strong>guttam</strong></span> <span class='ocrx_word' id='word_1_38' title='bbox 687 918 829 971; x_wconf 70' lang='lat' dir='ltr'><strong>statuerat</strong></span> <span class='ocrx_word' id='word_1_39' title='bbox 838 930 870 970; x_wconf 86' lang='lat' dir='ltr'><strong>se</strong></span> <span class='ocrx_word' id='word_1_40' title='bbox 883 909 971 984; x_wconf 87' lang='lat' dir='ltr'><strong>tueri,</strong></span> <span class='ocrx_word' id='word_1_41' title='bbox 985 918 1015 970; x_wconf 89' lang='lat' dir='ltr'><strong>et</strong></span> <span class='ocrx_word' id='word_1_42' title='bbox 1028 919 1096 971; x_wconf 89' lang='lat' dir='ltr'><strong>ante</strong></span> <span class='ocrx_word' id='word_1_43' title='bbox 1112 910 1203 971; x_wconf 87' lang='lat' dir='ltr'><strong>vitam</strong></span> <span class='ocrx_word' id='word_1_44' title='bbox 1222 929 1288 990; x_wconf 92' lang='lat' dir='ltr'><strong>pro-</strong></span> 
     </span>
     <span class='ocr_line' id='line_1_7' title="bbox 85 998 1286 1087; baseline 0.008 -29"><span class='ocrx_word' id='word_1_45' title='bbox 85 998 199 1080; x_wconf 80' lang='lat' dir='ltr'>digere</span> <span class='ocrx_word' id='word_1_46' title='bbox 212 1018 302 1079; x_wconf 90' lang='lat' dir='ltr'><strong>quam</strong></span> <span class='ocrx_word' id='word_1_47' title='bbox 315 1003 420 1062; x_wconf 89' lang='lat' dir='ltr'><strong>urbem</strong></span> <span class='ocrx_word' id='word_1_48' title='bbox 434 1002 491 1064; x_wconf 91' lang='lat' dir='ltr'><strong>sibi</strong></span> <span class='ocrx_word' id='word_1_49' title='bbox 504 1004 689 1086; x_wconf 87' lang='lat' dir='ltr'><strong>eripiendam</strong></span> <span class='ocrx_word' id='word_1_50' title='bbox 702 1006 885 1087; x_wconf 81' lang='lat' dir='ltr'><strong>permittere.</strong></span> <span class='ocrx_word' id='word_1_51' title='bbox 927 1007 976 1067; x_wconf 82' lang='lat' dir='ltr'><strong>Ac</strong></span> <span class='ocrx_word' id='word_1_52' title='bbox 989 1004 1061 1067; x_wconf 88' lang='lat' dir='ltr'><strong>licet</strong></span> <span class='ocrx_word' id='word_1_53' title='bbox 1075 1005 1286 1069; x_wconf 87' lang='lat' dir='ltr'><strong>Serenissimus</strong></span> 
     </span>
     <span class='ocr_line' id='line_1_8' title="bbox 88 1093 1288 1182; baseline 0.008 -28"><span class='ocrx_word' id='word_1_54' title='bbox 88 1093 249 1156; x_wconf 80' lang='lat' dir='ltr'><strong>Saxonum</strong></span> <span class='ocrx_word' id='word_1_55' title='bbox 265 1096 340 1157; x_wconf 86' lang='lat' dir='ltr'><strong>Dux</strong></span> <span class='ocrx_word' id='word_1_56' title='bbox 352 1098 492 1160; x_wconf 83' lang='lat' dir='ltr'><strong>triduana</strong></span> <span class='ocrx_word' id='word_1_57' title='bbox 508 1120 603 1181; x_wconf 86' lang='lat' dir='ltr'><strong>eaque</strong></span> <span class='ocrx_word' id='word_1_58' title='bbox 620 1102 764 1164; x_wconf 88' lang='lat' dir='ltr'><strong>continua</strong></span> <span class='ocrx_word' id='word_1_59' title='bbox 781 1110 996 1163; x_wconf 88' lang='lat' dir='ltr'><strong>tormentorum</strong></span> <span class='ocrx_word' id='word_1_60' title='bbox 1014 1101 1186 1182; x_wconf 86' lang='lat' dir='ltr'><strong>explosione</strong></span> <span class='ocrx_word' id='word_1_61' title='bbox 1203 1100 1288 1164; x_wconf 90' lang='lat' dir='ltr'><strong>insti·</strong></span> 
     </span>
     <span class='ocr_line' id='line_1_9' title="bbox 87 1192 1287 1280; baseline 0.008 -30"><span class='ocrx_word' id='word_1_62' title='bbox 87 1198 183 1267; x_wconf 85' lang='lat' dir='ltr'><strong>terat,</strong></span> <span class='ocrx_word' id='word_1_63' title='bbox 197 1200 351 1274; x_wconf 84' lang='lat' dir='ltr'><strong>turresque</strong></span> <span class='ocrx_word' id='word_1_64' title='bbox 364 1192 518 1276; x_wconf 88' lang='lat' dir='ltr'><strong>plurimas,</strong></span> <span class='ocrx_word' id='word_1_65' title='bbox 532 1216 568 1257; x_wconf 91' lang='lat' dir='ltr'><strong>ac</strong></span> <span class='ocrx_word' id='word_1_66' title='bbox 581 1217 722 1280; x_wconf 89' lang='lat' dir='ltr'><strong>magnam</strong></span> <span class='ocrx_word' id='word_1_67' title='bbox 733 1199 911 1260; x_wconf 86' lang='lat' dir='ltr'><strong>moeniorum</strong></span> <span class='ocrx_word' id='word_1_68' title='bbox 921 1208 1036 1280; x_wconf 90' lang='lat' dir='ltr'><strong>partem</strong></span> <span class='ocrx_word' id='word_1_69' title='bbox 1050 1196 1287 1274; x_wconf 68' lang='lat' dir='ltr'><strong>labefactarent,</strong></span> 
     </span>
     <span class='ocr_line' id='line_1_10' title="bbox 86 1287 1287 1376; baseline 0.007 -29"><span class='ocrx_word' id='word_1_70' title='bbox 86 1287 244 1350; x_wconf 87' lang='lat' dir='ltr'><strong>adducere</strong></span> <span class='ocrx_word' id='word_1_71' title='bbox 256 1297 356 1352; x_wconf 76' lang='lat' dir='ltr'><strong>mmeu</strong></span> <span class='ocrx_word' id='word_1_72' title='bbox 370 1310 517 1371; x_wconf 87' lang='lat' dir='ltr'><strong>nusquam</strong></span> <span class='ocrx_word' id='word_1_73' title='bbox 529 1295 627 1374; x_wconf 90' lang='lat' dir='ltr'><strong>potuit</strong></span> <span class='ocrx_word' id='word_1_74' title='bbox 639 1296 903 1357; x_wconf 89' lang='lat' dir='ltr'><strong>obstinatissimum</strong></span> <span class='ocrx_word' id='word_1_75' title='bbox 925 1295 1008 1356; x_wconf 91' lang='lat' dir='ltr'><strong>urbis</strong></span> <span class='ocrx_word' id='word_1_76' title='bbox 1025 1301 1287 1376; x_wconf 75' lang='lat' dir='ltr'>propugnatorem,</span> 
     </span>
     <span class='ocr_line' id='line_1_11' title="bbox 87 1385 1288 1472; baseline 0.007 -30"><span class='ocrx_word' id='word_1_77' title='bbox 87 1391 127 1443; x_wconf 89' lang='lat' dir='ltr'><strong>ut</strong></span> <span class='ocrx_word' id='word_1_78' title='bbox 140 1393 297 1465; x_wconf 88' lang='lat' dir='ltr'><strong>pactorum</strong></span> <span class='ocrx_word' id='word_1_79' title='bbox 310 1387 359 1448; x_wconf 89' lang='lat' dir='ltr'><strong>vel</strong></span> <span class='ocrx_word' id='word_1_80' title='bbox 371 1385 552 1449; x_wconf 88' lang='lat' dir='ltr'><strong>levissimam</strong></span> <span class='ocrx_word' id='word_1_81' title='bbox 565 1391 747 1452; x_wconf 83' lang='lat' dir='ltr'>mentionem</span> <span class='ocrx_word' id='word_1_82' title='bbox 760 1392 948 1454; x_wconf 81' lang='lat' dir='ltr'><strong>admitteret:</strong></span> <span class='ocrx_word' id='word_1_83' title='bbox 971 1410 1061 1471; x_wconf 90' lang='lat' dir='ltr'><strong>aquo</strong></span> <span class='ocrx_word' id='word_1_84' title='bbox 1070 1390 1191 1451; x_wconf 87' lang='lat' dir='ltr'><strong>tandem</strong></span> <span class='ocrx_word' id='word_1_85' title='bbox 1202 1390 1288 1472; x_wconf 90' lang='lat' dir='ltr'><strong>petiit</strong></span> 
     </span>
     <span class='ocr_line' id='line_1_12' title="bbox 90 1478 1287 1568; baseline 0.004 -29"><span class='ocrx_word' id='word_1_86' title='bbox 90 1478 228 1557; x_wconf 87' lang='lat' dir='ltr'><strong>Elector,</strong></span> <span class='ocrx_word' id='word_1_87' title='bbox 244 1489 276 1543; x_wconf 91' lang='lat' dir='ltr'><strong>ut</strong></span> <span class='ocrx_word' id='word_1_88' title='bbox 289 1483 392 1545; x_wconf 89' lang='lat' dir='ltr'><strong>saltem</strong></span> <span class='ocrx_word' id='word_1_89' title='bbox 404 1486 533 1549; x_wconf 89' lang='lat' dir='ltr'><strong>liberum</strong></span> <span class='ocrx_word' id='word_1_90' title='bbox 544 1487 678 1568; x_wconf 89' lang='lat' dir='ltr'><strong>parvulis</strong></span> <span class='ocrx_word' id='word_1_91' title='bbox 691 1495 722 1549; x_wconf 92' lang='lat' dir='ltr'><strong>et</strong></span> <span class='ocrx_word' id='word_1_92' title='bbox 735 1486 874 1549; x_wconf 70' lang='lat' dir='ltr'><strong>femineo</strong></span> <span class='ocrx_word' id='word_1_93' title='bbox 887 1487 970 1549; x_wconf 85' lang='lat' dir='ltr'><strong>sexui</strong></span> <span class='ocrx_word' id='word_1_94' title='bbox 988 1486 1172 1568; x_wconf 88' lang='lat' dir='ltr'><strong>permitteret</strong></span> <span class='ocrx_word' id='word_1_95' title='bbox 1188 1504 1287 1567; x_wconf 80' lang='lat' dir='ltr'><strong>egres-</strong></span> 
     </span>
     <span class='ocr_line' id='line_1_13' title="bbox 89 1580 1287 1666; baseline 0.002 -28"><span class='ocrx_word' id='word_1_96' title='bbox 89 1596 171 1652; x_wconf 88' lang='lat' dir='ltr'><strong>sum,</strong></span> <span class='ocrx_word' id='word_1_97' title='bbox 184 1598 224 1641; x_wconf 90' lang='lat' dir='ltr'><strong>ne</strong></span> <span class='ocrx_word' id='word_1_98' title='bbox 237 1600 298 1661; x_wconf 88' lang='lat' dir='ltr'><strong>qua</strong></span> <span class='ocrx_word' id='word_1_99' title='bbox 311 1582 455 1646; x_wconf 79' lang='lat' dir='ltr'><strong>innocens</strong></span> <span class='ocrx_word' id='word_1_100' title='bbox 466 1584 556 1646; x_wconf 92' lang='lat' dir='ltr'><strong>turba</strong></span> <span class='ocrx_word' id='word_1_101' title='bbox 563 1584 740 1645; x_wconf 75' lang='lat' dir='ltr'><strong>nocentibus</strong></span> <span class='ocrx_word' id='word_1_102' title='bbox 749 1582 965 1666; x_wconf 75' lang='lat' dir='ltr'><strong>implicaretur,</strong></span> <span class='ocrx_word' id='word_1_103' title='bbox 974 1591 1004 1644; x_wconf 89' lang='lat' dir='ltr'><strong>et</strong></span> <span class='ocrx_word' id='word_1_104' title='bbox 1014 1581 1153 1665; x_wconf 87' lang='lat' dir='ltr'><strong>sanguini</strong></span> <span class='ocrx_word' id='word_1_105' title='bbox 1162 1580 1287 1641; x_wconf 87' lang='lat' dir='ltr'><strong>innoxio</strong></span> 
     </span>
     <span class='ocr_line' id='line_1_14' title="bbox 88 1677 1285 1763; baseline 0.002 -28"><span class='ocrx_word' id='word_1_106' title='bbox 88 1685 277 1755; x_wconf 74' lang='lat' dir='ltr'><strong>parceretur,</strong></span> <span class='ocrx_word' id='word_1_107' title='bbox 292 1680 345 1741; x_wconf 91' lang='lat' dir='ltr'><strong>sed</strong></span> <span class='ocrx_word' id='word_1_108' title='bbox 357 1702 414 1743; x_wconf 91' lang='lat' dir='ltr'><strong>nec</strong></span> <span class='ocrx_word' id='word_1_109' title='bbox 424 1681 481 1743; x_wconf 92' lang='lat' dir='ltr'><strong>boc</strong></span> <span class='ocrx_word' id='word_1_110' title='bbox 495 1681 648 1763; x_wconf 88' lang='lat' dir='ltr'><strong>impetrari</strong></span> <span class='ocrx_word' id='word_1_111' title='bbox 662 1680 802 1762; x_wconf 72' lang='lat' dir='ltr'><strong>potuiti</strong></span> <span class='ocrx_word' id='word_1_112' title='bbox 821 1679 911 1742; x_wconf 92' lang='lat' dir='ltr'><strong>militi</strong></span> <span class='ocrx_word' id='word_1_113' title='bbox 924 1679 1004 1760; x_wconf 90' lang='lat' dir='ltr'><strong>juris</strong></span> <span class='ocrx_word' id='word_1_114' title='bbox 1022 1678 1068 1739; x_wconf 88' lang='lat' dir='ltr'><strong>sui</strong></span> <span class='ocrx_word' id='word_1_115' title='bbox 1088 1677 1285 1739; x_wconf 88' lang='lat' dir='ltr'><strong>tenacissimo.</strong></span> 
     </span>
     <span class='ocr_line' id='line_1_15' title="bbox 90 1771 1286 1855; baseline 0.003 -23"><span class='ocrx_word' id='word_1_116' title='bbox 90 1771 179 1843; x_wconf 84' lang='lat' dir='ltr'><strong>Quin</strong></span> <span class='ocrx_word' id='word_1_117' title='bbox 193 1782 224 1834; x_wconf 89' lang='lat' dir='ltr'><strong>et</strong></span> <span class='ocrx_word' id='word_1_118' title='bbox 235 1784 340 1838; x_wconf 91' lang='lat' dir='ltr'><strong>contra</strong></span> <span class='ocrx_word' id='word_1_119' title='bbox 352 1779 538 1840; x_wconf 71' lang='lat' dir='ltr'><strong>adversariae</strong></span> <span class='ocrx_word' id='word_1_120' title='bbox 547 1786 660 1839; x_wconf 89' lang='lat' dir='ltr'><strong>turmas</strong></span> <span class='ocrx_word' id='word_1_121' title='bbox 672 1777 736 1839; x_wconf 89' lang='lat' dir='ltr'><strong>sine</strong></span> <span class='ocrx_word' id='word_1_122' title='bbox 749 1775 966 1837; x_wconf 87' lang='lat' dir='ltr'><strong>intermissione</strong></span> <span class='ocrx_word' id='word_1_123' title='bbox 980 1794 1033 1835; x_wconf 90' lang='lat' dir='ltr'><strong>sua</strong></span> <span class='ocrx_word' id='word_1_124' title='bbox 1043 1772 1176 1835; x_wconf 89' lang='lat' dir='ltr'><strong>mittebat</strong></span> <span class='ocrx_word' id='word_1_125' title='bbox 1180 1775 1286 1855; x_wconf 87' lang='lat' dir='ltr'><strong>jacula</strong></span> 
     </span>
     <span class='ocr_line' id='line_1_16' title="bbox 89 1868 1284 1955; baseline 0.004 -28"><span class='ocrx_word' id='word_1_126' title='bbox 89 1886 150 1929; x_wconf 87' lang='lat' dir='ltr'><strong>nec</strong></span> <span class='ocrx_word' id='word_1_127' title='bbox 163 1868 251 1931; x_wconf 87' lang='lat' dir='ltr'><strong>irrita</strong></span> <span class='ocrx_word' id='word_1_128' title='bbox 264 1872 353 1953; x_wconf 88' lang='lat' dir='ltr'><strong>plane</strong></span> <span class='ocrx_word' id='word_1_129' title='bbox 366 1893 457 1955; x_wconf 88' lang='lat' dir='ltr'><strong>opera</strong></span> <span class='ocrx_word' id='word_1_130' title='bbox 468 1894 539 1936; x_wconf 91' lang='lat' dir='ltr'><strong>cum</strong></span> <span class='ocrx_word' id='word_1_131' title='bbox 552 1874 737 1955; x_wconf 69' lang='lat' dir='ltr'><strong>praecipuum</strong></span> <span class='ocrx_word' id='word_1_132' title='bbox 754 1892 792 1934; x_wconf 86' lang='lat' dir='ltr'><strong>ex</strong></span> <span class='ocrx_word' id='word_1_133' title='bbox 810 1872 846 1934; x_wconf 89' lang='lat' dir='ltr'><strong>iis</strong></span> <span class='ocrx_word' id='word_1_134' title='bbox 863 1870 916 1951; x_wconf 88' lang='lat' dir='ltr'><strong>qui</strong></span> <span class='ocrx_word' id='word_1_135' title='bbox 934 1868 1091 1931; x_wconf 90' lang='lat' dir='ltr'><strong>tormentis</strong></span> <span class='ocrx_word' id='word_1_136' title='bbox 1108 1868 1284 1932; x_wconf 88' lang='lat' dir='ltr'><strong>militaribus</strong></span> 
     </span>
     <span class='ocr_line' id='line_1_17' title="bbox 89 1966 514 2050; baseline 0.016 -25"><span class='ocrx_word' id='word_1_137' title='bbox 89 1975 236 2043; x_wconf 84' lang='lat' dir='ltr'><strong>praerant,</strong></span> <span class='ocrx_word' id='word_1_138' title='bbox 249 1966 339 2050; x_wconf 83' lang='lat' dir='ltr'><strong>globo</strong></span> <span class='ocrx_word' id='word_1_139' title='bbox 350 1969 514 2032; x_wconf 86' lang='lat' dir='ltr'><strong>sustulerit.</strong></span> 
     </span>
    </p>

    <p class='ocr_par' dir='ltr' id='par_1_4' title="bbox 89 2060 1286 2631">
     <span class='ocr_line' id='line_1_18' title="bbox 133 2060 1286 2147; baseline 0 -27"><span class='ocrx_word' id='word_1_140' title='bbox 133 2060 255 2125; x_wconf 87' lang='lat' dir='ltr'><strong>Interea</strong></span> <span class='ocrx_word' id='word_1_141' title='bbox 271 2066 367 2127; x_wconf 91' lang='lat' dir='ltr'><strong>nostri</strong></span> <span class='ocrx_word' id='word_1_142' title='bbox 382 2066 530 2128; x_wconf 90' lang='lat' dir='ltr'><strong>cuniculis</strong></span> <span class='ocrx_word' id='word_1_143' title='bbox 544 2066 693 2127; x_wconf 80' lang='lat' dir='ltr'><strong>fortunam</strong></span> <span class='ocrx_word' id='word_1_144' title='bbox 711 2064 866 2147; x_wconf 85' lang='lat' dir='ltr'><strong>explorare</strong></span> <span class='ocrx_word' id='word_1_145' title='bbox 883 2064 1091 2137; x_wconf 88' lang='lat' dir='ltr'><strong>decreverunt,</strong></span> <span class='ocrx_word' id='word_1_146' title='bbox 1110 2060 1286 2122; x_wconf 83' lang='lat' dir='ltr'><strong>arbitrantes</strong></span> 
     </span>
     <span class='ocr_line' id='line_1_19' title="bbox 89 2156 1285 2244; baseline -0.002 -26"><span class='ocrx_word' id='word_1_147' title='bbox 89 2158 142 2219; x_wconf 87' lang='lat' dir='ltr'><strong>vel</strong></span> <span class='ocrx_word' id='word_1_148' title='bbox 161 2158 219 2220; x_wconf 91' lang='lat' dir='ltr'><strong>bac</strong></span> <span class='ocrx_word' id='word_1_149' title='bbox 243 2161 358 2223; x_wconf 90' lang='lat' dir='ltr'><strong>ratione</strong></span> <span class='ocrx_word' id='word_1_150' title='bbox 377 2162 486 2224; x_wconf 77' lang='lat' dir='ltr'><strong>lmtum</strong></span> <span class='ocrx_word' id='word_1_151' title='bbox 506 2183 538 2225; x_wconf 90' lang='lat' dir='ltr'><strong>se</strong></span> <span class='ocrx_word' id='word_1_152' title='bbox 555 2183 640 2244; x_wconf 89' lang='lat' dir='ltr'><strong>posse</strong></span> <span class='ocrx_word' id='word_1_153' title='bbox 660 2161 867 2243; x_wconf 87' lang='lat' dir='ltr'><strong>comprimere.</strong></span> <span class='ocrx_word' id='word_1_154' title='bbox 914 2159 1029 2231; x_wconf 85' lang='lat' dir='ltr'><strong>Quarta</strong></span> <span class='ocrx_word' id='word_1_155' title='bbox 1051 2156 1170 2220; x_wconf 89' lang='lat' dir='ltr'><strong>decima</strong></span> <span class='ocrx_word' id='word_1_156' title='bbox 1193 2157 1285 2238; x_wconf 90' lang='lat' dir='ltr'><strong>igitur</strong></span> 
     </span>
     <span class='ocr_line' id='line_1_20' title="bbox 90 2254 1283 2340; baseline -0.003 -24"><span class='ocrx_word' id='word_1_157' title='bbox 90 2256 204 2317; x_wconf 88' lang='lat' dir='ltr'><strong>mensis</strong></span> <span class='ocrx_word' id='word_1_158' title='bbox 226 2257 359 2339; x_wconf 78' lang='lat' dir='ltr'><strong>Augusti</strong></span> <span class='ocrx_word' id='word_1_159' title='bbox 382 2279 525 2321; x_wconf 89' lang='lat' dir='ltr'><strong>succenso</strong></span> <span class='ocrx_word' id='word_1_160' title='bbox 546 2258 738 2320; x_wconf 89' lang='lat' dir='ltr'><strong>subterraneo</strong></span> <span class='ocrx_word' id='word_1_161' title='bbox 759 2258 882 2340; x_wconf 87' lang='lat' dir='ltr'><strong>pulvere</strong></span> <span class='ocrx_word' id='word_1_162' title='bbox 903 2255 1100 2318; x_wconf 79' lang='lat' dir='ltr'><strong>vastissimam</strong></span> <span class='ocrx_word' id='word_1_163' title='bbox 1125 2255 1158 2314; x_wconf 91' lang='lat' dir='ltr'><strong>in</strong></span> <span class='ocrx_word' id='word_1_164' title='bbox 1180 2254 1283 2314; x_wconf 91' lang='lat' dir='ltr'><strong>urbem</strong></span> 
     </span>
     <span class='ocr_line' id='line_1_21' title="bbox 90 2349 1284 2438; baseline -0.001 -26"><span class='ocrx_word' id='word_1_165' title='bbox 90 2353 200 2414; x_wconf 87' lang='lat' dir='ltr'><strong>rimam</strong></span> <span class='ocrx_word' id='word_1_166' title='bbox 213 2364 404 2436; x_wconf 86' lang='lat' dir='ltr'><strong>aperuerunt,</strong></span> <span class='ocrx_word' id='word_1_167' title='bbox 418 2375 475 2417; x_wconf 90' lang='lat' dir='ltr'><strong>nec</strong></span> <span class='ocrx_word' id='word_1_168' title='bbox 488 2356 584 2438; x_wconf 83' lang='lat' dir='ltr'><strong>posita</strong></span> <span class='ocrx_word' id='word_1_169' title='bbox 596 2375 682 2416; x_wconf 91' lang='lat' dir='ltr'><strong>mora</strong></span> <span class='ocrx_word' id='word_1_170' title='bbox 694 2356 765 2417; x_wconf 89' lang='lat' dir='ltr'><strong>dato</strong></span> <span class='ocrx_word' id='word_1_171' title='bbox 777 2356 865 2438; x_wconf 84' lang='lat' dir='ltr'><strong>signo</strong></span> <span class='ocrx_word' id='word_1_172' title='bbox 882 2350 1037 2416; x_wconf 84' lang='lat' dir='ltr'><strong>confestim</strong></span> <span class='ocrx_word' id='word_1_173' title='bbox 1051 2352 1212 2424; x_wconf 90' lang='lat' dir='ltr'><strong>irruerunt,</strong></span> <span class='ocrx_word' id='word_1_174' title='bbox 1231 2349 1284 2411; x_wconf 90' lang='lat' dir='ltr'><strong>sed</strong></span> 
     </span>
     <span class='ocr_line' id='line_1_22' title="bbox 90 2446 1283 2532; baseline -0.002 -23"><span class='ocrx_word' id='word_1_175' title='bbox 90 2449 123 2509; x_wconf 92' lang='lat' dir='ltr'><strong>in</strong></span> <span class='ocrx_word' id='word_1_176' title='bbox 138 2450 355 2531; x_wconf 88' lang='lat' dir='ltr'><strong>apertissimam</strong></span> <span class='ocrx_word' id='word_1_177' title='bbox 369 2460 513 2527; x_wconf 75' lang='lat' dir='ltr'><strong>mortem3</strong></span> <span class='ocrx_word' id='word_1_178' title='bbox 534 2471 605 2513; x_wconf 91' lang='lat' dir='ltr'><strong>cum</strong></span> <span class='ocrx_word' id='word_1_179' title='bbox 618 2453 697 2514; x_wconf 89' lang='lat' dir='ltr'><strong>enim</strong></span> <span class='ocrx_word' id='word_1_180' title='bbox 711 2450 889 2532; x_wconf 75' lang='lat' dir='ltr'><strong>praesidiarii</strong></span> <span class='ocrx_word' id='word_1_181' title='bbox 902 2449 1036 2529; x_wconf 87' lang='lat' dir='ltr'><strong>undique</strong></span> <span class='ocrx_word' id='word_1_182' title='bbox 1049 2455 1166 2529; x_wconf 90' lang='lat' dir='ltr'><strong>apertos</strong></span> <span class='ocrx_word' id='word_1_183' title='bbox 1183 2446 1283 2508; x_wconf 90' lang='lat' dir='ltr'><strong>aditus</strong></span> 
     </span>
     <span class='ocr_line' id='line_1_23' title="bbox 90 2542 1054 2631; baseline -0.003 -24"><span class='ocrx_word' id='word_1_184' title='bbox 90 2546 318 2620; x_wconf 85' lang='lat' dir='ltr'><strong>conclusissent,</strong></span> <span class='ocrx_word' id='word_1_185' title='bbox 332 2542 562 2631; x_wconf 83' lang='lat' dir='ltr'><strong>irrumpentium</strong></span> <span class='ocrx_word' id='word_1_186' title='bbox 574 2547 707 2610; x_wconf 84' lang='lat' dir='ltr'><strong>sexcenti</strong></span> <span class='ocrx_word' id='word_1_187' title='bbox 718 2547 807 2609; x_wconf 76' lang='lat' dir='ltr'><strong>faeilt</strong></span> <span class='ocrx_word' id='word_1_188' title='bbox 821 2545 961 2628; x_wconf 90' lang='lat' dir='ltr'><strong>prostrati</strong></span> <span class='ocrx_word' id='word_1_189' title='bbox 975 2552 1054 2606; x_wconf 88' lang='lat' dir='ltr'><strong>sunt.</strong></span> 
     </span>
    </p>

    <p class='ocr_par' dir='ltr' id='par_1_5' title="bbox 85 2641 1285 3793">
     <span class='ocr_line' id='line_1_24' title="bbox 133 2641 1285 2727; baseline -0.002 -23"><span class='ocrx_word' id='word_1_190' title='bbox 133 2643 201 2704; x_wconf 90' lang='lat' dir='ltr'><strong>Nec</strong></span> <span class='ocrx_word' id='word_1_191' title='bbox 214 2643 436 2705; x_wconf 90' lang='lat' dir='ltr'><strong>clementiorem</strong></span> <span class='ocrx_word' id='word_1_192' title='bbox 454 2645 568 2727; x_wconf 87' lang='lat' dir='ltr'><strong>experti</strong></span> <span class='ocrx_word' id='word_1_193' title='bbox 586 2663 689 2705; x_wconf 89' lang='lat' dir='ltr'><strong>sumus</strong></span> <span class='ocrx_word' id='word_1_194' title='bbox 706 2652 833 2705; x_wconf 89' lang='lat' dir='ltr'><strong>martem</strong></span> <span class='ocrx_word' id='word_1_195' title='bbox 850 2641 995 2724; x_wconf 85' lang='lat' dir='ltr'><strong>vigesima</strong></span> <span class='ocrx_word' id='word_1_196' title='bbox 1014 2641 1146 2724; x_wconf 82' lang='lat' dir='ltr'><strong>Augusti</strong></span> <span class='ocrx_word' id='word_1_197' title='bbox 1162 2641 1285 2722; x_wconf 88' lang='lat' dir='ltr'><strong>quodie</strong></span> 
     </span>
     <span class='ocr_line' id='line_1_25' title="bbox 89 2738 1285 2822; baseline -0.002 -22"><span class='ocrx_word' id='word_1_198' title='bbox 89 2740 203 2800; x_wconf 86' lang='lat' dir='ltr'><strong>obsessi</strong></span> <span class='ocrx_word' id='word_1_199' title='bbox 219 2759 342 2822; x_wconf 86' lang='lat' dir='ltr'><strong>erupere</strong></span> <span class='ocrx_word' id='word_1_200' title='bbox 358 2741 391 2800; x_wconf 85' lang='lat' dir='ltr'><strong>in</strong></span> <span class='ocrx_word' id='word_1_201' title='bbox 409 2753 526 2803; x_wconf 88' lang='lat' dir='ltr'><strong>nostros</strong></span> <span class='ocrx_word' id='word_1_202' title='bbox 543 2750 574 2802; x_wconf 90' lang='lat' dir='ltr'><strong>et</strong></span> <span class='ocrx_word' id='word_1_203' title='bbox 589 2750 698 2822; x_wconf 84' lang='lat' dir='ltr'><strong>praeter</strong></span> <span class='ocrx_word' id='word_1_204' title='bbox 718 2759 810 2802; x_wconf 74' lang='lat' dir='ltr'><strong>casos</strong></span> <span class='ocrx_word' id='word_1_205' title='bbox 830 2749 951 2802; x_wconf 88' lang='lat' dir='ltr'><strong>centum</strong></span> <span class='ocrx_word' id='word_1_206' title='bbox 970 2738 1058 2800; x_wconf 73' lang='lat' dir='ltr'><strong>facile</strong></span> <span class='ocrx_word' id='word_1_207' title='bbox 1078 2738 1109 2798; x_wconf 91' lang='lat' dir='ltr'><strong>in</strong></span> <span class='ocrx_word' id='word_1_208' title='bbox 1131 2739 1234 2799; x_wconf 89' lang='lat' dir='ltr'><strong>urbem</strong></span> <span class='ocrx_word' id='word_1_209' title='bbox 1254 2747 1285 2798; x_wconf 87' lang='lat' dir='ltr'><strong>et</strong></span> 
     </span>
     <span class='ocr_line' id='line_1_26' title="bbox 90 2833 1282 2917; baseline -0.003 -19"><span class='ocrx_word' id='word_1_210' title='bbox 90 2836 294 2917; x_wconf 85' lang='lat' dir='ltr'><strong>captivitatem</strong></span> <span class='ocrx_word' id='word_1_211' title='bbox 308 2837 506 2899; x_wconf 87' lang='lat' dir='ltr'><strong>abduxerunt.</strong></span> <span class='ocrx_word' id='word_1_212' title='bbox 548 2837 669 2898; x_wconf 86' lang='lat' dir='ltr'><strong>Exinde</strong></span> <span class='ocrx_word' id='word_1_213' title='bbox 682 2836 838 2897; x_wconf 90' lang='lat' dir='ltr'><strong>cuniculus</strong></span> <span class='ocrx_word' id='word_1_214' title='bbox 856 2842 960 2897; x_wconf 89' lang='lat' dir='ltr'><strong>contra</strong></span> <span class='ocrx_word' id='word_1_215' title='bbox 978 2833 1130 2895; x_wconf 85' lang='lat' dir='ltr'><strong>civitatem</strong></span> <span class='ocrx_word' id='word_1_216' title='bbox 1148 2833 1282 2909; x_wconf 83' lang='lat' dir='ltr'><strong>effossus,</strong></span> 
     </span>
     <span class='ocr_line' id='line_1_27' title="bbox 90 2929 1280 3014; baseline -0.004 -20"><span class='ocrx_word' id='word_1_217' title='bbox 90 2933 123 2994; x_wconf 91' lang='lat' dir='ltr'><strong>in</strong></span> <span class='ocrx_word' id='word_1_218' title='bbox 144 2931 279 3014; x_wconf 86' lang='lat' dir='ltr'><strong>proprios</strong></span> <span class='ocrx_word' id='word_1_219' title='bbox 294 2943 410 2995; x_wconf 90' lang='lat' dir='ltr'><strong>nostros</strong></span> <span class='ocrx_word' id='word_1_220' title='bbox 426 2933 531 2995; x_wconf 89' lang='lat' dir='ltr'><strong>militis</strong></span> <span class='ocrx_word' id='word_1_221' title='bbox 550 2953 611 2994; x_wconf 91' lang='lat' dir='ltr'><strong>uon</strong></span> <span class='ocrx_word' id='word_1_222' title='bbox 632 2933 697 2994; x_wconf 91' lang='lat' dir='ltr'><strong>sine</strong></span> <span class='ocrx_word' id='word_1_223' title='bbox 716 2931 801 2994; x_wconf 88' lang='lat' dir='ltr'><strong>clade</strong></span> <span class='ocrx_word' id='word_1_224' title='bbox 821 2932 937 3007; x_wconf 88' lang='lat' dir='ltr'><strong>resiliit,</strong></span> <span class='ocrx_word' id='word_1_225' title='bbox 958 2931 1036 2993; x_wconf 90' lang='lat' dir='ltr'><strong>sicut</strong></span> <span class='ocrx_word' id='word_1_226' title='bbox 1055 2941 1086 2992; x_wconf 91' lang='lat' dir='ltr'><strong>et</strong></span> <span class='ocrx_word' id='word_1_227' title='bbox 1105 2929 1180 2992; x_wconf 89' lang='lat' dir='ltr'><strong>elius</strong></span> <span class='ocrx_word' id='word_1_228' title='bbox 1199 2929 1280 3003; x_wconf 86' lang='lat' dir='ltr'><strong>alibi,</strong></span> 
     </span>
     <span class='ocr_line' id='line_1_28' title="bbox 89 3024 1280 3111; baseline -0.001 -23"><span class='ocrx_word' id='word_1_229' title='bbox 89 3029 240 3090; x_wconf 84' lang='lat' dir='ltr'><strong>industria</strong></span> <span class='ocrx_word' id='word_1_230' title='bbox 258 3030 442 3091; x_wconf 88' lang='lat' dir='ltr'><strong>obsessorum</strong></span> <span class='ocrx_word' id='word_1_231' title='bbox 459 3030 609 3092; x_wconf 90' lang='lat' dir='ltr'><strong>deelectus</strong></span> <span class='ocrx_word' id='word_1_232' title='bbox 627 3029 852 3111; x_wconf 87' lang='lat' dir='ltr'><strong>dissipatasque.</strong></span> <span class='ocrx_word' id='word_1_233' title='bbox 892 3029 941 3089; x_wconf 82' lang='lat' dir='ltr'><strong>Ac</strong></span> <span class='ocrx_word' id='word_1_234' title='bbox 958 3027 1028 3089; x_wconf 90' lang='lat' dir='ltr'><strong>licet</strong></span> <span class='ocrx_word' id='word_1_235' title='bbox 1046 3033 1155 3088; x_wconf 80' lang='lat' dir='ltr'><strong>nosne</strong></span> <span class='ocrx_word' id='word_1_236' title='bbox 1175 3024 1280 3106; x_wconf 77' lang='lat' dir='ltr'><strong>copias,</strong></span> 
     </span>
     <span class='ocr_line' id='line_1_29' title="bbox 85 3121 1281 3208; baseline -0.003 -22"><span class='ocrx_word' id='word_1_237' title='bbox 85 3127 153 3208; x_wconf 89' lang='lat' dir='ltr'><strong>jam</strong></span> <span class='ocrx_word' id='word_1_238' title='bbox 167 3126 186 3186; x_wconf 80' lang='lat' dir='ltr'><strong>b</strong></span> <span class='ocrx_word' id='word_1_239' title='bbox 199 3125 294 3187; x_wconf 92' lang='lat' dir='ltr'><strong>multo</strong></span> <span class='ocrx_word' id='word_1_240' title='bbox 307 3136 439 3208; x_wconf 89' lang='lat' dir='ltr'><strong>tempore</strong></span> <span class='ocrx_word' id='word_1_241' title='bbox 451 3127 492 3188; x_wconf 88' lang='lat' dir='ltr'><strong>ad</strong></span> <span class='ocrx_word' id='word_1_242' title='bbox 505 3126 569 3208; x_wconf 87' lang='lat' dir='ltr'><strong>ipsa</strong></span> <span class='ocrx_word' id='word_1_243' title='bbox 582 3145 674 3207; x_wconf 88' lang='lat' dir='ltr'><strong>prope</strong></span> <span class='ocrx_word' id='word_1_244' title='bbox 686 3125 797 3187; x_wconf 72' lang='lat' dir='ltr'><strong>moenia</strong></span> <span class='ocrx_word' id='word_1_245' title='bbox 815 3123 1041 3206; x_wconf 86' lang='lat' dir='ltr'><strong>promovissent,</strong></span> <span class='ocrx_word' id='word_1_246' title='bbox 1061 3123 1122 3184; x_wconf 91' lang='lat' dir='ltr'><strong>imo</strong></span> <span class='ocrx_word' id='word_1_247' title='bbox 1141 3121 1230 3184; x_wconf 89' lang='lat' dir='ltr'><strong>etiam</strong></span> <span class='ocrx_word' id='word_1_248' title='bbox 1249 3121 1281 3182; x_wconf 89' lang='lat' dir='ltr'><strong>in</strong></span> 
     </span>
     <span class='ocr_line' id='line_1_30' title="bbox 89 3218 1283 3296; baseline -0.003 -13"><span class='ocrx_word' id='word_1_249' title='bbox 89 3222 199 3283; x_wconf 86' lang='lat' dir='ltr'><strong>turrim</strong></span> <span class='ocrx_word' id='word_1_250' title='bbox 212 3222 344 3284; x_wconf 91' lang='lat' dir='ltr'><strong>vicinam</strong></span> <span class='ocrx_word' id='word_1_251' title='bbox 358 3223 420 3285; x_wconf 93' lang='lat' dir='ltr'><strong>duo</strong></span> <span class='ocrx_word' id='word_1_252' title='bbox 428 3232 576 3285; x_wconf 88' lang='lat' dir='ltr'><strong>tormenta</strong></span> <span class='ocrx_word' id='word_1_253' title='bbox 585 3221 692 3284; x_wconf 88' lang='lat' dir='ltr'><strong>bellica</strong></span> <span class='ocrx_word' id='word_1_254' title='bbox 699 3222 898 3296; x_wconf 86' lang='lat' dir='ltr'><strong>attraxissent,</strong></span> <span class='ocrx_word' id='word_1_255' title='bbox 910 3219 1079 3281; x_wconf 86' lang='lat' dir='ltr'><strong>Wanckius</strong></span> <span class='ocrx_word' id='word_1_256' title='bbox 1088 3218 1283 3281; x_wconf 89' lang='lat' dir='ltr'><strong>nibilominus</strong></span> 
     </span>
     <span class='ocr_line' id='line_1_31' title="bbox 90 3314 1281 3401; baseline -0.003 -22"><span class='ocrx_word' id='word_1_257' title='bbox 90 3323 160 3401; x_wconf 86' lang='lat' dir='ltr'><strong>cogi</strong></span> <span class='ocrx_word' id='word_1_258' title='bbox 180 3319 316 3380; x_wconf 91' lang='lat' dir='ltr'><strong>nondum</strong></span> <span class='ocrx_word' id='word_1_259' title='bbox 335 3319 441 3400; x_wconf 90' lang='lat' dir='ltr'><strong>potuit,</strong></span> <span class='ocrx_word' id='word_1_260' title='bbox 464 3326 498 3379; x_wconf 87' lang='lat' dir='ltr'><strong>ut</strong></span> <span class='ocrx_word' id='word_1_261' title='bbox 514 3319 553 3380; x_wconf 89' lang='lat' dir='ltr'><strong>de</strong></span> <span class='ocrx_word' id='word_1_262' title='bbox 572 3318 752 3399; x_wconf 86' lang='lat' dir='ltr'><strong>paciscendo</strong></span> <span class='ocrx_word' id='word_1_263' title='bbox 768 3327 897 3378; x_wconf 85' lang='lat' dir='ltr'><strong>tractare</strong></span> <span class='ocrx_word' id='word_1_264' title='bbox 913 3314 1014 3385; x_wconf 88' lang='lat' dir='ltr'><strong>vellet,</strong></span> <span class='ocrx_word' id='word_1_265' title='bbox 1031 3315 1183 3377; x_wconf 83' lang='lat' dir='ltr'><strong>mordicus</strong></span> <span class='ocrx_word' id='word_1_266' title='bbox 1200 3315 1281 3376; x_wconf 89' lang='lat' dir='ltr'><strong>enim</strong></span> 
     </span>
     <span class='ocr_line' id='line_1_32' title="bbox 90 3409 1282 3496; baseline -0.003 -21"><span class='ocrx_word' id='word_1_267' title='bbox 90 3414 278 3476; x_wconf 89' lang='lat' dir='ltr'><strong>concluserat</strong></span> <span class='ocrx_word' id='word_1_268' title='bbox 290 3416 374 3496; x_wconf 90' lang='lat' dir='ltr'><strong>prius</strong></span> <span class='ocrx_word' id='word_1_269' title='bbox 386 3415 480 3477; x_wconf 89' lang='lat' dir='ltr'><strong>vitam</strong></span> <span class='ocrx_word' id='word_1_270' title='bbox 493 3433 583 3495; x_wconf 88' lang='lat' dir='ltr'><strong>quam</strong></span> <span class='ocrx_word' id='word_1_271' title='bbox 596 3413 794 3474; x_wconf 89' lang='lat' dir='ltr'><strong>munitionem</strong></span> <span class='ocrx_word' id='word_1_272' title='bbox 806 3412 934 3474; x_wconf 87' lang='lat' dir='ltr'><strong>tradere.</strong></span> <span class='ocrx_word' id='word_1_273' title='bbox 978 3410 1062 3483; x_wconf 85' lang='lat' dir='ltr'><strong>Quid</strong></span> <span class='ocrx_word' id='word_1_274' title='bbox 1081 3411 1152 3472; x_wconf 78' lang='lat' dir='ltr'><strong>verb</strong></span> <span class='ocrx_word' id='word_1_275' title='bbox 1169 3409 1219 3472; x_wconf 92' lang='lat' dir='ltr'><strong>hic</strong></span> <span class='ocrx_word' id='word_1_276' title='bbox 1237 3410 1282 3471; x_wconf 80' lang='lat' dir='ltr'><strong>fa·</strong></span> 
     </span>
     <span class='ocr_line' id='line_1_33' title="bbox 90 3504 1280 3572; baseline -0.004 -1"><span class='ocrx_word' id='word_1_277' title='bbox 90 3518 173 3572; x_wconf 88' lang='lat' dir='ltr'><strong>cerat</strong></span> <span class='ocrx_word' id='word_1_278' title='bbox 197 3509 409 3572; x_wconf 82' lang='lat' dir='ltr'><strong>Serenissimus</strong></span> <span class='ocrx_word' id='word_1_279' title='bbox 435 3510 557 3572; x_wconf 87' lang='lat' dir='ltr'><strong>Elector</strong></span> <span class='ocrx_word' id='word_1_280' title='bbox 579 3510 682 3570; x_wconf 79' lang='lat' dir='ltr'><strong>Saxol</strong></span> <span class='ocrx_word' id='word_1_281' title='bbox 714 3509 955 3570; x_wconf 86' lang='lat' dir='ltr'><strong>continuaret-ne</strong></span> <span class='ocrx_word' id='word_1_282' title='bbox 974 3506 1182 3568; x_wconf 72' lang='lat' dir='ltr'><strong>obsidionem?</strong></span> <span class='ocrx_word' id='word_1_283' title='bbox 1220 3504 1280 3567; x_wconf 82' lang='lat' dir='ltr'><strong>Sed</strong></span> 
     </span>
     <span class='ocr_line' id='line_1_34' title="bbox 89 3601 1282 3688; baseline -0.004 -22"><span class='ocrx_word' id='word_1_284' title='bbox 89 3615 203 3686; x_wconf 89' lang='lat' dir='ltr'><strong>quanto</strong></span> <span class='ocrx_word' id='word_1_285' title='bbox 223 3606 327 3668; x_wconf 90' lang='lat' dir='ltr'><strong>Deum</strong></span> <span class='ocrx_word' id='word_1_286' title='bbox 343 3607 455 3668; x_wconf 92' lang='lat' dir='ltr'><strong>bonum</strong></span> <span class='ocrx_word' id='word_1_287' title='bbox 472 3605 628 3688; x_wconf 85' lang='lat' dir='ltr'><strong>sanguinis</strong></span> <span class='ocrx_word' id='word_1_288' title='bbox 645 3625 767 3667; x_wconf 90' lang='lat' dir='ltr'><strong>suorum</strong></span> <span class='ocrx_word' id='word_1_289' title='bbox 782 3606 914 3667; x_wconf 90' lang='lat' dir='ltr'><strong>militum</strong></span> <span class='ocrx_word' id='word_1_290' title='bbox 932 3613 962 3666; x_wconf 90' lang='lat' dir='ltr'><strong>et</strong></span> <span class='ocrx_word' id='word_1_291' title='bbox 979 3603 1092 3665; x_wconf 88' lang='lat' dir='ltr'><strong>civium</strong></span> <span class='ocrx_word' id='word_1_292' title='bbox 1111 3601 1282 3683; x_wconf 76' lang='lat' dir='ltr'><strong>impendio!</strong></span> 
     </span>
     <span class='ocr_line' id='line_1_35' title="bbox 91 3697 1283 3793; baseline -0.004 -28"><span class='ocrx_word' id='word_1_293' title='bbox 91 3703 311 3793; x_wconf 83' lang='lat' dir='ltr'><strong>discederet-ne</strong></span> <span class='ocrx_word' id='word_1_294' title='bbox 323 3703 361 3764; x_wconf 92' lang='lat' dir='ltr'><strong>ab</strong></span> <span class='ocrx_word' id='word_1_295' title='bbox 374 3702 472 3765; x_wconf 81' lang='lat' dir='ltr'><strong>urbel</strong></span> <span class='ocrx_word' id='word_1_296' title='bbox 490 3704 545 3765; x_wconf 90' lang='lat' dir='ltr'><strong>sed</strong></span> <span class='ocrx_word' id='word_1_297' title='bbox 562 3711 675 3784; x_wconf 88' lang='lat' dir='ltr'><strong>quanta</strong></span> <span class='ocrx_word' id='word_1_298' title='bbox 693 3703 781 3765; x_wconf 72' lang='lat' dir='ltr'><strong>mmse</strong></span> <span class='ocrx_word' id='word_1_299' title='bbox 802 3711 833 3764; x_wconf 90' lang='lat' dir='ltr'><strong>et</strong></span> <span class='ocrx_word' id='word_1_300' title='bbox 849 3701 978 3764; x_wconf 88' lang='lat' dir='ltr'><strong>nominis</strong></span> <span class='ocrx_word' id='word_1_301' title='bbox 995 3699 1042 3763; x_wconf 91' lang='lat' dir='ltr'><strong>sui</strong></span> <span class='ocrx_word' id='word_1_302' title='bbox 1059 3697 1283 3762; x_wconf 74' lang='lat' dir='ltr'><strong>diminutione?</strong></span> 
     </span>
    </p>

    <p class='ocr_par' dir='ltr' id='par_1_6' title="bbox 645 3821 687 3861">
     <span class='ocr_line' id='line_1_36' title="bbox 645 3821 687 3861; baseline 0 0"><span class='ocrx_word' id='word_1_303' title='bbox 645 3821 687 3861; x_wconf 91' lang='lat' dir='ltr'><strong>ss</strong></span> 
     </span>
    </p>
   </div>
   <div class='ocr_carea' id='block_1_3' title="bbox 0 0 1618 4700">
    <p class='ocr_par' dir='ltr' id='par_1_7' title="bbox 0 0 1618 4700">
     <span class='ocr_line' id='line_1_37' title="bbox 0 0 1618 4700; baseline 0 0"><span class='ocrx_word' id='word_1_304' title='bbox 0 0 1618 4700; x_wconf 95' lang='lat' dir='ltr'><strong> </strong></span> 
     </span>
    </p>
   </div>
  </div>
 </body>
</html>
