3225 4700
126 535 148 582 ²
203 510 339 634 2 ffih
401 511 523 638 *-·}
577 534 718 645 *ibn
773 571 778 578 ’
848 512 957 583 f‘*
1031 491 1236 615 &25qss

511 812 704 887 CAPUT
738 814 871 887 XXX.

188 989 349 1057 Describit
363 993 424 1059 iter
437 1003 574 1059 nostrum
589 994 623 1059 in
641 992 833 1059 Comitatum
849 992 1172 1081 Sebeumbetrgensem.

17 1158 19 1167 ’
95 1235 141 1280 1,
346 1186 426 1248 oss
453 1186 676 1267 inexplicabiles
702 1198 733 1249 et
756 1188 846 1269 plene
872 1186 1057 1247 misenen
1083 1184 1276 1261 mamista,

121 1293 155 1380 ᾗ·
363 1282 490 1363 septimo
503 1283 625 1344 tandem
637 1283 715 1345 Maii
723 1284 801 1364 jussi
815 1302 929 1356 snmus,
946 1280 1162 1343 Hannoveram
1175 1302 1277 1343 versus

113 1387 142 1404 ”
195 1451 197 1460 Ι
357 1377 563 1440 iternostrum
582 1378 724 1462 dirigere,
740 1400 775 1441 ao
790 1380 878 1440 istinc
889 1380 921 1440 in
942 1378 1117 1440 comitatum
1130 1376 1276 1439 Stheniu-

124 1557 127 1562 ¹
199 1553 247 1604 ἶ
267 1553 288 1592 ‘⁶
361 1590 425 1631 esse
435 1572 467 1631 in
478 1571 622 1653 hyberna.
666 1573 725 1647 Ite,
737 1569 1155 1654 ingennelector,omniahae
1167 1570 1274 1631 mnndi

80 1672 259 1743 tempestate
267 1684 395 1739 sursum,
405 1668 555 1743 deorsum,
568 1668 716 1749 quadrato
729 1668 864 1729 rotundis
877 1667 1058 1727 miscentnri
1080 1664 1187 1745 hyeme
1199 1687 1274 1748 pug-

79 1758 220 1819 nandum
243 1768 297 1835 est,
319 1762 392 1823 dnm
415 1772 532 1844 tempus
554 1764 720 1846 appropiat,
743 1782 803 1844 quo
829 1761 930 1843 Reges
953 1762 994 1823 ad
1016 1761 1095 1821 bella
1115 1764 1274 1842 procedere

79 1867 313 1932 consueverunt,
324 1858 355 1917 in
370 1857 511 1939 hybernis
524 1859 777 1921 delitescendnmi
798 1878 859 1919 non
872 1867 971 1918 umen
981 1856 1015 1917 id
1027 1855 1092 1917 sine
1104 1856 1195 1917 causi
1208 1856 1274 1919 lieri

80 1958 180 2030 putes,
192 1963 304 2013 norunt
315 1953 358 2015 illi
373 1972 500 2034 quorum
514 1954 646 2016 interest.
683 1954 788 2017 Solent
796 1957 875 2035 supe
885 1951 1091 2015 commissarii
1098 1951 1273 2027 exereitum,

82 2046 171 2125 quasi
183 2049 341 2110 necessitas
354 2050 387 2111 id
400 2051 511 2132 exigat,
527 2051 558 2111 in
575 2070 683 2133 eampo
701 2052 840 2123 retinere,
854 2059 888 2111 ut
900 2050 956 2130 ipsi
972 2069 1009 2110 ex
1021 2048 1164 2129 hybernis
1175 2047 1273 2123 illum,

80 2142 136 2221 qui
158 2143 248 2204 militi
269 2145 436 2228 assignatus
457 2158 530 2222 erat,
549 2146 681 2209 fructum
699 2148 861 2209 demetant.
903 2145 946 2206 Et
965 2145 1022 2224 ipsi
1043 2143 1109 2205 haec
1124 2144 1273 2205 neminem

82 2248 187 2301 notare
197 2240 377 2317 existImant,
386 2262 456 2303 cnm
464 2243 530 2305 luce
538 2243 647 2305 clerius
658 2243 824 2305 meridiani
833 2242 995 2303 multorum
1003 2240 1133 2323 dolijam
1143 2250 1273 2322 potem.

85 2335 147 2398 Sed
160 2357 228 2418 qnae
243 2358 333 2420 supra
343 2359 398 2401 nos
410 2338 486 2400 nihil
496 2340 536 2402 ad
548 2361 614 2414 nos,
629 2340 725 2402 obiter
734 2348 833 2402 minen
842 2348 873 2402 et
881 2359 934 2421 per
942 2348 1132 2400 transennam
1141 2338 1274 2421 tetigisse

84 2432 240 2495 verimoem
259 2433 303 2494 nil
321 2437 449 2498 nocebit.
490 2437 545 2498 Ad
560 2436 747 2500 comiatum
765 2436 1076 2517 Sobaumbnrgensem
1091 2437 1218 2505 mature,
1236 2453 1275 2496 ne

85 2529 183 2591 aestivi
198 2551 252 2591 nos
268 2541 371 2612 postea
387 2531 500 2594 colores
513 2540 640 2615 gravent
658 2532 843 2606 festinemus,
857 2531 910 2593 sed
925 2531 1006 2592 lente
1024 2539 1135 2600 tamen,
1149 2531 1275 2592 neforto

84 2627 167 2688 idem
182 2629 267 2689 nobis
282 2629 365 2709 qnod
384 2628 609 2690 Corroschieuae
630 2629 742 2711 legioni
761 2629 891 2689 nimium
905 2627 1095 2703 acceleranti,
1103 2627 1274 2709 'continget

85 2721 253 2785 Haeoenim
262 2725 382 2786 onmad
391 2725 520 2786 eundem
531 2725 686 2786 nobiscnm
698 2724 795 2786 locum
810 2724 1051 2799 essetdestineta,
1063 2723 1148 2783 nobis
1162 2722 1273 2798 inseiis,

84 2839 202 2880 summo
217 2819 375 2882 Generalis
391 2820 521 2882 Gallessi
536 2820 637 2882 favore
653 2821 782 2882 obtinuit
797 2820 915 2902 copiam
933 2840 989 2881 nos
1005 2818 1220 2900 praeveniendi,
1239 2819 1274 2879 ed

85 2915 132 2990 (ni
145 2914 245 2990 fallor)
258 2925 368 2988 mente,
383 2925 417 2978 nt
431 2919 574 2997 optimam
591 2917 647 2979 sibi
664 2916 928 2978 commorationem
944 2915 1098 2997 deligeret,
1113 2924 1145 2974 et
1157 2933 1212 2974 sua
1223 2914 1276 2975 sti·

84 3011 195 3091 pendia
203 3031 256 3073 een
264 3012 514 3074 contributionem
526 3013 607 3094 prior
616 3021 815 3092 extorqueret,
826 3021 916 3092 atque
928 3012 968 3072 ed
978 3019 1115 3073 nostrum
1124 3030 1275 3072 accessum

84 3107 128 3168 nil
141 3117 273 3184 restaret,
290 3107 337 3169 vol
351 3108 464 3189 siquid
481 3117 614 3185 restaret,
630 3108 791 3171 difficulter
809 3107 1002 3189 colligeretur
1014 3107 1110 3168 multi
1123 3127 1193 3168 cum
1207 3109 1276 3168 snb-

85 3203 214 3266 ditorum
232 3203 419 3266 difficultate.
462 3204 523 3266 sed
541 3208 595 3286 qui
608 3205 709 3268 omnio
727 3205 890 3286 prudenter
910 3203 1039 3275 ordinet,
1053 3203 1276 3284 providentissi-

87 3321 151 3362 mus
167 3302 257 3362 Dans
271 3300 414 3382 praeclare
433 3299 590 3382 disposuit,
606 3301 817 3382 strophemque
833 3299 866 3359 in
887 3299 1021 3380 ipsorum
1039 3299 1157 3360 retorsit
1174 3308 1273 3380 caput,

87 3393 230 3474 fecitque3
253 3403 287 3454 ut
307 3411 443 3454 cursores
465 3393 516 3453 isti
538 3393 620 3475 prius
644 3393 751 3455 fierent
772 3392 877 3472 praeda
893 3392 1037 3469 hostibus,
1061 3395 1153 3475 quim
1174 3396 1274 3456 locuin

86 3489 264 3552 destinatam
278 3489 496 3572 contingerent.
537 3489 616 3551 Cum
631 3490 711 3550 enirn
722 3488 910 3550 edvemarins
919 3489 1006 3550 miles
1014 3511 1074 3551 nou
1087 3491 1192 3571 procul
1205 3491 1275 3552 inde

86 3584 204 3646 dissitus
217 3605 271 3666 per
284 3583 482 3666 exploratores
497 3587 640 3661 rescisset,
653 3585 801 3667 legionem
816 3583 909 3645 solem
923 3585 990 3645 illos
1001 3587 1065 3646 vias
1074 3586 1275 3656 transituram,

90 3701 153 3742 mox
175 3682 338 3743 emiserunt
360 3682 522 3764 plusculos,
545 3681 597 3763 qui
620 3703 655 3742 ex
677 3681 794 3742 insidiis
814 3691 1013 3761 erumperent,
1031 3690 1062 3742 et
1079 3684 1208 3742 cinctam
1227 3683 1276 3742 vel
