3225 4700
480 315 894 385 H'INERARIUM.
1241 320 1280 387 91

67 467 134 541 los,
147 486 229 531 oum
241 467 322 531 euim
334 478 459 551 uterque
471 469 619 533 exercitus
627 470 660 533 iu
674 469 801 553 planicie
811 472 942 553 quedem
951 470 1008 533 sibi
1020 470 1207 546 occurrisset,
1218 468 1283 531 siue

71 563 195 645 praelio
206 564 295 625 istinc
309 565 464 627 discedere
474 566 622 647 principes
634 567 772 647 iniquum
785 568 946 639 duxerunt,
955 569 994 630 sd
1003 587 1087 629 erme
1094 588 1166 650 ergo
1178 565 1286 631 utrim-

70 676 142 735 que
166 658 385 735 conclamatur,
406 661 593 723 concurritur
612 663 730 738 ecriter,
749 664 898 727 ceduntur
917 685 955 726 ex
974 672 1099 744 utreque
1116 672 1200 745 perte
1215 661 1283 743 plu·

73 755 175 818 rimi:
198 756 254 819 sed
267 776 337 818 cum
352 756 435 818 Gelli
448 758 556 821 nostris
568 769 666 821 essent
679 767 709 821 et
718 779 843 821 numero
856 769 887 821 et
895 760 1009 823 viribus
1021 760 1196 841 superiores,
1207 778 1283 840 peu·

73 853 171 917 istim
185 852 324 915 cedendo
338 852 537 937 Lothsringns
549 855 713 917 exercitum
728 854 861 917 suumin
877 864 974 917 tutum
986 855 1102 938 eppulit
1118 854 1229 929 locum,
1244 873 1283 915 ex

74 967 146 1031 quo
156 970 192 1011 se
204 948 328 1031 egregie
338 949 473 1011 defendit
484 950 555 1013 licet
563 950 676 1033 mejore
688 970 811 1013 suorum
820 949 913 1031 quim
924 950 1054 1013 hostium
1066 950 1162 1013 clnde.
1187 948 1284 1011 Dedit

80 1045 156 1107 hrec
181 1064 288 1127 pugne
311 1045 424 1107 invidis
445 1047 600 1109 materiem
623 1046 786 1109 multorum
806 1066 987 1121 sermonum,
1006 1047 1116 1128 quibus
1136 1046 1283 1125 optimum

83 1142 217 1203 Ducem
226 1141 415 1203 vehementer
424 1142 629 1218 traducebant,
638 1142 723 1224 qussi
736 1162 796 1203 non
806 1151 938 1215 coactus,
947 1143 1000 1204 sed
1009 1142 1121 1205 temere
1130 1150 1160 1201 et
1168 1141 1283 1222 impru-

83 1238 201 1299 denter
214 1237 246 1299 in
260 1235 376 1301 hostem
388 1238 539 1311 movisset,
552 1257 716 1321 perumque
728 1236 828 1301 fidelis
841 1238 1030 1320 Imperatori,
1045 1235 1209 1299 exercitum
1220 1245 1283 1297 tem

83 1333 226 1395 nobilem
240 1333 382 1397 ultroneis
397 1334 537 1417 periculis
553 1334 735 1417 exposuisset
750 1333 816 1397 siue
834 1332 898 1397 ulli
915 1334 1097 1397 necessitute.
1140 1332 1202 1395 Sed
1216 1331 1282 1393 hoec

82 1430 193 1491 omnis
211 1430 284 1491 iulso
302 1440 334 1493 et
349 1430 413 1493 siue
432 1430 495 1493 ullo
511 1430 717 1493 fundamento.
760 1429 843 1493 Nem
861 1439 924 1491 esto
942 1429 1085 1513 pugnirit
1103 1428 1282 1510 quaudoque

85 1526 194 1589 dictus
209 1526 284 1589 Dux
299 1525 376 1589 irato
389 1526 500 1603 Marte,
514 1537 544 1590 et
560 1528 628 1610 quis
645 1534 689 1589 est
705 1526 758 1607 qui
771 1526 922 1589 fortunam
939 1526 1100 1608 propitiam
1117 1526 1158 1587 ed
1175 1533 1281 1585 nutum
1400 1559 1404 1565 ·

86 1642 183 1685 suum
197 1642 313 1703 semper
322 1622 394 1704 pere
406 1622 616 1685 circumferet?
636 1631 666 1684 et
674 1622 726 1685 elii
740 1621 889 1703 iniquiore
900 1621 1001 1682 Morte
1014 1621 1087 1682 elibi
1099 1633 1283 1702 pugnarunt,

85 1740 130 1783 eu
151 1719 224 1781 ideo
242 1718 355 1781 Ceseri
372 1718 509 1782 infideles
528 1718 718 1783 condemnati
735 1717 828 1781 scuti
844 1737 899 1779 cur
915 1716 988 1777 vert
1005 1716 1055 1779 hic
1075 1715 1174 1797 potius
1190 1713 1282 1795 quim

86 1816 194 1897 quiris
204 1814 302 1878 sliusl
318 1816 406 1879 Iteue
414 1815 485 1877 τετὸ
496 1814 608 1877 infidus
617 1814 730 1878 Caesari
743 1813 870 1888 dicetur,
881 1811 934 1892 qui
944 1831 999 1893 pro
1007 1810 1127 1873 Cessero
1136 1809 1282 1881 Patrium,

89 1912 241 1987 subditos,
253 1933 334 1995 opes,
348 1912 441 1977 ritem
453 1930 547 1993 usque
560 1913 636 1975 sdec
648 1919 679 1973 et
691 1908 868 1993 sauguinem
880 1929 941 1970 non
954 1906 1129 1989 vulgaribus
1141 1914 1172 1965 et
1183 1903 1285 1965 occul-

91 2010 130 2073 tis
145 2009 283 2092 exposuit
298 2008 542 2073 discriminibus?
563 2006 685 2071 Vellent
702 2007 818 2069 utiuem
833 2004 934 2087 superi
952 2012 987 2065 ut
1003 2002 1111 2084 reliqui
1130 1999 1284 2080 hucusque

90 2105 188 2169 duces
207 2104 321 2167 Ceseri
339 2114 400 2167 tem
415 2103 536 2167 fidelem
554 2102 713 2167 novissent
727 2121 860 2183 operum,
878 2120 939 2161 nou
956 2098 1059 2180 utique
1078 2104 1211 2180 gemeret
1228 2095 1284 2158 sub

91 2202 284 2283 iniquissimo
302 2220 402 2283 pressa
414 2202 491 2283 jugo
508 2210 538 2263 et
553 2201 645 2284 propt
660 2218 800 2282 oppresse
818 2196 992 2272 Germanic,
1007 2204 1163 2275 totumque
1182 2192 1284 2273 Impe-

94 2298 175 2361 rium
189 2298 371 2362 Romenum.
414 2298 496 2360 Nori
512 2317 568 2380 ego
584 2316 674 2378 quem
688 2295 766 2359 rerii
782 2294 886 2356 Duces
899 2292 919 2356 d
931 2291 1002 2356 belli
1016 2290 1106 2373 hujus
1120 2289 1284 2372 primordio

94 2395 186 2458 fidem
202 2415 288 2456 suem
301 2394 416 2458 θωπί
433 2395 595 2476 probarint,
610 2394 664 2456 sed
681 2391 798 2455 nullum
811 2391 875 2453 scio
891 2389 1019 2470 quinon
1035 2387 1198 2468 sliqueudo
1212 2407 1285 2448 oon·

93 2493 187 2554 treric
200 2491 300 2556 Marte
313 2492 346 2553 in
360 2491 474 2554 hostem
488 2491 584 2553 iverit.
627 2489 690 2552 Sed
702 2498 732 2550 et
745 2486 802 2550 hoc
814 2487 877 2548 scio
893 2484 999 2547 fideles
1014 2484 1105 2546 etiem
1122 2503 1204 2544 nunc
1219 2503 1283 2544 esse

95 2608 233 2670 proceres
245 2597 317 2670 pute
327 2587 506 2652 Generulem
520 2586 702 2657 Gellessum,
715 2586 836 2648 Ducem
850 2581 1068 2656 Florentinum,
1081 2580 1233 2642 Beronem
1245 2580 1284 2645 de
1362 2661 1366 2667 ⁸

97 2685 180 2760 Suis,
200 2684 324 2757 Geleen,
344 2684 495 2748 Joeuuem
515 2684 553 2746 de
572 2681 691 2755 Werth,
710 2679 930 2754 Hutuseldium,
951 2679 1014 2740 &ez
1035 2697 1110 2758 quos
1129 2695 1284 2738 rummare

98 2783 222 2863 longum
231 2780 316 2858 foret,
327 2782 404 2844 inter
413 2781 521 2844 multos
530 2799 640 2862 peuces
653 2777 787 2842 retul'use
797 2775 918 2851 sufficit,
929 2776 983 2838 sed
995 2775 1078 2836 certi
1090 2773 1144 2834 tibi
1158 2772 1283 2846 effirmo,

98 2879 176 2940 iuter
191 2877 256 2942 hec
274 2876 448 2942 fidelissime
464 2877 579 2940 Ceseri
595 2875 695 2957 cupite
712 2873 876 2936 rectissime
893 2882 924 2934 et
941 2892 996 2934 suo
1007 2873 1079 2953 jure
1095 2868 1286 2933 eduumersri

101 2973 175 3038 illud
187 2974 259 3038 belli
274 2975 398 3050 fulmen,
413 2974 534 3036 Ducem
547 2969 701 3034 Gerulum.
742 2967 841 3041 Quem
856 2967 883 3029 si
896 2965 1009 3047 nequior
1023 2965 1144 3028 fortune
1155 2963 1285 3046 propitio

101 3071 193 3154 magis
206 3079 395 3134 contueretur
407 3069 505 3145 vultu,
520 3066 789 3148 respondereutque
802 3064 880 3126 votis
895 3062 982 3137 secte,
998 3061 1055 3144 ipsi
1070 3061 1199 3142 oequeles
1212 3080 1286 3144 peu·

102 3187 161 3241 ocs,
182 3167 364 3249 superiorem
384 3165 501 3230 nullum
525 3173 659 3226 censeret
681 3161 793 3224 Cesar.
849 3158 963 3233 Mectd,
986 3157 1061 3220 Dux
1082 3156 1286 3230 serenissime,

101 3274 195 3328 msote
210 3265 311 3328 euimo
332 3263 390 3326 erit
406 3283 477 3325 curn
498 3261 554 3324 tibi
572 3279 638 3322 sere
655 3257 809 3341 posteritas
826 3255 960 3337 plaudet,
974 3264 1063 3335 etque
1081 3253 1238 3316 eterniteti
1255 3262 1286 3314 te

102 3361 336 3424 doctissimorum
361 3357 719 3442 prudentissimorumque
740 3353 874 3415 virorum
897 3351 966 3412 fusti
989 3351 1170 3413 edscribeut.
1223 3348 1287 3410 Vos

102 3459 169 3522 verd
188 3459 292 3539 inique
310 3457 398 3520 turbe
413 3454 501 3530 Zoili,
519 3451 700 3535 rumpemini
719 3450 790 3515 licet
809 3447 935 3524 undis,
952 3447 1018 3529 ejus
1035 3467 1124 3528 quem
1140 3445 1288 3508 maledieo

103 3558 187 3622 deute
204 3555 308 3618 roditis
326 3553 464 3637 gloriam,
478 3549 562 3613 nullo
578 3567 711 3629 uuquem
730 3565 796 3610 evo
814 3543 1022 3625 assequemini,
1035 3543 1123 3606 fecilt
1141 3551 1186 3604 est
1200 3541 1287 3622 eujus

103 3665 198 3716 terere
209 3651 289 3716 iectu
300 3649 411 3726 eliens,
421 3647 593 3712 melioribus
605 3643 746 3727 auspiciis
759 3641 885 3726 eggredi
897 3640 954 3704 hoc
967 3660 1041 3722 opus
1053 3639 1155 3702 martii
1167 3647 1212 3700 est
1219 3655 1288 3719 pec·
