<?xml version="1.0" encoding="UTF-8"?>
<!DOCTYPE html PUBLIC "-//W3C//DTD XHTML 1.0 Transitional//EN"
    "http://www.w3.org/TR/xhtml1/DTD/xhtml1-transitional.dtd">
<html xmlns="http://www.w3.org/1999/xhtml" xml:lang="en" lang="en">
 <head>
  <title>
</title>
<meta http-equiv="Content-Type" content="text/html;charset=utf-8" />
  <meta name='ocr-system' content='tesseract 3.04.00' />
  <meta name='ocr-capabilities' content='ocr_page ocr_carea ocr_par ocr_line ocrx_word'/>
</head>
<body>
  <div class='ocr_page' id='page_1' title='image "./itinerariumthom00kerngoog_0299.png"; bbox 0 0 3225 4700; ppageno 0'>
   <div class='ocr_carea' id='block_1_1' title="bbox 74 338 1282 575">
    <p class='ocr_par' dir='ltr' id='par_1_1' title="bbox 74 338 1282 575">
     <span class='ocr_line' id='line_1_1' title="bbox 243 338 1282 441; baseline 0 -34"><span class='ocrx_word' id='word_1_1' title='bbox 243 432 249 441; x_wconf 29' lang='grc' dir='ltr'><strong><em>ι</em></strong></span> <span class='ocrx_word' id='word_1_2' title='bbox 493 338 897 411; x_wconf 75' lang='lat' dir='ltr'><em>ITINERARIUM.</em></span> <span class='ocrx_word' id='word_1_3' title='bbox 1221 341 1282 410; x_wconf 86' lang='lat'>197</span> 
     </span>
     <span class='ocr_line' id='line_1_2' title="bbox 74 490 1280 575; baseline 0.005 -23"><span class='ocrx_word' id='word_1_4' title='bbox 74 490 322 556; x_wconf 77' lang='lat' dir='ltr'>Ehre&#39;nfalsenae</span> <span class='ocrx_word' id='word_1_5' title='bbox 335 490 446 573; x_wconf 77' lang='lat' dir='ltr'>ds&#39;quo</span> <span class='ocrx_word' id='word_1_6' title='bbox 458 493 702 575; x_wconf 80' lang='lat' dir='ltr'>supradiximus,</span> <span class='ocrx_word' id='word_1_7' title='bbox 720 514 850 575; x_wconf 88' lang='lat' dir='ltr'>cumque</span> <span class='ocrx_word' id='word_1_8' title='bbox 868 492 961 556; x_wconf 86' lang='lat' dir='ltr'>bostis</span> <span class='ocrx_word' id='word_1_9' title='bbox 979 512 1011 555; x_wconf 87' lang='lat' dir='ltr'>ae</span> <span class='ocrx_word' id='word_1_10' title='bbox 1027 494 1095 557; x_wconf 89' lang='lat' dir='ltr'>istic</span> <span class='ocrx_word' id='word_1_11' title='bbox 1107 495 1216 558; x_wconf 66' lang='lat' dir='ltr'>aeritn</span> <span class='ocrx_word' id='word_1_12' title='bbox 1228 496 1280 557; x_wconf 84' lang='lat' dir='ltr'>‹le-</span> 
     </span>
    </p>
   </div>
   <div class='ocr_carea' id='block_1_2' title="bbox 75 588 1285 1150">
    <p class='ocr_par' dir='ltr' id='par_1_2' title="bbox 75 588 1285 1150">
     <span class='ocr_line' id='line_1_3' title="bbox 75 588 1281 671; baseline 0.006 -24"><span class='ocrx_word' id='word_1_13' title='bbox 75 588 239 663; x_wconf 82' lang='lat' dir='ltr'>fcuderet,</span> <span class='ocrx_word' id='word_1_14' title='bbox 258 608 376 651; x_wconf 88' lang='lat' dir='ltr'>summa</span> <span class='ocrx_word' id='word_1_15' title='bbox 394 589 515 651; x_wconf 85' lang='lat' dir='ltr'>admota</span> <span class='ocrx_word' id='word_1_16' title='bbox 532 592 564 649; x_wconf 80' lang='lat' dir='ltr'>vi</span> <span class='ocrx_word' id='word_1_17' title='bbox 583 590 624 651; x_wconf 87' lang='lat' dir='ltr'>ite</span> <span class='ocrx_word' id='word_1_18' title='bbox 636 590 735 651; x_wconf 85' lang='lat' dir='ltr'>subito</span> <span class='ocrx_word' id='word_1_19' title='bbox 753 599 903 671; x_wconf 87' lang='lat' dir='ltr'>premunt,</span> <span class='ocrx_word' id='word_1_20' title='bbox 920 598 954 650; x_wconf 91' lang='lat' dir='ltr'>ut</span> <span class='ocrx_word' id='word_1_21' title='bbox 966 588 1065 652; x_wconf 88' lang='lat' dir='ltr'>hostes</span> <span class='ocrx_word' id='word_1_22' title='bbox 1076 592 1116 653; x_wconf 87' lang='lat' dir='ltr'>de</span> <span class='ocrx_word' id='word_1_23' title='bbox 1128 591 1281 655; x_wconf 75' lang='lat' dir='ltr'>deditium</span> 
     </span>
     <span class='ocr_line' id='line_1_4' title="bbox 76 684 1280 769; baseline 0.003 -24"><span class='ocrx_word' id='word_1_24' title='bbox 76 684 229 765; x_wconf 79' lang='lat' dir='ltr'>cogitare</span> <span class='ocrx_word' id='word_1_25' title='bbox 245 686 387 767; x_wconf 74' lang='lat' dir='ltr'>ceperint,</span> <span class='ocrx_word' id='word_1_26' title='bbox 401 704 439 747; x_wconf 90' lang='lat' dir='ltr'>ne</span> <span class='ocrx_word' id='word_1_27' title='bbox 453 684 529 748; x_wconf 81' lang='lat' dir='ltr'>forte</span> <span class='ocrx_word' id='word_1_28' title='bbox 547 686 783 769; x_wconf 80' lang='lat' dir='ltr'>oppugnantium</span> <span class='ocrx_word' id='word_1_29' title='bbox 803 686 903 748; x_wconf 79' lang='lat' dir='ltr'>furore</span> <span class='ocrx_word' id='word_1_30' title='bbox 921 686 1079 768; x_wconf 89' lang='lat' dir='ltr'>intercepti</span> <span class='ocrx_word' id='word_1_31' title='bbox 1098 687 1191 749; x_wconf 81' lang='lat' dir='ltr'>vitam</span> <span class='ocrx_word' id='word_1_32' title='bbox 1209 708 1280 749; x_wconf 89' lang='lat' dir='ltr'>cnm</span> 
     </span>
     <span class='ocr_line' id='line_1_5' title="bbox 77 778 1285 865; baseline 0.006 -26"><span class='ocrx_word' id='word_1_33' title='bbox 77 778 183 842; x_wconf 89' lang='lat' dir='ltr'>armis</span> <span class='ocrx_word' id='word_1_34' title='bbox 194 800 305 862; x_wconf 88' lang='lat' dir='ltr'>ponere</span> <span class='ocrx_word' id='word_1_35' title='bbox 318 782 405 843; x_wconf 86' lang='lat' dir='ltr'>inviti</span> <span class='ocrx_word' id='word_1_36' title='bbox 418 790 605 863; x_wconf 81' lang='lat' dir='ltr'>cogerentur.</span> <span class='ocrx_word' id='word_1_37' title='bbox 648 780 719 841; x_wconf 91' lang='lat' dir='ltr'>Hoc</span> <span class='ocrx_word' id='word_1_38' title='bbox 732 782 798 843; x_wconf 91' lang='lat' dir='ltr'>loco</span> <span class='ocrx_word' id='word_1_39' title='bbox 811 781 933 843; x_wconf 85' lang='lat' dir='ltr'>servitia</span> <span class='ocrx_word' id='word_1_40' title='bbox 946 781 1096 843; x_wconf 83' lang='lat' dir='ltr'>Bararica</span> <span class='ocrx_word' id='word_1_41' title='bbox 1111 793 1179 865; x_wconf 89' lang='lat' dir='ltr'>post</span> <span class='ocrx_word' id='word_1_42' title='bbox 1196 785 1285 846; x_wconf 82' lang='lat' dir='ltr'>(ledi-</span> 
     </span>
     <span class='ocr_line' id='line_1_6' title="bbox 78 874 1282 960; baseline 0.005 -25"><span class='ocrx_word' id='word_1_43' title='bbox 78 874 204 937; x_wconf 85' lang='lat' dir='ltr'>tionem</span> <span class='ocrx_word' id='word_1_44' title='bbox 225 876 304 939; x_wconf 90' lang='lat' dir='ltr'>ultro</span> <span class='ocrx_word' id='word_1_45' title='bbox 323 886 517 958; x_wconf 87' lang='lat' dir='ltr'>susceperunt</span> <span class='ocrx_word' id='word_1_46' title='bbox 531 876 750 958; x_wconf 72' lang='lat' dir='ltr'><strong>quinquaginta</strong></span> <span class='ocrx_word' id='word_1_47' title='bbox 765 876 876 937; x_wconf 86' lang='lat' dir='ltr'>milites</span> <span class='ocrx_word' id='word_1_48' title='bbox 893 877 1033 959; x_wconf 78' lang='lat' dir='ltr'>gregarii,</span> <span class='ocrx_word' id='word_1_49' title='bbox 1046 878 1195 941; x_wconf 79' lang='lat' dir='ltr'>vexillifer</span> <span class='ocrx_word' id='word_1_50' title='bbox 1206 900 1282 960; x_wconf 85' lang='lat' dir='ltr'>pne·</span> 
     </span>
     <span class='ocr_line' id='line_1_7' title="bbox 80 971 1281 1054; baseline 0.005 -23"><span class='ocrx_word' id='word_1_51' title='bbox 80 980 174 1033; x_wconf 73' lang='lat' dir='ltr'>terea</span> <span class='ocrx_word' id='word_1_52' title='bbox 185 992 274 1047; x_wconf 87' lang='lat' dir='ltr'>unus,</span> <span class='ocrx_word' id='word_1_53' title='bbox 289 993 358 1036; x_wconf 86' lang='lat' dir='ltr'>cum</span> <span class='ocrx_word' id='word_1_54' title='bbox 370 982 498 1054; x_wconf 83' lang='lat' dir='ltr'>quatuor</span> <span class='ocrx_word' id='word_1_55' title='bbox 510 972 659 1034; x_wconf 86' lang='lat' dir='ltr'>officiariis</span> <span class='ocrx_word' id='word_1_56' title='bbox 675 972 752 1033; x_wconf 85' lang='lat' dir='ltr'>aliis.</span> <span class='ocrx_word' id='word_1_57' title='bbox 793 971 939 1033; x_wconf 82' lang='lat' dir='ltr'>Manebat</span> <span class='ocrx_word' id='word_1_58' title='bbox 956 992 1028 1035; x_wconf 79' lang='lat' dir='ltr'>sero</span> <span class='ocrx_word' id='word_1_59' title='bbox 1046 974 1137 1035; x_wconf 83' lang='lat' dir='ltr'>etiam</span> <span class='ocrx_word' id='word_1_60' title='bbox 1156 985 1229 1037; x_wconf 90' lang='lat' dir='ltr'>tuuc</span> <span class='ocrx_word' id='word_1_61' title='bbox 1247 976 1281 1037; x_wconf 88' lang='lat' dir='ltr'>in</span> 
     </span>
     <span class='ocr_line' id='line_1_8' title="bbox 81 1066 1282 1150; baseline 0.006 -25"><span class='ocrx_word' id='word_1_62' title='bbox 81 1066 339 1131; x_wconf 86' lang='lat' dir='ltr'>Wimarisnsium</span> <span class='ocrx_word' id='word_1_63' title='bbox 353 1077 499 1150; x_wconf 73' lang='lat' dir='ltr'>potestate</span> <span class='ocrx_word' id='word_1_64' title='bbox 512 1067 731 1142; x_wconf 82' lang='lat' dir='ltr'>Orucenacum,</span> <span class='ocrx_word' id='word_1_65' title='bbox 747 1067 860 1150; x_wconf 67' lang='grc' dir='ltr'><strong>Βίιιςιι,</strong></span> <span class='ocrx_word' id='word_1_66' title='bbox 875 1068 1111 1144; x_wconf 72' lang='lat' dir='ltr'>Baccharum,</span> <span class='ocrx_word' id='word_1_67' title='bbox 1124 1078 1156 1129; x_wconf 90' lang='lat' dir='ltr'>et</span> <span class='ocrx_word' id='word_1_68' title='bbox 1168 1069 1282 1132; x_wconf 87' lang='lat' dir='ltr'>Castel-</span> 
     </span>
    </p>
   </div>
   <div class='ocr_carea' id='block_1_3' title="bbox 80 1155 1409 1245">
    <p class='ocr_par' dir='ltr' id='par_1_3' title="bbox 80 1155 1409 1245">
     <span class='ocr_line' id='line_1_9' title="bbox 80 1155 1409 1245; baseline 0.005 -23"><span class='ocrx_word' id='word_1_69' title='bbox 80 1160 240 1239; x_wconf 87' lang='lat' dir='ltr'>lauuium,</span> <span class='ocrx_word' id='word_1_70' title='bbox 253 1184 322 1245; x_wconf 80' lang='lat' dir='ltr'>quoe</span> <span class='ocrx_word' id='word_1_71' title='bbox 337 1166 450 1227; x_wconf 85' lang='lat' dir='ltr'>Bavari</span> <span class='ocrx_word' id='word_1_72' title='bbox 462 1164 523 1225; x_wconf 89' lang='lat' dir='ltr'>alio</span> <span class='ocrx_word' id='word_1_73' title='bbox 536 1164 653 1226; x_wconf 78' lang='lat' dir='ltr'>avocati</span> <span class='ocrx_word' id='word_1_74' title='bbox 666 1184 736 1225; x_wconf 87' lang='lat' dir='ltr'>cum</span> <span class='ocrx_word' id='word_1_75' title='bbox 750 1173 924 1245; x_wconf 83' lang='lat' dir='ltr'>apparatum</span> <span class='ocrx_word' id='word_1_76' title='bbox 933 1164 1075 1227; x_wconf 87' lang='lat' dir='ltr'>bellicum</span> <span class='ocrx_word' id='word_1_77' title='bbox 1086 1164 1282 1228; x_wconf 81' lang='lat' dir='ltr'>sufficientem</span> <span class='ocrx_word' id='word_1_78' title='bbox 1405 1155 1409 1162; x_wconf 72' lang='grc'><strong>’</strong></span> 
     </span>
    </p>
   </div>
   <div class='ocr_carea' id='block_1_4' title="bbox 13 1258 1375 3744">
    <p class='ocr_par' dir='ltr' id='par_1_4' title="bbox 84 1258 1282 1630">
     <span class='ocr_line' id='line_1_10' title="bbox 84 1258 1282 1340; baseline 0.007 -25"><span class='ocrx_word' id='word_1_79' title='bbox 84 1258 311 1340; x_wconf 76' lang='lat' dir='ltr'>oppugnationi</span> <span class='ocrx_word' id='word_1_80' title='bbox 329 1281 388 1321; x_wconf 89' lang='lat' dir='ltr'>uon</span> <span class='ocrx_word' id='word_1_81' title='bbox 406 1260 549 1322; x_wconf 89' lang='lat' dir='ltr'>haberent</span> <span class='ocrx_word' id='word_1_82' title='bbox 561 1261 594 1321; x_wconf 88' lang='lat' dir='ltr'>in</span> <span class='ocrx_word' id='word_1_83' title='bbox 610 1258 711 1322; x_wconf 88' lang='lat' dir='ltr'>hostili</span> <span class='ocrx_word' id='word_1_84' title='bbox 730 1278 822 1321; x_wconf 90' lang='lat' dir='ltr'>manu</span> <span class='ocrx_word' id='word_1_85' title='bbox 838 1260 984 1340; x_wconf 72' lang='lat' dir='ltr'>tantisper</span> <span class='ocrx_word' id='word_1_86' title='bbox 1001 1260 1169 1340; x_wconf 82' lang='lat' dir='ltr'>relinquere</span> <span class='ocrx_word' id='word_1_87' title='bbox 1186 1262 1282 1323; x_wconf 87' lang='lat' dir='ltr'>coacti</span> 
     </span>
     <span class='ocr_line' id='line_1_11' title="bbox 85 1355 1282 1438; baseline 0.003 -23"><span class='ocrx_word' id='word_1_88' title='bbox 85 1366 181 1431; x_wconf 84' lang='lat' dir='ltr'>sunt;</span> <span class='ocrx_word' id='word_1_89' title='bbox 200 1358 242 1419; x_wconf 84' lang='lat' dir='ltr'>ad</span> <span class='ocrx_word' id='word_1_90' title='bbox 261 1357 321 1420; x_wconf 89' lang='lat' dir='ltr'>alia</span> <span class='ocrx_word' id='word_1_91' title='bbox 341 1366 443 1419; x_wconf 61' lang='lat' dir='ltr'>nmen</span> <span class='ocrx_word' id='word_1_92' title='bbox 464 1357 531 1419; x_wconf 88' lang='lat' dir='ltr'>loca</span> <span class='ocrx_word' id='word_1_93' title='bbox 547 1376 616 1437; x_wconf 82' lang='lat' dir='ltr'>quoe</span> <span class='ocrx_word' id='word_1_94' title='bbox 636 1356 728 1419; x_wconf 89' lang='lat' dir='ltr'>hostis</span> <span class='ocrx_word' id='word_1_95' title='bbox 746 1356 875 1431; x_wconf 88' lang='lat' dir='ltr'>tenebat,</span> <span class='ocrx_word' id='word_1_96' title='bbox 894 1374 930 1417; x_wconf 90' lang='lat' dir='ltr'>ae</span> <span class='ocrx_word' id='word_1_97' title='bbox 942 1355 996 1417; x_wconf 92' lang='lat' dir='ltr'>ubi</span> <span class='ocrx_word' id='word_1_98' title='bbox 1013 1356 1121 1438; x_wconf 88' lang='lat' dir='ltr'>majori</span> <span class='ocrx_word' id='word_1_99' title='bbox 1137 1366 1282 1438; x_wconf 85' lang='lat' dir='ltr'>apparatu</span> 
     </span>
     <span class='ocr_line' id='line_1_12' title="bbox 86 1451 1282 1535; baseline 0.005 -26"><span class='ocrx_word' id='word_1_100' title='bbox 86 1470 167 1529; x_wconf 88' lang='lat' dir='ltr'>opus</span> <span class='ocrx_word' id='word_1_101' title='bbox 186 1471 247 1513; x_wconf 89' lang='lat' dir='ltr'>non</span> <span class='ocrx_word' id='word_1_102' title='bbox 267 1462 342 1529; x_wconf 72' lang='lat' dir='ltr'>erat,</span> <span class='ocrx_word' id='word_1_103' title='bbox 365 1453 500 1515; x_wconf 88' lang='lat' dir='ltr'>animum</span> <span class='ocrx_word' id='word_1_104' title='bbox 520 1462 552 1515; x_wconf 91' lang='lat' dir='ltr'>et</span> <span class='ocrx_word' id='word_1_105' title='bbox 570 1472 655 1515; x_wconf 89' lang='lat' dir='ltr'>arma</span> <span class='ocrx_word' id='word_1_106' title='bbox 672 1453 857 1535; x_wconf 81' lang='lat' dir='ltr'>adjecerant,</span> <span class='ocrx_word' id='word_1_107' title='bbox 877 1472 915 1513; x_wconf 80' lang='lat' dir='ltr'>ex</span> <span class='ocrx_word' id='word_1_108' title='bbox 934 1451 1043 1533; x_wconf 84' lang='lat' dir='ltr'>quibua</span> <span class='ocrx_word' id='word_1_109' title='bbox 1061 1452 1179 1515; x_wconf 88' lang='lat' dir='ltr'>bostem</span> <span class='ocrx_word' id='word_1_110' title='bbox 1199 1451 1282 1515; x_wconf 89' lang='lat' dir='ltr'>band</span> 
     </span>
     <span class='ocr_line' id='line_1_13' title="bbox 88 1544 456 1630; baseline 0.014 -25"><span class='ocrx_word' id='word_1_111' title='bbox 88 1544 254 1608; x_wconf 85' lang='lat' dir='ltr'>difficulter</span> <span class='ocrx_word' id='word_1_112' title='bbox 267 1547 456 1630; x_wconf 84' lang='lat' dir='ltr'>expulerunt.</span> 
     </span>
    </p>

    <p class='ocr_par' dir='ltr' id='par_1_5' title="bbox 89 1642 1284 2783">
     <span class='ocr_line' id='line_1_14' title="bbox 132 1642 1281 1725; baseline 0.003 -23"><span class='ocrx_word' id='word_1_113' title='bbox 132 1642 173 1702; x_wconf 93' lang='lat' dir='ltr'>In</span> <span class='ocrx_word' id='word_1_114' title='bbox 193 1642 376 1725; x_wconf 79' lang='lat' dir='ltr'>Rhingarire</span> <span class='ocrx_word' id='word_1_115' title='bbox 393 1644 587 1725; x_wconf 75' lang='lat' dir='ltr'>occupatione</span> <span class='ocrx_word' id='word_1_116' title='bbox 603 1643 759 1706; x_wconf 87' lang='lat' dir='ltr'>Wimariis</span> <span class='ocrx_word' id='word_1_117' title='bbox 777 1642 868 1715; x_wconf 82' lang='lat' dir='ltr'>faeta,</span> <span class='ocrx_word' id='word_1_118' title='bbox 884 1642 975 1706; x_wconf 85' lang='lat' dir='ltr'>turris</span> <span class='ocrx_word' id='word_1_119' title='bbox 987 1662 1105 1725; x_wconf 88' lang='lat' dir='ltr'>quoqne</span> <span class='ocrx_word' id='word_1_120' title='bbox 1124 1644 1156 1705; x_wconf 87' lang='lat' dir='ltr'>in</span> <span class='ocrx_word' id='word_1_121' title='bbox 1173 1644 1281 1707; x_wconf 81' lang='lat' dir='ltr'>Rheno</span> 
     </span>
     <span class='ocr_line' id='line_1_15' title="bbox 89 1736 1282 1822; baseline 0.004 -24"><span class='ocrx_word' id='word_1_122' title='bbox 89 1736 161 1814; x_wconf 83' lang='lat' dir='ltr'>sita,</span> <span class='ocrx_word' id='word_1_123' title='bbox 186 1758 278 1819; x_wconf 88' lang='lat' dir='ltr'>quam</span> <span class='ocrx_word' id='word_1_124' title='bbox 299 1738 319 1801; x_wconf 76' lang='lat' dir='ltr'>b</span> <span class='ocrx_word' id='word_1_125' title='bbox 338 1740 473 1803; x_wconf 85' lang='lat' dir='ltr'>muribus</span> <span class='ocrx_word' id='word_1_126' title='bbox 488 1740 716 1802; x_wconf 80' lang='lat' dir='ltr'>immemorabili</span> <span class='ocrx_word' id='word_1_127' title='bbox 734 1740 772 1801; x_wconf 86' lang='lat' dir='ltr'>ab</span> <span class='ocrx_word' id='word_1_128' title='bbox 789 1740 862 1801; x_wconf 87' lang='lat' dir='ltr'>hino</span> <span class='ocrx_word' id='word_1_129' title='bbox 875 1750 1008 1820; x_wconf 84' lang='lat' dir='ltr'>tempore</span> <span class='ocrx_word' id='word_1_130' title='bbox 1025 1740 1137 1801; x_wconf 73' lang='lat' dir='ltr'>accolae</span> <span class='ocrx_word' id='word_1_131' title='bbox 1152 1741 1282 1822; x_wconf 88' lang='lat' dir='ltr'>appella·</span> 
     </span>
     <span class='ocr_line' id='line_1_16' title="bbox 89 1834 1283 1918; baseline 0.003 -23"><span class='ocrx_word' id='word_1_132' title='bbox 89 1844 175 1909; x_wconf 79' lang='lat' dir='ltr'>runt,</span> <span class='ocrx_word' id='word_1_133' title='bbox 187 1834 297 1897; x_wconf 86' lang='lat' dir='ltr'>insessa</span> <span class='ocrx_word' id='word_1_134' title='bbox 309 1846 364 1911; x_wconf 86' lang='lat' dir='ltr'>est,</span> <span class='ocrx_word' id='word_1_135' title='bbox 377 1854 443 1898; x_wconf 86' lang='lat' dir='ltr'>eam</span> <span class='ocrx_word' id='word_1_136' title='bbox 456 1836 512 1899; x_wconf 88' lang='lat' dir='ltr'>boc</span> <span class='ocrx_word' id='word_1_137' title='bbox 525 1856 644 1918; x_wconf 85' lang='lat' dir='ltr'>quoque</span> <span class='ocrx_word' id='word_1_138' title='bbox 656 1845 789 1918; x_wconf 90' lang='lat' dir='ltr'>tempore</span> <span class='ocrx_word' id='word_1_139' title='bbox 801 1836 937 1898; x_wconf 85' lang='lat' dir='ltr'>deserere</span> <span class='ocrx_word' id='word_1_140' title='bbox 952 1835 1049 1897; x_wconf 89' lang='lat' dir='ltr'>coacti</span> <span class='ocrx_word' id='word_1_141' title='bbox 1065 1844 1146 1908; x_wconf 84' lang='lat' dir='ltr'>suut,</span> <span class='ocrx_word' id='word_1_142' title='bbox 1162 1836 1195 1897; x_wconf 90' lang='lat' dir='ltr'>iu</span> <span class='ocrx_word' id='word_1_143' title='bbox 1209 1856 1283 1918; x_wconf 89' lang='lat' dir='ltr'>qno·</span> 
     </span>
     <span class='ocr_line' id='line_1_17' title="bbox 90 1930 1282 2014; baseline 0.002 -23"><span class='ocrx_word' id='word_1_144' title='bbox 90 1950 165 1992; x_wconf 87' lang='lat' dir='ltr'>rum</span> <span class='ocrx_word' id='word_1_145' title='bbox 179 1931 335 1995; x_wconf 70' lang='lat' dir='ltr'>nafionsm</span> <span class='ocrx_word' id='word_1_146' title='bbox 352 1932 453 1995; x_wconf 86' lang='lat' dir='ltr'>viceni</span> <span class='ocrx_word' id='word_1_147' title='bbox 468 1934 606 2014; x_wconf 87' lang='lat' dir='ltr'>quaterni</span> <span class='ocrx_word' id='word_1_148' title='bbox 621 1933 775 1995; x_wconf 70' lang='lat' dir='ltr'>desultorii</span> <span class='ocrx_word' id='word_1_149' title='bbox 793 1952 832 1994; x_wconf 82' lang='lat' dir='ltr'>ex</span> <span class='ocrx_word' id='word_1_150' title='bbox 849 1930 1007 1993; x_wconf 80' lang='lat' dir='ltr'>Berenicis</span> <span class='ocrx_word' id='word_1_151' title='bbox 1021 1930 1117 2011; x_wconf 88' lang='lat' dir='ltr'>copiis</span> <span class='ocrx_word' id='word_1_152' title='bbox 1133 1950 1196 1992; x_wconf 86' lang='lat' dir='ltr'>nna</span> <span class='ocrx_word' id='word_1_153' title='bbox 1211 1952 1282 1993; x_wconf 89' lang='lat' dir='ltr'>cum</span> 
     </span>
     <span class='ocr_line' id='line_1_18' title="bbox 92 2023 1283 2106; baseline 0.003 -21"><span class='ocrx_word' id='word_1_154' title='bbox 92 2023 314 2089; x_wconf 87' lang='lat' dir='ltr'>locumteneute</span> <span class='ocrx_word' id='word_1_155' title='bbox 332 2039 548 2106; x_wconf 69' lang='lat' dir='ltr'>sumesseruut,</span> <span class='ocrx_word' id='word_1_156' title='bbox 565 2027 623 2089; x_wconf 91' lang='lat' dir='ltr'>boc</span> <span class='ocrx_word' id='word_1_157' title='bbox 640 2028 701 2089; x_wconf 82' lang='lat' dir='ltr'>fere</span> <span class='ocrx_word' id='word_1_158' title='bbox 719 2028 820 2090; x_wconf 87' lang='lat' dir='ltr'>modo.</span> <span class='ocrx_word' id='word_1_159' title='bbox 860 2027 947 2089; x_wconf 85' lang='lat' dir='ltr'>Dicti</span> <span class='ocrx_word' id='word_1_160' title='bbox 964 2025 1118 2089; x_wconf 89' lang='lat' dir='ltr'>desultorii</span> <span class='ocrx_word' id='word_1_161' title='bbox 1137 2046 1206 2088; x_wconf 89' lang='lat' dir='ltr'>cnm</span> <span class='ocrx_word' id='word_1_162' title='bbox 1227 2046 1283 2089; x_wconf 86' lang='lat' dir='ltr'>sno</span> 
     </span>
     <span class='ocr_line' id='line_1_19' title="bbox 92 2120 1282 2206; baseline 0.003 -24"><span class='ocrx_word' id='word_1_163' title='bbox 92 2120 313 2185; x_wconf 87' lang='lat' dir='ltr'>locumtenente</span> <span class='ocrx_word' id='word_1_164' title='bbox 333 2123 408 2185; x_wconf 81' lang='lat' dir='ltr'>dnae</span> <span class='ocrx_word' id='word_1_165' title='bbox 424 2123 549 2206; x_wconf 75' lang='lat' dir='ltr'>anaphen</span> <span class='ocrx_word' id='word_1_166' title='bbox 567 2123 789 2197; x_wconf 87' lang='lat' dir='ltr'>inscenderunt,</span> <span class='ocrx_word' id='word_1_167' title='bbox 811 2142 987 2204; x_wconf 87' lang='lat' dir='ltr'>summoque</span> <span class='ocrx_word' id='word_1_168' title='bbox 1010 2142 1080 2185; x_wconf 88' lang='lat' dir='ltr'>oum</span> <span class='ocrx_word' id='word_1_169' title='bbox 1100 2121 1220 2185; x_wconf 88' lang='lat' dir='ltr'>silentio</span> <span class='ocrx_word' id='word_1_170' title='bbox 1242 2123 1282 2186; x_wconf 84' lang='lat' dir='ltr'>ad</span> 
     </span>
     <span class='ocr_line' id='line_1_20' title="bbox 94 2218 1283 2303; baseline 0.002 -24"><span class='ocrx_word' id='word_1_171' title='bbox 94 2218 203 2281; x_wconf 86' lang='lat' dir='ltr'>turrim</span> <span class='ocrx_word' id='word_1_172' title='bbox 216 2238 304 2300; x_wconf 86' lang='lat' dir='ltr'>supra</span> <span class='ocrx_word' id='word_1_173' title='bbox 315 2220 429 2283; x_wconf 86' lang='lat' dir='ltr'>dietam</span> <span class='ocrx_word' id='word_1_174' title='bbox 443 2220 631 2303; x_wconf 86' lang='lat' dir='ltr'>appulerunt,</span> <span class='ocrx_word' id='word_1_175' title='bbox 650 2219 851 2301; x_wconf 86' lang='lat' dir='ltr'>appositisque</span> <span class='ocrx_word' id='word_1_176' title='bbox 866 2218 955 2283; x_wconf 87' lang='lat' dir='ltr'>scalis</span> <span class='ocrx_word' id='word_1_177' title='bbox 967 2238 1040 2299; x_wconf 88' lang='lat' dir='ltr'>quas</span> <span class='ocrx_word' id='word_1_178' title='bbox 1053 2238 1154 2281; x_wconf 86' lang='lat' dir='ltr'>secum</span> <span class='ocrx_word' id='word_1_179' title='bbox 1171 2220 1283 2281; x_wconf 84' lang='lat' dir='ltr'>advex-</span> 
     </span>
     <span class='ocr_line' id='line_1_21' title="bbox 94 2314 1281 2400; baseline 0.001 -23"><span class='ocrx_word' id='word_1_180' title='bbox 94 2324 190 2393; x_wconf 78' lang='lat' dir='ltr'>erant,</span> <span class='ocrx_word' id='word_1_181' title='bbox 212 2315 317 2398; x_wconf 77' lang='lat' dir='ltr'>globos</span> <span class='ocrx_word' id='word_1_182' title='bbox 336 2317 490 2400; x_wconf 81' lang='lat' dir='ltr'>igniferos,</span> <span class='ocrx_word' id='word_1_183' title='bbox 505 2335 580 2398; x_wconf 87' lang='lat' dir='ltr'>quos</span> <span class='ocrx_word' id='word_1_184' title='bbox 593 2315 613 2379; x_wconf 73' lang='grc' dir='ltr'>ὲ</span> <span class='ocrx_word' id='word_1_185' title='bbox 625 2314 722 2379; x_wconf 84' lang='lat' dir='ltr'>forma</span> <span class='ocrx_word' id='word_1_186' title='bbox 740 2315 890 2379; x_wconf 86' lang='lat' dir='ltr'>malorum</span> <span class='ocrx_word' id='word_1_187' title='bbox 907 2322 1101 2398; x_wconf 74' lang='lat' dir='ltr'>grmatorum</span> <span class='ocrx_word' id='word_1_188' title='bbox 1120 2316 1281 2397; x_wconf 84' lang='lat' dir='ltr'>appellant,</span> 
     </span>
     <span class='ocr_line' id='line_1_22' title="bbox 95 2410 1282 2495; baseline 0 -21"><span class='ocrx_word' id='word_1_189' title='bbox 95 2411 269 2492; x_wconf 77' lang='lat' dir='ltr'>sulphurato</span> <span class='ocrx_word' id='word_1_190' title='bbox 285 2413 408 2494; x_wconf 82' lang='lat' dir='ltr'>pulvere</span> <span class='ocrx_word' id='word_1_191' title='bbox 426 2423 456 2476; x_wconf 92' lang='lat' dir='ltr'>et</span> <span class='ocrx_word' id='word_1_192' title='bbox 473 2413 552 2475; x_wconf 80' lang='lat' dir='ltr'>ferro</span> <span class='ocrx_word' id='word_1_193' title='bbox 569 2413 665 2489; x_wconf 73' lang='lat' dir='ltr'>festos,</span> <span class='ocrx_word' id='word_1_194' title='bbox 684 2432 739 2495; x_wconf 87' lang='lat' dir='ltr'>per</span> <span class='ocrx_word' id='word_1_195' title='bbox 755 2413 926 2484; x_wconf 80' lang='lat' dir='ltr'>fenestram,</span> <span class='ocrx_word' id='word_1_196' title='bbox 938 2412 979 2472; x_wconf 88' lang='lat' dir='ltr'>ad</span> <span class='ocrx_word' id='word_1_197' title='bbox 991 2431 1083 2491; x_wconf 88' lang='lat' dir='ltr'>qnam</span> <span class='ocrx_word' id='word_1_198' title='bbox 1102 2410 1223 2473; x_wconf 81' lang='lat' dir='ltr'>Snedici</span> <span class='ocrx_word' id='word_1_199' title='bbox 1235 2433 1282 2474; x_wconf 90' lang='lat' dir='ltr'>re·</span> 
     </span>
     <span class='ocr_line' id='line_1_23' title="bbox 95 2505 1284 2592; baseline 0.002 -24"><span class='ocrx_word' id='word_1_200' title='bbox 95 2509 244 2570; x_wconf 80' lang='lat' dir='ltr'>missiones</span> <span class='ocrx_word' id='word_1_201' title='bbox 264 2509 404 2572; x_wconf 81' lang='lat' dir='ltr'>excubias</span> <span class='ocrx_word' id='word_1_202' title='bbox 425 2511 564 2592; x_wconf 84' lang='lat' dir='ltr'>agebant,</span> <span class='ocrx_word' id='word_1_203' title='bbox 586 2509 764 2591; x_wconf 87' lang='lat' dir='ltr'>injecerunt,</span> <span class='ocrx_word' id='word_1_204' title='bbox 783 2508 918 2588; x_wconf 84' lang='lat' dir='ltr'>adeoque</span> <span class='ocrx_word' id='word_1_205' title='bbox 937 2505 1101 2570; x_wconf 81' lang='lat' dir='ltr'>Wirnarioa</span> <span class='ocrx_word' id='word_1_206' title='bbox 1121 2506 1284 2587; x_wconf 84' lang='lat' dir='ltr'>improvisa</span> 
     </span>
     <span class='ocr_line' id='line_1_24' title="bbox 97 2601 1284 2686; baseline 0.002 -23"><span class='ocrx_word' id='word_1_207' title='bbox 97 2602 252 2684; x_wconf 78' lang='lat' dir='ltr'>globorum</span> <span class='ocrx_word' id='word_1_208' title='bbox 264 2604 297 2665; x_wconf 79' lang='lat' dir='ltr'>si</span> <span class='ocrx_word' id='word_1_209' title='bbox 309 2612 543 2686; x_wconf 85' lang='lat' dir='ltr'>perterruerunt,</span> <span class='ocrx_word' id='word_1_210' title='bbox 558 2611 591 2664; x_wconf 93' lang='lat' dir='ltr'>ut</span> <span class='ocrx_word' id='word_1_211' title='bbox 603 2602 791 2684; x_wconf 84' lang='lat' dir='ltr'>impatientes</span> <span class='ocrx_word' id='word_1_212' title='bbox 803 2601 953 2664; x_wconf 89' lang='lat' dir='ltr'>ulterioris</span> <span class='ocrx_word' id='word_1_213' title='bbox 965 2621 1058 2664; x_wconf 82' lang='lat' dir='ltr'>morte</span> <span class='ocrx_word' id='word_1_214' title='bbox 1070 2623 1142 2664; x_wconf 86' lang='lat' dir='ltr'>mox</span> <span class='ocrx_word' id='word_1_215' title='bbox 1155 2603 1284 2666; x_wconf 87' lang='lat' dir='ltr'>deditio·</span> 
     </span>
     <span class='ocr_line' id='line_1_25' title="bbox 98 2697 1050 2783; baseline 0.001 -24"><span class='ocrx_word' id='word_1_216' title='bbox 98 2718 165 2760; x_wconf 90' lang='lat' dir='ltr'>nem</span> <span class='ocrx_word' id='word_1_217' title='bbox 178 2697 276 2761; x_wconf 78' lang='lat' dir='ltr'>iacere</span> <span class='ocrx_word' id='word_1_218' title='bbox 288 2699 479 2783; x_wconf 85' lang='lat' dir='ltr'>sponderent,</span> <span class='ocrx_word' id='word_1_219' title='bbox 492 2699 584 2762; x_wconf 81' lang='lat' dir='ltr'>vitam</span> <span class='ocrx_word' id='word_1_220' title='bbox 598 2699 717 2760; x_wconf 86' lang='lat' dir='ltr'>unicam</span> <span class='ocrx_word' id='word_1_221' title='bbox 731 2698 845 2760; x_wconf 82' lang='lat' dir='ltr'>salvam</span> <span class='ocrx_word' id='word_1_222' title='bbox 857 2698 1050 2779; x_wconf 81' lang='lat' dir='ltr'>paciscentes.</span> 
     </span>
    </p>

    <p class='ocr_par' dir='ltr' id='par_1_6' title="bbox 13 2793 1375 3744">
     <span class='ocr_line' id='line_1_26' title="bbox 136 2793 1283 2876; baseline 0.001 -20"><span class='ocrx_word' id='word_1_223' title='bbox 136 2794 287 2858; x_wconf 76' lang='lat' dir='ltr'>Ceterum</span> <span class='ocrx_word' id='word_1_224' title='bbox 300 2795 501 2858; x_wconf 84' lang='lat' dir='ltr'>memorabilia</span> <span class='ocrx_word' id='word_1_225' title='bbox 514 2804 558 2857; x_wconf 86' lang='lat' dir='ltr'>est</span> <span class='ocrx_word' id='word_1_226' title='bbox 570 2814 638 2876; x_wconf 80' lang='lat' dir='ltr'>qna</span> <span class='ocrx_word' id='word_1_227' title='bbox 651 2794 690 2856; x_wconf 88' lang='lat' dir='ltr'>da</span> <span class='ocrx_word' id='word_1_228' title='bbox 702 2793 759 2856; x_wconf 88' lang='lat' dir='ltr'>hac</span> <span class='ocrx_word' id='word_1_229' title='bbox 775 2803 857 2856; x_wconf 87' lang='lat' dir='ltr'>turre</span> <span class='ocrx_word' id='word_1_230' title='bbox 872 2794 983 2875; x_wconf 83' lang='lat' dir='ltr'>passim</span> <span class='ocrx_word' id='word_1_231' title='bbox 998 2793 1207 2856; x_wconf 75' lang='lat' dir='ltr'>circumfertur</span> <span class='ocrx_word' id='word_1_232' title='bbox 1223 2794 1283 2857; x_wconf 86' lang='lat' dir='ltr'>his·</span> 
     </span>
     <span class='ocr_line' id='line_1_27' title="bbox 97 2889 1284 2972; baseline 0 -20"><span class='ocrx_word' id='word_1_233' title='bbox 97 2891 182 2968; x_wconf 89' lang='lat' dir='ltr'>toria,</span> <span class='ocrx_word' id='word_1_234' title='bbox 196 2911 288 2972; x_wconf 84' lang='lat' dir='ltr'>quum</span> <span class='ocrx_word' id='word_1_235' title='bbox 302 2892 372 2972; x_wconf 89' lang='lat' dir='ltr'>qnia</span> <span class='ocrx_word' id='word_1_236' title='bbox 383 2893 424 2954; x_wconf 77' lang='lat' dir='ltr'>aul</span> <span class='ocrx_word' id='word_1_237' title='bbox 436 2911 532 2954; x_wconf 87' lang='lat' dir='ltr'>mores</span> <span class='ocrx_word' id='word_1_238' title='bbox 544 2891 713 2954; x_wconf 86' lang='lat' dir='ltr'>conducere</span> <span class='ocrx_word' id='word_1_239' title='bbox 726 2899 756 2952; x_wconf 93' lang='lat' dir='ltr'>et</span> <span class='ocrx_word' id='word_1_240' title='bbox 767 2890 844 2954; x_wconf 85' lang='lat' dir='ltr'>vitia</span> <span class='ocrx_word' id='word_1_241' title='bbox 855 2899 957 2953; x_wconf 85' lang='lat' dir='ltr'>taxare</span> <span class='ocrx_word' id='word_1_242' title='bbox 971 2890 1069 2966; x_wconf 87' lang='lat' dir='ltr'>video,</span> <span class='ocrx_word' id='word_1_243' title='bbox 1083 2889 1145 2952; x_wconf 85' lang='lat' dir='ltr'>lide</span> <span class='ocrx_word' id='word_1_244' title='bbox 1158 2910 1218 2971; x_wconf 87' lang='lat' dir='ltr'>qua</span> <span class='ocrx_word' id='word_1_245' title='bbox 1234 2910 1284 2952; x_wconf 89' lang='lat' dir='ltr'>ao·</span> 
     </span>
     <span class='ocr_line' id='line_1_28' title="bbox 98 2986 1375 3070; baseline -0.002 -23"><span class='ocrx_word' id='word_1_246' title='bbox 98 2987 162 3068; x_wconf 92' lang='lat' dir='ltr'>cepi</span> <span class='ocrx_word' id='word_1_247' title='bbox 174 2987 321 3049; x_wconf 84' lang='lat' dir='ltr'>adscribo.</span> <span class='ocrx_word' id='word_1_248' title='bbox 357 2989 457 3050; x_wconf 82' lang='lat' dir='ltr'>Aiunt</span> <span class='ocrx_word' id='word_1_249' title='bbox 466 2995 535 3050; x_wconf 84' lang='lat' dir='ltr'>aute</span> <span class='ocrx_word' id='word_1_250' title='bbox 548 2987 698 3069; x_wconf 90' lang='lat' dir='ltr'>plusculos</span> <span class='ocrx_word' id='word_1_251' title='bbox 711 3007 806 3048; x_wconf 83' lang='lat' dir='ltr'>annos</span> <span class='ocrx_word' id='word_1_252' title='bbox 817 2987 976 3070; x_wconf 80' lang='lat' dir='ltr'>praecipuae</span> <span class='ocrx_word' id='word_1_253' title='bbox 990 2986 1174 3050; x_wconf 84' lang='lat' dir='ltr'>auctoritatis</span> <span class='ocrx_word' id='word_1_254' title='bbox 1181 2988 1282 3050; x_wconf 76' lang='lat' dir='ltr'>virm</span> <span class='ocrx_word' id='word_1_255' title='bbox 1368 3027 1375 3045; x_wconf 88' lang='lat'>.</span> 
     </span>
     <span class='ocr_line' id='line_1_29' title="bbox 98 3081 1283 3166; baseline 0 -22"><span class='ocrx_word' id='word_1_256' title='bbox 98 3083 245 3164; x_wconf 85' lang='lat' dir='ltr'>quendam</span> <span class='ocrx_word' id='word_1_257' title='bbox 255 3082 518 3166; x_wconf 67' lang='lat' dir='ltr'>Mogontiacum</span> <span class='ocrx_word' id='word_1_258' title='bbox 529 3083 635 3146; x_wconf 83' lang='lat' dir='ltr'>vixisse</span> <span class='ocrx_word' id='word_1_259' title='bbox 645 3082 812 3144; x_wconf 85' lang='lat' dir='ltr'>Hattouem</span> <span class='ocrx_word' id='word_1_260' title='bbox 822 3083 953 3158; x_wconf 89' lang='lat' dir='ltr'>nomine,</span> <span class='ocrx_word' id='word_1_261' title='bbox 963 3081 1283 3165; x_wconf 78' lang='lat' dir='ltr'>homiuemiusigniter</span> 
     </span>
     <span class='ocr_line' id='line_1_30' title="bbox 99 3175 1283 3262; baseline 0.002 -24"><span class='ocrx_word' id='word_1_262' title='bbox 99 3177 131 3239; x_wconf 89' lang='lat' dir='ltr'>in</span> <span class='ocrx_word' id='word_1_263' title='bbox 141 3197 249 3261; x_wconf 78' lang='lat' dir='ltr'>egenos</span> <span class='ocrx_word' id='word_1_264' title='bbox 256 3188 287 3240; x_wconf 90' lang='lat' dir='ltr'>ct</span> <span class='ocrx_word' id='word_1_265' title='bbox 295 3198 437 3262; x_wconf 86' lang='lat' dir='ltr'>pauperes</span> <span class='ocrx_word' id='word_1_266' title='bbox 447 3178 603 3254; x_wconf 87' lang='lat' dir='ltr'>immitem,</span> <span class='ocrx_word' id='word_1_267' title='bbox 614 3177 667 3258; x_wconf 92' lang='lat' dir='ltr'>qui</span> <span class='ocrx_word' id='word_1_268' title='bbox 677 3196 747 3238; x_wconf 92' lang='lat' dir='ltr'>cum</span> <span class='ocrx_word' id='word_1_269' title='bbox 759 3175 920 3258; x_wconf 84' lang='lat' dir='ltr'>aliquando</span> <span class='ocrx_word' id='word_1_270' title='bbox 928 3187 1020 3241; x_wconf 87' lang='lat' dir='ltr'>totam</span> <span class='ocrx_word' id='word_1_271' title='bbox 1029 3178 1156 3260; x_wconf 83' lang='lat' dir='ltr'>patriam</span> <span class='ocrx_word' id='word_1_272' title='bbox 1165 3199 1283 3241; x_wconf 87' lang='lat' dir='ltr'>summa</span> 
     </span>
     <span class='ocr_line' id='line_1_31' title="bbox 98 3273 1283 3358; baseline 0.001 -22"><span class='ocrx_word' id='word_1_273' title='bbox 98 3293 226 3355; x_wconf 84' lang='lat' dir='ltr'>pressam</span> <span class='ocrx_word' id='word_1_274' title='bbox 243 3275 346 3356; x_wconf 88' lang='lat' dir='ltr'>inopie</span> <span class='ocrx_word' id='word_1_275' title='bbox 363 3273 551 3358; x_wconf 87' lang='lat' dir='ltr'>conspicatus</span> <span class='ocrx_word' id='word_1_276' title='bbox 567 3283 654 3349; x_wconf 88' lang='lat' dir='ltr'>esset,</span> <span class='ocrx_word' id='word_1_277' title='bbox 672 3273 822 3336; x_wconf 75' lang='lat' dir='ltr'>frumenta</span> <span class='ocrx_word' id='word_1_278' title='bbox 834 3293 993 3336; x_wconf 81' lang='lat' dir='ltr'>avarorum</span> <span class='ocrx_word' id='word_1_279' title='bbox 1005 3293 1087 3336; x_wconf 85' lang='lat' dir='ltr'>more</span> <span class='ocrx_word' id='word_1_280' title='bbox 1098 3275 1283 3355; x_wconf 82' lang='lat' dir='ltr'>compressit</span> 
     </span>
     <span class='ocr_line' id='line_1_32' title="bbox 100 3369 1283 3452; baseline 0 -19"><span class='ocrx_word' id='word_1_281' title='bbox 100 3371 177 3433; x_wconf 85' lang='lat' dir='ltr'>Cum</span> <span class='ocrx_word' id='word_1_282' title='bbox 197 3391 269 3434; x_wconf 79' lang='lat' dir='ltr'>vero</span> <span class='ocrx_word' id='word_1_283' title='bbox 287 3371 426 3433; x_wconf 88' lang='lat' dir='ltr'>examina</span> <span class='ocrx_word' id='word_1_284' title='bbox 444 3371 652 3433; x_wconf 88' lang='lat' dir='ltr'>mendicorum</span> <span class='ocrx_word' id='word_1_285' title='bbox 673 3369 786 3432; x_wconf 69' lang='lat' dir='ltr'>sannis</span> <span class='ocrx_word' id='word_1_286' title='bbox 806 3369 1028 3452; x_wconf 83' lang='lat' dir='ltr'>importunitate</span> <span class='ocrx_word' id='word_1_287' title='bbox 1050 3369 1200 3452; x_wconf 68' lang='lat' dir='ltr'>adigente,</span> <span class='ocrx_word' id='word_1_288' title='bbox 1218 3371 1283 3452; x_wconf 88' lang='lat' dir='ltr'>ejus</span> 
     </span>
     <span class='ocr_line' id='line_1_33' title="bbox 100 3464 1283 3549; baseline -0.001 -20"><span class='ocrx_word' id='word_1_289' title='bbox 100 3467 265 3549; x_wconf 74' lang='lat' dir='ltr'>baquenter</span> <span class='ocrx_word' id='word_1_290' title='bbox 284 3467 364 3530; x_wconf 82' lang='lat' dir='ltr'>iores</span> <span class='ocrx_word' id='word_1_291' title='bbox 386 3467 513 3542; x_wconf 86' lang='lat' dir='ltr'>adirent,</span> <span class='ocrx_word' id='word_1_292' title='bbox 535 3473 565 3530; x_wconf 88' lang='lat' dir='ltr'>et</span> <span class='ocrx_word' id='word_1_293' title='bbox 585 3464 801 3528; x_wconf 87' lang='lat' dir='ltr'>miserabilibus</span> <span class='ocrx_word' id='word_1_294' title='bbox 821 3465 981 3547; x_wconf 86' lang='lat' dir='ltr'>ejulatibus</span> <span class='ocrx_word' id='word_1_295' title='bbox 1000 3485 1087 3528; x_wconf 88' lang='lat' dir='ltr'>aures</span> <span class='ocrx_word' id='word_1_296' title='bbox 1105 3465 1283 3528; x_wconf 84' lang='lat' dir='ltr'>inhumanas</span> 
     </span>
     <span class='ocr_line' id='line_1_34' title="bbox 100 3561 1283 3644; baseline -0.002 -19"><span class='ocrx_word' id='word_1_297' title='bbox 100 3563 228 3639; x_wconf 80' lang='lat' dir='ltr'>ferirent,</span> <span class='ocrx_word' id='word_1_298' title='bbox 243 3584 304 3625; x_wconf 89' lang='lat' dir='ltr'>uon</span> <span class='ocrx_word' id='word_1_299' title='bbox 318 3565 459 3628; x_wconf 85' lang='lat' dir='ltr'>sustinuit</span> <span class='ocrx_word' id='word_1_300' title='bbox 470 3573 516 3626; x_wconf 87' lang='lat' dir='ltr'>tot</span> <span class='ocrx_word' id='word_1_301' title='bbox 528 3561 805 3624; x_wconf 84' lang='lat' dir='ltr'>mendicabulorum</span> <span class='ocrx_word' id='word_1_302' title='bbox 818 3561 926 3644; x_wconf 89' lang='lat' dir='ltr'>stipem</span> <span class='ocrx_word' id='word_1_303' title='bbox 938 3562 1108 3644; x_wconf 72' lang='lat' dir='ltr'>rogantium</span> <span class='ocrx_word' id='word_1_304' title='bbox 1120 3562 1283 3635; x_wconf 56' lang='lat' dir='ltr'>clamoren</span> 
     </span>
     <span class='ocr_line' id='line_1_35' title="bbox 13 3657 1285 3744; baseline -0.001 -19"><span class='ocrx_word' id='word_1_305' title='bbox 13 3659 21 3714; x_wconf 69' lang='grc' dir='ltr'>ι·</span> <span class='ocrx_word' id='word_1_306' title='bbox 100 3659 238 3724; x_wconf 65' lang='lat' dir='ltr'>mnium</span> <span class='ocrx_word' id='word_1_307' title='bbox 251 3659 354 3744; x_wconf 77' lang='lat' dir='ltr'>igitur,</span> <span class='ocrx_word' id='word_1_308' title='bbox 368 3661 422 3724; x_wconf 84' lang='lat' dir='ltr'>scd</span> <span class='ocrx_word' id='word_1_309' title='bbox 435 3659 556 3724; x_wconf 88' lang='lat' dir='ltr'>crudele</span> <span class='ocrx_word' id='word_1_310' title='bbox 569 3669 599 3721; x_wconf 88' lang='lat' dir='ltr'>et</span> <span class='ocrx_word' id='word_1_311' title='bbox 611 3657 846 3722; x_wconf 84' lang='lat' dir='ltr'>abominandum</span> <span class='ocrx_word' id='word_1_312' title='bbox 858 3657 939 3723; x_wconf 89' lang='lat' dir='ltr'>malo</span> <span class='ocrx_word' id='word_1_313' title='bbox 948 3657 1116 3722; x_wconf 82' lang='lat' dir='ltr'>remedium</span> <span class='ocrx_word' id='word_1_314' title='bbox 1127 3675 1285 3724; x_wconf 41' lang='lat' dir='ltr'>comment</span> 
     </span>
    </p>
   </div>
   <div class='ocr_carea' id='block_1_5' title="bbox 0 0 1638 4700">
    <p class='ocr_par' dir='ltr' id='par_1_7' title="bbox 0 0 1638 4700">
     <span class='ocr_line' id='line_1_36' title="bbox 0 0 1638 4700; baseline 0 0"><span class='ocrx_word' id='word_1_315' title='bbox 0 0 1638 4700; x_wconf 95' lang='lat' dir='ltr'> </span> 
     </span>
    </p>
   </div>
  </div>
 </body>
</html>
