3225 4700
1500 765 1887 844 CAPUT
1949 767 2191 844 XLV.

661 935 767 1003 De
798 939 1124 1027 Succorum
1153 943 1503 1029 irruptione
1530 943 1597 1006 in
1633 937 2080 1029 Rhinyaviam,
2102 941 2411 1024 Bingana
2446 940 2592 1004 item
2630 937 2943 1002 obsidione
2986 948 3052 1002 et

1311 1045 1766 1131 expuqnatione
1783 1067 1903 1132 per
1941 1043 2386 1109 Wimarienses.

850 1233 898 1281 ἵ
1019 1277 1023 1285 «
1194 1234 1318 1297 Uo
1363 1235 1572 1297 eodem
1622 1244 1886 1317 tempore
1929 1234 2276 1316 Rhingevia
2321 1253 2426 1315 per
2474 1229 2793 1293 Suedicsm
2836 1226 3050 1307 irrup-

806 1257 878 1446 (ἑ
931 1325 935 1333 '
999 1345 1037 1404 ’,
1115 1346 1119 1355 “
1151 1349 1162 1413 4
1225 1329 1452 1393 tionem
1483 1331 1763 1393 miserum
1803 1332 1862 1391 in
1902 1331 2145 1393 niodum
2183 1330 2381 1391 subito
2415 1327 2531 1389 fuit
2559 1326 2854 1398 infestata,
2892 1343 3050 1384 cum

702 1409 706 1421 ‘
791 1446 792 1449 ¹
822 1413 898 1510 „ff
918 1450 947 1470 -·
1003 1474 1039 1506 f
1119 1426 1155 1497 *j*
1225 1424 1384 1486 enim
1413 1446 1518 1506 per
1544 1435 1735 1488 totum
1756 1426 1931 1487 illum
1961 1433 2243 1499 tractum,
2271 1423 2389 1485 nisi
2416 1420 2778 1503 Moguntiae,
2797 1417 3048 1479 nullum

690 1537 722 1570 ·.
763 1538 802 1594 3,
842 1505 1003 1582 '1‘
1224 1518 1344 1581 late
1371 1531 1524 1583 esset
1547 1522 1895 1602 praesidium
1919 1521 2281 1596 Coesereum,
2310 1539 2423 1580 nec
2446 1514 2846 1597 Hispanicum
2863 1523 3049 1574 extra

878 1626 882 1646 ²
1143 1642 1159 1650 -
1222 1616 1386 1696 quod
1414 1617 1652 1678 tuendis
1680 1617 2036 1698 quibusdam
2070 1617 2316 1677 urbibus
2344 1634 2415 1676 nc
2448 1609 2876 1675 munitionibus
2908 1618 3051 1670 erat

652 1706 1178 1783 pernecessarium,
1207 1722 1566 1793 nossentque
1587 1712 2017 1774 Wimarienses
2043 1722 2167 1773 tem
2193 1709 2389 1771 subito
2411 1708 2642 1788 aliquas
2666 1704 2866 1786 copies
2890 1724 3045 1765 con-

656 1794 790 1856 fieri
827 1798 1069 1864 aliunde
1112 1824 1183 1865 nc
1226 1807 1373 1869 illuc
1409 1809 1629 1870 deduci
1663 1829 1788 1870 non
1827 1830 2033 1890 posse3
2086 1817 2340 1889 quatuor
2378 1790 2695 1885 derepente
2740 1800 3047 1883 Legiones

654 1888 1090 1960 Collaschicam
1126 1901 1377 1977 scilicet,
1420 1903 1827 1965 Moserianam
1868 1904 2186 1977 Senticam,
2219 1913 2282 1964 et
2308 1897 2866 1963 Widerholdienam
2913 1905 3044 1956 tra-

642 1987 812 2067 jecto
853 1989 1069 2055 Rheno
1105 1996 1343 2058 nemine
1384 1999 1692 2060 resistente
1717 2000 2125 2075 ‘induxerunt,
2164 2008 2470 2078 totamque
2509 1995 2594 2056 its
2624 1991 3047 2074 Rhinguviam

650 2084 818 2145 nullo
845 2106 1028 2169 prope
1055 2092 1295 2174 negotio
1320 2103 1709 2175 occuparunt.
1795 2095 2163 2158 Elabebatur
2188 2094 2414 2156 interea
2437 2090 2676 2154 abunde
2705 2088 2850 2151 satis
2881 2097 3041 2149 tem·
3169 2138 3170 2185 1

651 2180 815 2259 poris
865 2193 1184 2265 antequam
1241 2187 1556 2250 Bavaricae
1603 2189 1792 2270 copiae
1843 2191 1924 2251 ad
1972 2189 2207 2271 Spiram
2266 2189 2593 2252 Nemetum
2648 2184 3043 2247 subsistentes

649 2277 1100 2357 advocarentur,
1145 2282 1512 2365 dabaturque
1553 2284 1706 2346 hosti
1749 2286 1923 2369 copia
1965 2296 2102 2348 ante
2146 2285 2387 2347 illorum
2425 2283 2749 2345 adventum
2784 2279 3042 2362 quidvis

649 2374 1014 2455 compilandi
1060 2387 1121 2440 et
1160 2379 1469 2444 efferendi.
1569 2382 1824 2444 Monitae
1871 2393 2071 2445 tamen
2115 2381 2445 2445 celerrimis
2489 2380 2659 2460 equis
2701 2376 3042 2459 Magantia

649 2471 931 2549 dimissis,
961 2494 1080 2535 non
1107 2476 1214 2537 diu
1243 2477 1652 2553 substiterunt,
1680 2480 1787 2540 sed
1814 2499 1996 2561 quem
2021 2499 2164 2540 mox
2189 2488 2377 2540 strato
2402 2497 2507 2558 per
2533 2475 2816 2536 Rhenum
2845 2483 3036 2554 ponte

648 2568 846 2629 navali
875 2569 938 2630 in
965 2571 1301 2634 citeriorem
1330 2573 1522 2654 ripam
1551 2575 1882 2661 trajiciunt,
1909 2595 1979 2636 ac
2006 2575 2353 2637 festinanter
2386 2593 2494 2655 per
2521 2580 2767 2634 sti-atam
2792 2581 3035 2632 monta-

647 2684 791 2724 nam
815 2665 1162 2728 brevissimo
1187 2676 1248 2729 et
1273 2669 1719 2749 expeditissime
1748 2671 1960 2732 itinere
1997 2670 2384 2754 Moguntiam
2413 2687 2605 2749 usqne
2634 2667 3032 2739 descendunt,

646 2780 758 2822 nec
784 2760 952 2823 mora
976 2762 1037 2822 in
1067 2762 1296 2825 hostem
1329 2764 1592 2826 animose
1631 2776 1892 2848 pergunt
1907 2788 1926 2842 ς
1967 2785 2107 2827 cum
2140 2785 2283 2827 vero
2316 2765 2419 2826 ille
2459 2783 2697 2826 omnem
2728 2763 2794 2824 in
2830 2763 3032 2824 Rhin-

647 2857 887 2940 gaviem
928 2859 1264 2941 ingressum
1309 2860 1530 2922 selecto
1571 2861 1763 2923 milite
1804 2873 2016 2924 contra
2055 2873 2288 2924 nostros
2329 2861 2701 2936 munivisset,
2739 2860 3026 2922 Bavarici

647 2954 838 3016 multo
865 2954 983 3016 alia
1008 2953 1258 3016 consilia
1282 2955 1606 3032 iniverunt,
1636 2977 1706 3018 ee
1727 2957 1843 3019 iter
1868 2957 2077 3020 relicto
2101 2957 2407 3019 ordinario
2434 2956 2601 3017 aditu
2623 2957 2705 3017 ad
2726 2956 3024 3025 dextram,

645 3069 723 3111 ne
743 3071 861 3130 qua
886 3052 1166 3132 proesidio
1190 3052 1573 3114 Wimariensi
1601 3053 2015 3130 innotesceret,
2036 3072 2269 3115 summo
2288 3073 2425 3113 cum
2446 3051 2681 3113 silentio
2705 3051 3019 3123 flexerunt,

643 3157 820 3227 atque
846 3169 953 3229 per
970 3149 1149 3211 eliam
1177 3148 1475 3211 occultam
1502 3150 1664 3210 viam
1691 3150 1836 3211 alibi
1862 3151 2197 3231 ingressum
2223 3148 2423 3211 rimati
2446 3157 2607 3222 sunt,
2624 3169 2755 3209 eam
2775 3148 3020 3228 quidem

644 3240 842 3303 hostes
884 3243 1146 3310 dimissis
1173 3244 1308 3327 jem
1349 3245 1781 3307 sufficientibus
1823 3245 2010 3327 copiis
2052 3245 2234 3306 etiam
2275 3244 2607 3325 praepedire
2649 3253 2711 3305 et
2750 3241 3019 3304 obsidere

643 3339 951 3419 parabant,
987 3342 1091 3402 sed
1128 3343 1334 3417 serius,
1369 3343 1557 3402 nostri
1593 3342 1751 3403 enim
1777 3343 1909 3422 jem
1941 3349 2385 3423 praeverterent,
2413 3339 2662 3420 illasque
2690 3338 2891 3420 copias
2916 3359 3018 3418 op·

642 3444 894 3516 portune
923 3437 1356 3520 interceperant
1382 3438 1466 3498 ita
1488 3446 1556 3498 ut
1580 3457 1691 3499 nec
1712 3438 1968 3499 nuncius
1988 3437 2234 3518 quidem
2255 3439 2335 3499 ed
2360 3437 2591 3499 hostem
2611 3437 2806 3498 redire
2824 3445 3019 3517 posset

642 3530 824 3592 index
868 3532 1057 3592 nostri
1097 3532 1420 3615 ingressus.
1507 3531 1648 3593 Hac
1689 3532 1878 3615 igitur
1919 3532 2159 3595 fortuna
2193 3534 2478 3596 Bavarici
2513 3533 2824 3594 erectiores
2861 3532 3015 3593 ultro

639 3629 931 3689 audenter
957 3638 1308 3710 promovent
1333 3637 1514 3709 atque
1542 3628 1607 3689 in
1642 3648 1822 3709 supra
1857 3638 2210 3690 memoratas
2247 3630 2538 3711 Legiones
2562 3637 2818 3710 quatuor
2848 3627 3016 3688 invo-

638 3723 784 3799 lant,
807 3745 955 3807 quas
981 3725 1060 3786 sd
1078 3734 1410 3786 extremum
1431 3723 1789 3787 dexterrime
1817 3725 2114 3806 persecuti
2139 3734 2279 3787 sunt
2299 3725 2784 3789 Rudisheimium
2811 3744 3011 3803 usque,
