3225 4700
525 355 931 427 ITINERARIUM.
1248 362 1311 426 307

103 504 306 588 senatuque
326 509 367 571 ad
388 510 571 575 deditionem
582 515 733 596 paulatim
749 524 935 599 cogerentur.
972 516 1165 598 Quapropter
1183 514 1309 576 consilio

103 612 219 665 coacto
236 604 449 680 deliberarunt,
467 628 527 689 qua
545 611 658 673 ratione
676 632 766 693 qnam
784 612 968 673 maturrime
986 611 1132 686 ferrentur
1149 611 1303 692 suppetiae,

103 718 190 779 quas
207 700 271 762 eine
291 721 394 785 pugna
409 704 570 767 difficulter
588 708 722 787 praestari
741 728 825 788 posse
845 709 1007 783 constabat,
1027 707 1206 769 unanimiter
1225 707 1304 768 ferro

102 798 366 878 perrumpendum
379 820 444 861 esse
456 811 643 863 censuerunt.
683 804 730 864 Ea
742 812 862 885 propter
875 804 1112 884 quartadecima
1127 806 1177 865 die
1194 804 1304 865 mensis

103 890 202 951 Junii
221 902 317 955 castra
335 895 434 956 subito
454 904 586 972 movent,
608 916 645 959 ac
664 898 781 959 diurnis
800 900 1021 980 nocturnisque,
1043 900 1199 962 itineribus
1220 910 1302 961 recta

104 985 359 1050 Wolfenbntbnm
372 993 574 1055 contendunt:
595 1014 655 1075 quo
667 995 773 1057 eodem
785 995 929 1058 Suecions
944 996 1034 1058 etiam
1048 997 1195 1059 exercitus
1209 1017 1299 1078 quem

103 1080 347 1146 Cmsananornm
355 1086 478 1147 consilia
487 1108 547 1149 non
557 1090 679 1151 omuino
688 1089 829 1166 latebant,
840 1082 957 1174 magnis
970 1092 1104 1172 passibus
1117 1092 1297 1173 properavit,

104 1178 152 1241 ita
165 1190 199 1241 nt
211 1181 330 1243 decimo
342 1191 425 1264 septo
438 1184 513 1246 dicti
522 1187 632 1248 mensis
642 1189 731 1248 ambo
740 1188 888 1249 exercitus
899 1209 958 1249 non
969 1188 1074 1269 procul
1086 1187 1297 1248 Wolfenbutho

102 1276 292 1339 substiterint
301 1287 390 1358 atque
401 1298 438 1340 ex
448 1278 504 1340 bac
514 1280 638 1361 quidem
648 1290 731 1362 parte
739 1281 894 1355 Caesereoe,
902 1304 939 1346 cx
947 1284 1151 1345 adversaverb
1164 1282 1296 1344 Suecicae

103 1372 202 1452 copiae
215 1393 285 1434 cnm
298 1375 507 1437 confederatis
518 1397 528 1452 ς
549 1377 599 1438 hio
612 1398 673 1438 non
686 1378 740 1440 diu
749 1380 954 1441 cunctandum
965 1379 1031 1454 rati,
1043 1378 1184 1461 postridie
1195 1379 1296 1441 Caesa-

100 1466 183 1528 riani
196 1467 312 1531 hostem
322 1470 401 1531 intra
409 1490 464 1532 sua
475 1472 660 1535 munimenta
668 1474 870 1554 quoesiverunt
879 1485 909 1537 et
922 1476 1154 1538 snmmdvirtute
1164 1474 1296 1558 aggressi
1353 1518 1357 1526 .

100 1572 186 1639 sunt,
199 1585 260 1625 non
271 1564 336 1627 sine
349 1567 468 1647 copioso
480 1568 742 1650 utriusquepartis
755 1571 911 1653 sanguine.
954 1571 1024 1644 Qua
1039 1573 1198 1654 inpugna,
1213 1572 1292 1653 capti

98 1667 174 1720 eunt
186 1658 359 1722 Colonellus
372 1662 499 1745 Gaiiing
511 1671 542 1725 et
555 1663 727 1727 colonellas
746 1665 946 1749 Hagcnback,
961 1677 1085 1747 uterque
1102 1670 1181 1730 iuter
1194 1668 1294 1730 Caesa·

97 1776 170 1817 reos
193 1758 334 1832 militans,
358 1758 450 1820 occisi
473 1778 545 1820 vero
564 1759 686 1840 plurimi
709 1781 747 1822 ex
773 1760 988 1843 Imperatoriis.
1030 1763 1092 1825 Sed
1111 1784 1167 1825 nec
1188 1764 1293 1825 Succis

97 1862 215 1935 stragas
236 1854 343 1915 horum
363 1853 494 1936 impunis
513 1855 581 1929 fnit,
605 1856 809 1918 occubuerunt
830 1857 910 1918 enim
930 1876 967 1917 ex
987 1857 1146 1938 praecipuis
1165 1860 1291 1920 ducibus

98 1950 216 2031 plnres,'
226 1972 262 2014 ac
274 1952 353 2014 inter
365 1952 439 2014 alios
453 1952 563 2014 Comes
576 1953 615 2015 de
631 1953 733 2015 Hodie
746 1953 896 2016 colonelli
908 1953 979 2015 item
991 1953 1149 2017 Geseckhe
1162 1964 1193 2016 et
1205 1956 1291 2037 Ζη-

142 2144 207 2205 Hic
221 2164 290 2206 cnm
303 2144 574 2206 animadverterent
587 2144 755 2225 imperiales
767 2163 832 2207 eam
844 2166 954 2229 pugnae
968 2147 1113 2209 rationem
1127 2166 1196 2207 curn
1206 2152 1290 2206 tento

96 2240 231 2302 militum
245 2242 401 2324 dispendio
414 2261 474 2302 non
488 2260 551 2302 esse
565 2242 582 2302 e
596 2242 683 2302 rebus
696 2242 767 2315 suis,
781 2243 914 2323 receptui
924 2243 1096 2304 cecinerunt
1105 2251 1135 2303 et
1143 2240 1289 2324 vigesima

95 2349 206 2421 quarta
218 2340 243 2403 J
243 2341 307 2402 unii
320 2341 374 2402 sub
384 2349 504 2403 noctem
518 2338 721 2422 Schoningam
735 2340 898 2403 redierunt
919 2337 1165 2401 Wolfenbuthum
1177 2338 1289 2399 interea

94 2438 205 2519 majori
218 2438 251 2498 in
264 2438 328 2499 dies
340 2457 426 2518 aquae
439 2437 606 2498 oneratione
619 2437 815 2518 affligebatur.
857 2437 934 2509 Quae
950 2435 1037 2496 sicuti
1054 2434 1204 2514 indigenis
1222 2453 1285 2495 mo·
1408 2519 1412 2530 Ι

94 2533 172 2594 lesta
190 2543 264 2607 erat,
284 2535 327 2595 ita
347 2531 619 2595 Brnnsvicensibus
640 2543 670 2595 et
687 2533 801 2594 circum
816 2532 986 2613 jacentibus
1003 2529 1121 2611 oppidis
1140 2548 1284 2610 perquam

96 2629 298 2706 incommoda,
317 2639 462 2711 quantum
477 2628 558 2690 enim
570 2648 656 2709 aquae
670 2629 830 2711 cogebatur
844 2629 874 2688 in
894 2637 1035 2702 castrum,
1049 2634 1167 2688 tantum
1183 2645 1284 2687 neces·

94 2727 181 2786 uariis
193 2726 296 2788 usibus
308 2726 496 2788 adimebatur
509 2725 623 2808 patriae,
641 2725 727 2806 cujus
744 2724 863 2786 defectu
880 2743 1006 2785 annonae
1024 2719 1213 2784 difficultates
1229 2743 1282 2782 uu·

94 2821 265 2904 gescebant,
279 2841 350 2882 cnm
363 2840 419 2882 nec
431 2821 528 2883 farina
541 2821 643 2882 haberi
656 2829 754 2901 posset
766 2839 803 2882 ex
817 2819 1056 2881 molendinorum
1070 2818 1214 2893 siccitate,
1228 2837 1283 2878 nec

93 2917 247 2991 cerevisia,
262 2926 349 2998 potus
362 2917 466 2997 patriae
479 2919 615 2990 usitatus,
633 2915 795 2999 praeparari
814 2935 851 2977 ex
869 2933 955 2996 aquas
972 2913 1083 2996 inopid.
1124 2915 1280 2994 Aquarum

91 3013 226 3075 defectus
239 3013 404 3074 eommunis
417 3014 551 3075 omnium
565 3020 629 3075 erat
641 3009 770 3093 querele.
801 3008 1010 3072 Wolfenbuthi
1023 3009 1184 3071 interimet
1196 3008 1281 3088 panis

91 3119 124 3170 et
136 3116 223 3189 potus
236 3116 300 3169 erat
313 3107 413 3169 adhuc
425 3117 490 3169 tum
503 3107 699 3182 abundantia,
713 3115 744 3168 et
761 3126 800 3168 ne
818 3106 849 3168 in
867 3116 1016 3188 posterum
1036 3113 1122 3178 esset,
1141 3103 1280 3165 sollicita·

90 3206 179 3266 batur
191 3204 296 3265 merito
310 3203 599 3287 Ruuscbenbergius,
613 3204 666 3283 qui
678 3203 747 3264 ideo
759 3222 813 3284 per
827 3219 996 3283 praeconem
1013 3201 1127 3284 praevio
1143 3199 1279 3281 tympani

90 3301 190 3362 sonitu
202 3299 378 3381 proclamari
387 3301 487 3382 jussit,
498 3309 533 3361 ut
541 3299 595 3380 qui
604 3300 637 3360 in
647 3318 760 3359 annum
771 3305 937 3359 comeatum
949 3317 1009 3359 non
1022 3297 1152 3372 haberet,
1164 3297 1279 3357 mature

89 3405 189 3458 castro
200 3397 366 3467 excederet,
383 3395 417 3457 id
436 3394 518 3476 qnod
535 3395 554 3456 d
573 3394 676 3455 multis
693 3392 870 3455 factitatum.
913 3394 997 3454 Dum
1014 3413 1087 3454 vero
1106 3391 1195 3454 Susci
1209 3409 1278 3451 cum

89 3491 297 3553 confoederatis
308 3491 406 3553 Gallis
414 3499 543 3574 pergunt
550 3489 725 3552 continuere
732 3489 929 3563 obsidionem,
938 3489 1035 3550 omnis
1046 3489 1278 3570 circumquaque

88 3587 242 3649 districtus
254 3607 373 3668 pessum
390 3587 463 3648 ibat.
505 3585 636 3649 Nemine
653 3594 801 3648 statuente
816 3583 903 3646 malis
918 3585 1066 3647 remedius
1087 3583 1278 3667 nequeenim

87 3684 126 3744 ob
140 3682 244 3745 militis
257 3682 445 3746 insolentiam
459 3691 539 3745 terra
550 3681 646 3744 excoli
658 3689 784 3770 poterat,
802 3699 860 3742 neo
876 3679 937 3742 ulls
954 3699 1081 3763 usquam
1098 3679 1281 3744 commercia
