3225 4700
344 328 383 394 18
734 322 1140 392 ITINERARIUM.

341 476 416 538 alios
438 474 503 538 hoec
521 476 651 558 procella
670 477 818 554 detonuit,
840 499 908 560 quae
929 479 1053 560 quidem
1072 475 1147 538 alibi
1166 493 1260 536 naves
1280 469 1431 553 plusculas
1450 467 1533 530 duc·

341 573 421 635 tibus
438 573 577 635 involuit.
612 574 675 635 Hic
688 574 782 658 igitur
795 576 870 636 dum
882 596 937 636 nos
952 576 1031 636 inter
1043 573 1147 635 mortis
1158 571 1289 651 vitaque
1306 587 1389 650 spem
1402 567 1534 628 dubiam

340 671 536 744 subsistimus,
552 669 643 731 maris
655 670 806 733 Domitcri
819 672 1026 752 fluctuumque
1041 668 1252 750 Induperatcri
1263 664 1412 747 supplices
1424 663 1530 734 fimus,

341 767 394 848 qui
415 787 470 849 pro
492 765 611 828 infinita
633 767 687 828 sub
707 765 914 830 misericordib
936 766 1041 828 mortis
1061 787 1116 827 nos
1136 765 1273 827 faucibus
1295 759 1530 824 clementissime

341 874 457 945 ereptos
478 863 642 925 incolumes
659 864 781 924 undem
800 865 832 925 in
851 864 1063 929 Gedanensem
1084 871 1201 944 portum
1220 879 1299 942 soepe
1318 858 1430 938 diuque
1446 853 1532 915 desi·

341 961 478 1022 deratum
492 959 630 1042 Regique
645 959 781 1022 Poloniae
795 962 963 1044 subjectum
973 961 1120 1042 exposuit.

383 1055 453 1117 Hae
473 1055 578 1118 eidem
592 1065 764 1137 tempestate
781 1077 819 1118 ex
838 1057 1040 1138 Iipstadianis
1059 1055 1216 1116 Danornm
1234 1053 1315 1136 Regi
1333 1051 1461 1114 subditis
1480 1049 1531 1110 in·

342 1151 447 1230 teriere
460 1150 615 1214 hominum
633 1153 758 1234 triginta
774 1153 880 1228 millia,
893 1153 956 1213 nna
969 1173 1039 1214 eum
1052 1151 1182 1214 civitatis
1197 1148 1398 1232 Lipstadianoe
1412 1147 1531 1208 medie·

342 1257 412 1323 tate,
427 1267 482 1309 nec
496 1249 586 1310 etiam
601 1248 883 1331 Hamburgensibus
901 1248 1087 1310 institoribus
1102 1249 1247 1329 pepercit,
1260 1244 1369 1326 quibus
1381 1242 1532 1304 immania

342 1343 452 1404 damna
465 1343 576 1406 intulit.

382 1439 529 1500 Gedaniae
551 1439 661 1502 diverti
676 1439 758 1524 apud
775 1439 856 1500 viros
874 1439 1039 1523 religiosos,
1058 1440 1111 1520 qui
1132 1440 1151 1501 t
1175 1438 1209 1501 S.
1233 1438 1407 1514 Dominieo,
1425 1436 1530 1518 primo

341 1555 444 1596 eornm
462 1535 631 1610 fundatore,
653 1555 763 1598 nomen
778 1537 905 1598 habent:
932 1537 1011 1598 inter
1027 1537 1081 1598 hos
1097 1535 1194 1618 reperi
1211 1545 1324 1617 patrem
1341 1555 1436 1595 unum
1451 1533 1530 1594 His·

342 1650 464 1711 panum,
479 1631 630 1693 hominem
644 1633 676 1693 in
693 1633 797 1714 paucis
814 1642 1001 1694 mansuetum
1019 1642 1050 1694 et
1064 1633 1241 1705 humanum,
1254 1632 1307 1712 qui
1323 1629 1399 1692 mibi
1411 1629 1528 1703 retulit,

340 1745 372 1787 se
393 1747 512 1807 quoque
533 1727 552 1788 a
571 1728 653 1790 dicti
674 1737 848 1810 tempestate
867 1749 937 1791 cum
952 1730 1067 1802 ‚comite
1090 1751 1144 1791 suo
1164 1729 1285 1810 (eratis
1308 1726 1529 1808 Hispaniarum

341 1821 436 1904 Regis
448 1823 591 1904 Legatus)
601 1823 829 1905 deprehensum,
838 1825 890 1886 vix
903 1835 956 1887 aut
967 1847 1006 1887 ne
1018 1826 1070 1887 vix
1083 1827 1217 1907 quidem,
1231 1825 1324 1905 idque
1337 1843 1393 1904 ope
1405 1842 1530 1904 magnae

342 1918 451 1980 Matris
463 1919 600 2001 Virginis
618 1919 720 1981 Stellae
739 1920 839 1995 maris,
854 1921 993 2002 procella·
1012 1922 1156 2003 impetum
1174 1921 1311 1982 evasisse.
1353 1918 1417 1980 Hic
1432 1919 1528 1988 enim,

341 2035 411 2076 cum
431 2014 552 2076 alterius
575 2025 663 2077 sectae
684 2016 742 2076 viri
764 2015 960 2098 religiosiores
982 2018 1035 2098 qui
1056 2016 1161 2079 eidem
1180 2017 1251 2078 navi
1268 2016 1462 2090 vehebantur,
1484 2014 1529 2075 ad

340 2109 493 2172 solennem
506 2111 687 2173 decantandi
700 2111 829 2193 psalmos
840 2133 910 2174 suos
922 2114 1169 2176 consuetudinem
1182 2114 1214 2174 in
1227 2133 1322 2174 unum
1338 2111 1440 2173 locum
1453 2131 1528 2172 con·

339 2205 497 2268 fluxissent
510 2205 663 2289 Hispanos
675 2208 716 2269 ad
735 2209 1002 2289 comprecationem
1015 2209 1296 2290 venerationemque
1315 2207 1424 2268 Matris
1436 2208 1527 2268 mise-

339 2302 477 2365 ricordiae
497 2301 671 2366 adhortatus
690 2311 744 2379 est,
763 2304 851 2386 cujus
866 2303 997 2388 benigno
1016 2304 1117 2367 favore
1138 2306 1260 2368 omnino
1277 2304 1401 2387 putabat
1417 2323 1528 2365 navem

340 2400 453 2461 salvam
467 2400 498 2461 in
513 2409 611 2461 tutum
624 2401 761 2462 evasisse.
804 2401 931 2463 Fiebant
949 2413 1022 2464 tunc
1040 2403 1115 2465 forte
1133 2402 1190 2464 boc
1208 2404 1241 2463 iu
1259 2402 1438 2463 monasterio
1455 2422 1528 2463 exe-

341 2497 431 2578 quiae,
446 2518 498 2559 seu
506 2498 589 2578 justa
600 2497 738 2559 funebris
752 2497 857 2560 Nobili
874 2499 996 2561 cuidam
1014 2499 1142 2573 Polono,
1157 2499 1237 2582 Regi
1254 2498 1326 2560 olim
1343 2498 1362 2559 d
1379 2497 1528 2559 cubiculis

340 2593 463 2675 (quibua
476 2593 539 2675 ipse
552 2593 643 2654 etiam
654 2592 811 2676 Hispaniae
826 2594 957 2677 Legatns
970 2595 1123 2679 intererat)
1133 2596 1190 2657 hoc
1201 2596 1263 2657 fere
1273 2594 1344 2655 ritu.
1374 2593 1413 2654 In
1425 2594 1528 2655 medio

340 2690 425 2751 chori
447 2688 667 2769 coeuotephium
687 2696 832 2769 (castrum
850 2691 962 2752 doloris
981 2692 1128 2767 vocitant)
1150 2702 1282 2753 erectum
1302 2699 1376 2765 erat,
1396 2699 1529 2771 quatuor

340 2786 479 2847 innixum
498 2786 640 2866 postibus,
660 2806 696 2847 ac
716 2786 851 2867 undique
870 2788 1029 2850 instratum
1050 2788 1172 2871 lugubri
1188 2808 1298 2870 panno,
1315 2807 1351 2848 ac
1366 2787 1450 2847 vario
1465 2805 1528 2847 em·

339 2881 467 2944 blemate
487 2882 690 2944 natalitiorum
708 2882 872 2966 insignium
889 2884 1002 2946 affabre
1019 2884 1158 2961 illusum3
1180 2884 1411 2947 circumstabant
1426 2882 1460 2942 in
1478 2902 1528 2941 ar-

340 2978 455 3059 genteis
482 2978 668 3040 candelabris
694 2980 781 3041 taeda
808 2980 981 3055 mortuales,
1005 2980 1215 3062 lampadesque
1237 2980 1375 3062 plurimae
1398 2978 1528 3039 dubium

338 3073 440 3134 lumen
454 3072 647 3155 effulgebant,
659 3076 699 3136 ad
713 3095 795 3137 aram
808 3075 891 3157 pulle
904 3076 1060 3139 instratam
1070 3086 1152 3139 veste
1164 3076 1395 3138 Achimandrita
1401 3074 1528 3155 quidam

339 3168 388 3230 vir
409 3168 556 3247 imprimis
574 3172 684 3252 gravis,
704 3171 833 3234 faciebat
853 3172 907 3253 qui
925 3194 995 3234 cum
1012 3174 1053 3235 ad
1069 3173 1229 3256 Evangelii
1246 3172 1406 3234 lectionem
1423 3192 1529 3252 perve-

339 3264 441 3338 nisset,
455 3264 597 3348 tantisper
610 3268 742 3329 substitit
755 3268 829 3330 dum
841 3290 896 3351 pro
908 3269 1052 3331 concione
1062 3271 1199 3331 encomia
1210 3290 1263 3331 seu
1275 3268 1379 3329 laudes
1392 3268 1529 3329 defuncti

340 3360 522 3421 dicerentur.
564 3364 763 3439 scorcione,
778 3384 863 3426 sacro
879 3374 1040 3446 praesentes
1058 3366 1136 3427 hanc
1149 3366 1189 3426 ad
1202 3365 1381 3427 oblationem
1395 3362 1528 3441 (offerto-

338 3456 419 3516 rium
445 3458 643 3519 eommuniter
669 3460 789 3535 dicunt)
814 3464 937 3524 tenuere
959 3463 1188 3543 processionem.
1243 3461 1356 3523 Moesta
1379 3460 1530 3542 imprimis

338 3551 442 3625 vidua,
455 3553 598 3615 comitata
610 3554 726 3617 duabus
745 3556 894 3619 nobilibus
911 3557 1138 3634 staminiarum
1154 3557 1210 3620 sub
1226 3558 1325 3620 sobole
1342 3567 1373 3620 et
1388 3558 1530 3620 famulari

339 3648 484 3711 comitatu
504 3650 636 3731 primum
657 3652 786 3715 ducebat
803 3674 923 3736 agmen,
941 3654 1069 3737 singulte
1088 3654 1219 3717 nobilem
1239 3655 1390 3736 quendam
1407 3654 1531 3717 beroam
