3225 4700
306 318 382 383 ’408
693 312 1109 382 ITINERARIUM.

353 466 531 548 Augebatur
545 465 659 527 interea
672 465 816 527 intestina
825 465 871 526 vis
885 465 981 525 morbi
996 475 1025 524 et
1038 464 1107 526 Rex
1121 463 1267 546 paulatim
1281 463 1321 526 ad
1331 464 1447 528 obitum
1463 465 1517 527 de-
1565 532 1571 542 ,
1589 543 1591 548 ,

311 562 452 624 clinabat.
482 561 667 624 Profectioni
681 583 717 624 ex
731 562 839 622 mundi
853 561 943 642 hujus
957 560 1188 636 calamitatibus,
1203 562 1244 623 ad
1257 561 1403 624 laetiorem
1415 564 1517 643 (quod

310 660 399 742 plane
419 658 615 735 confidimus)
634 659 728 720 vitam
745 660 764 719 d
780 659 852 720 vitas
873 658 1038 738 mortisque
1058 658 1207 731 Domino,
1225 678 1344 720 summo
1363 659 1433 721 coeli
1455 669 1516 720 ter·

311 776 412 836 reaque
439 755 597 828 dictatore,
606 755 669 816 dies
693 755 937 835 quartadecima
959 753 1039 815 Maii
1063 756 1228 816 constituta
1256 765 1313 831 cst,
1340 756 1417 817 hora
1441 756 1516 816 verb

308 865 376 934 post
394 854 552 915 meridiem
571 851 674 928 altera,
694 853 800 914 eadem
822 850 937 912 scilicet
957 871 1026 932 quae
1044 850 1143 912 fatalis
1163 851 1222 914 suit
1242 873 1353 936 magno
1373 852 1516 914 Heurioo

309 949 400 1032 bajus
417 951 547 1013 nominis
564 961 672 1033 quarto
691 949 809 1033 parenti
828 949 975 1010 Ludovioi
994 949 1100 1031 Regis,
1118 950 1171 1030 qui
1192 953 1283 1011 Anno
1297 950 1413 1012 Christi
1436 952 1515 1010 1610

309 1047 440 1109 violenti
456 1058 550 1109 morte
566 1048 644 1110 vivis
662 1069 716 1130 per
734 1045 917 1128 parricidam
934 1055 1051 1128 ereptus
1068 1046 1133 1107 fuit
1176 1047 1253 1128 Ejus
1272 1047 1388 1108 obitum
1404 1068 1514 1110 conse-

308 1151 419 1224 quente
432 1145 482 1206 die
493 1145 600 1227 junior
613 1146 681 1208 Rex
695 1144 869 1206 Ludoricus
884 1143 977 1206 XIV.
992 1153 1021 1205 et
1037 1143 1158 1226 Regina
1174 1144 1278 1217 vidua,
1297 1143 1512 1205 comitantibus

308 1241 393 1324 regio
411 1240 502 1302 fratre
522 1242 648 1323 aliisque
668 1241 755 1325 regni
775 1241 963 1323 principibus
979 1261 1016 1302 ao
1036 1241 1215 1303 consiliariis
1231 1241 1365 1302 Parisios
1381 1242 1511 1324 ingressi

291 1348 379 1408 ,sunt
400 1359 512 1421 magna
532 1339 744 1422 gratulatione,
765 1349 796 1401 et
818 1341 935 1421 accepti
957 1338 1087 1420 plurima
1108 1338 1212 1420 populi
1238 1338 1457 1400 acclamatione
1480 1352 1510 1401 et

308 1434 425 1517 plausu.
466 1435 664 1498 Condueebat
678 1437 795 1520 Regem
811 1434 1030 1498 Maresohallus
1044 1437 1082 1498 de
1096 1434 1509 1519 Guicbecumlegioneeus-
1589 1487 1591 1494 ,

306 1533 396 1595 todiae
418 1533 510 1616 regiae
530 1535 682 1616 msignata
701 1533 842 1614 equestri,
865 1534 953 1615 cnjus
973 1533 1102 1594 dimidia
1122 1553 1190 1615 pars
1210 1534 1364 1614 precessit
1383 1533 1509 1594 rhedam

307 1629 403 1692 altera
419 1631 564 1692 medietas
583 1640 687 1692 secuta
706 1640 760 1691 est.
799 1629 979 1711 Priusquam
1000 1631 1068 1691 Rex
1085 1631 1189 1691 urbem
1207 1631 1368 1711 attingeret
1382 1631 1509 1692 obvium

308 1748 362 1809 pro
375 1749 457 1790 more
471 1727 577 1790 habuit
593 1728 812 1811 magistratum,
826 1727 879 1808 qui
892 1727 993 1789 clares
1009 1727 1091 1789 urbis
1105 1727 1230 1804 detulit,
1242 1735 1272 1788 et
1287 1726 1360 1788 alias
1377 1725 1509 1788 solenni·

307 1834 380 1886 tates
393 1834 528 1906 receptas
540 1835 716 1906 prosecutus
730 1835 791 1886 ests
812 1824 915 1884 omnia
927 1835 1064 1906 optatum
1079 1823 1210 1885 habuere
1222 1843 1404 1886 successum.

345 1921 447 1984 Tertio
456 1923 576 1984 decimo
585 1922 663 1984 Maii
673 1920 845 1983 Cardinalis
856 1919 985 1983 Infantis
995 1921 1124 1984 cadaver
1134 1921 1261 1982 Parisiis
1274 1922 1305 1982 in
1320 1921 1507 2002 Hispaniam

306 2018 440 2080 delatum
460 2030 516 2081 est.
558 2019 619 2082 Cui
635 2019 713 2080 alius
729 2018 826 2080 honos
841 2038 901 2080 non
921 2028 967 2081 est
984 2018 1114 2094 habitus,
1130 2019 1190 2080 nisi
1207 2020 1289 2101 quod
1303 2023 1342 2080 25
1360 2018 1463 2082 rhedis
1480 2029 1511 2080 et

305 2116 460 2198 manipulo
474 2117 608 2199 equitum
622 2117 835 2178 comitantibus
848 2116 1039 2178 introductus
1052 2116 1156 2178 fuerit.

347 2214 451 2275 Biduo
473 2224 542 2295 post
561 2214 788 2276 Aurelianensis
808 2214 882 2274 Dux
903 2216 1064 2297 conjugem
1085 2235 1169 2276 suam
1190 2213 1355 2278 honorifice
1376 2216 1507 2297 excepit,

305 2311 480 2395 nuptiisque
495 2311 570 2374 alias
588 2311 672 2373 initis
686 2311 941 2394 Arobiepiscopus
964 2311 1145 2375 Parisiensis
1166 2313 1274 2375 iterum
1296 2312 1463 2386 benedixit,
1478 2324 1509 2375 et

305 2412 403 2472 denuo
416 2409 617 2471 confirmarit.
648 2408 798 2492 Princeps
810 2418 905 2491 nupta
914 2409 1036 2472 divertit
1047 2410 1077 2471 iu
1087 2410 1158 2473 auli
1166 2431 1258 2493 quam
1271 2411 1506 2494 Lunenburgen·

258 2540 261 2544 ·
305 2528 368 2569 sem
382 2507 546 2589 appellant.

344 2604 501 2687 Vigesima
513 2604 612 2686 prima
624 2604 647 2665 J
649 2604 714 2665 unii
727 2604 824 2687 Regis
836 2604 1086 2667 christianissimi
1100 2603 1229 2664 oadarer
1245 2603 1277 2664 in
1298 2602 1331 2665 S.
1354 2602 1507 2684 Dionysio

303 2701 472 2785 depositum
487 2711 531 2761 est
544 2701 576 2760 id
588 2700 669 2781 quod
680 2721 741 2762 non
756 2701 922 2763 minoribus
935 2700 1095 2782 impendiis
1107 2699 1200 2781 quam
1210 2710 1355 2781 apparatu
1365 2700 1506 2783 contigit,

303 2808 440 2860 asserunt
451 2798 533 2859 euim
548 2796 578 2857 in
593 2816 659 2857 earn
673 2818 736 2858 rem
750 2818 811 2858 non
824 2798 925 2859 minus
937 2797 1062 2880 triginta
1074 2817 1231 2859 aureorum
1243 2796 1377 2859 millibus
1390 2798 1505 2879 impen-

304 2915 370 2956 sum
385 2914 457 2966 csse,
472 2894 511 2955 ad
523 2912 612 2974 quem
627 2905 727 2955 actum
742 2894 897 2976 praecipua
910 2893 1051 2955 nobilitas
1064 2894 1157 2955 totius
1172 2892 1283 2955 Galliae
1297 2894 1480 2956 convolavit.

346 2993 465 3053 interea
486 2992 518 3051 in
542 2990 665 3053 Artesia
688 2990 707 3051 d
729 2991 828 3053 Gallis
851 3012 898 3053 res
922 2991 1041 3053 fortiter
1061 2991 1221 3073 gerebatur
1241 2992 1505 3053 succumbentibus

305 3087 453 3170 Hispanis
469 3089 508 3150 ad
522 3087 673 3149 civitatem
691 3088 825 3169 Rocroy.
868 3087 1057 3149 Obsederant
1079 3088 1213 3170 Hispani
1229 3088 1406 3165 Rocroium,
1420 3098 1452 3150 et
1467 3090 1505 3150 ab

304 3185 419 3267 aliquot
434 3186 540 3247 diebus
558 3186 635 3247 serio
649 3186 833 3267 premebant.
875 3184 914 3245 In
934 3182 970 3245 cd
989 3184 1146 3247 obsidione
1160 3194 1194 3247 ut
1209 3184 1277 3247 fieri
1291 3198 1373 3247 amat
1388 3186 1504 3248 emitte-

303 3284 377 3345 bant
390 3283 407 3343 ὸ
421 3282 526 3345 eastris
544 3282 710 3345 identidem
724 3284 858 3345 diversos
873 3281 1044 3363 manipulos
1059 3282 1169 3362 partius
1190 3280 1375 3363 explorandi,
1390 3294 1504 3365 partem

303 3380 434 3442 hostium
448 3378 525 3441 fines
538 3380 701 3443 infestandi
715 3378 821 3462 giutid,
836 3381 945 3461 quibus
960 3380 1201 3462 expeditionibus
1215 3390 1275 3441 tam
1290 3380 1399 3462 praedis
1412 3380 1504 3461 quam

304 3476 453 3538 incendiis
463 3478 620 3539 vastabant
629 3478 742 3560 oppida
750 3489 781 3540 et
791 3498 895 3561 pagos.
926 3479 1018 3552 Quod
1030 3489 1062 3540 ut
1072 3488 1283 3559 compererunt
1296 3478 1390 3555 Galli,
1405 3480 1506 3562 copias

304 3592 372 3634 suas
388 3574 488 3635 subito
508 3585 714 3637 convocarunt
733 3584 768 3636 ut
786 3575 903 3637 civitati
920 3594 1029 3657 pressae
1049 3585 1082 3637 et
1102 3575 1249 3638 deditioni
1272 3576 1416 3657 proxima
1436 3598 1503 3638 suc·

303 3681 468 3733 currerent.
510 3672 652 3735 Ducebat
666 3672 767 3754 copias
784 3673 991 3735 serenissimus
1006 3673 1252 3755 Auguinensium
1275 3674 1350 3735 Dux
1367 3674 1452 3737 miles
1470 3676 1501 3735 iu

1587 437 1591 484 l
