3225 4700
336 329 399 391 412
731 291 1128 394 irruanrnrunr

374 479 598 541 Faanrsnrtnns
614 479 681 540 ΙΙΙ.
696 478 903 540 Romanorum
917 478 1096 559 Imperator,
1109 477 1282 560 Hnugariae
1291 497 1412 558 quoque
1426 486 1457 537 et
1473 473 1534 536 Bo·

339 576 446 637 bemioe
468 577 545 651 Rex,
572 575 821 637 clementissimus
849 577 987 638 dominus
1013 588 1123 652 noster,
1152 575 1377 656 spectatissimis
1402 573 1535 634 dominis

339 672 510 747 electorum,
526 673 695 754 principum
713 683 745 733 et
761 681 892 734 statuum
912 672 1088 733 consiliariis
1104 693 1139 734 ac
1156 671 1262 756 legatis
1275 673 1312 732 ad
1331 671 1411 732 hunc
1431 671 1534 731 locum

338 772 511 831 convocatis
525 781 586 832 tam
605 771 800 851 praesentibus
813 789 904 850 quam
922 769 1093 831 absentibus
1112 769 1274 832 caesariam
1295 789 1379 830 suern
1400 769 1534 830 clemen·

338 866 412 928 tiam
427 875 456 926 et
470 867 598 949 gratiam
611 887 679 928 oum
694 867 777 926 omni
791 867 986 948 prosperitate
998 865 1085 927 offert
1099 878 1129 928 et
1142 876 1292 948 precatur.
1333 867 1458 929 Etcum
1475 864 1534 926 cle·

340 963 522 1024 mantissime
542 963 711 1026 meminerit
726 965 800 1044 quid
818 965 849 1024 in
864 963 1007 1044 proximis
1025 964 1199 1025 Ratisbonae
1213 963 1323 1024 habitis
1336 963 1479 1032 comitiis,
1495 965 1535 1021 26

341 1057 419 1118 Maii
433 1079 511 1120 anno
528 1063 604 1120 1640
618 1061 656 1121 ds
669 1059 858 1121 reformanda
865 1059 987 1141 justitia
996 1069 1057 1120 tam
1070 1061 1101 1119 in
1115 1073 1240 1142 utroque
1254 1060 1378 1121 consilio
1392 1059 1536 1122 Caesareo

338 1155 489 1235 imperiali
502 1157 618 1218 scilicet
631 1167 661 1218 ct
674 1155 783 1232 aulico,
796 1177 886 1237 quam
899 1155 1049 1218 camerali
1061 1156 1194 1238 Spirensi
1202 1165 1302 1218 actum
1314 1165 1344 1218 et
1355 1156 1534 1218 conclusum

338 1251 439 1327 fuerit,
453 1264 487 1315 ut
500 1253 642 1315 nimirum
662 1253 811 1335 imprimis
826 1263 947 1335 propter
965 1255 1030 1336 jam
1049 1254 1161 1316 dictam
1177 1255 1324 1336 justitiam
1341 1254 1381 1315 ad
1399 1253 1534 1334 primum

338 1349 419 1411 diem
432 1351 511 1412 Maii
521 1352 594 1412 anni
603 1350 754 1412 millesimi
766 1350 975 1412 sexcentesimi
985 1351 1207 1432 quadragesimi
1217 1352 1338 1413 secundi
1349 1353 1387 1412 ab
1396 1350 1536 1412 eminen-

337 1446 452 1508 tissimo
466 1447 702 1530 Arebiepiscopo
717 1457 748 1508 et
764 1447 909 1529 Principe
923 1447 1071 1522 Electore,
1086 1449 1163 1510 sacri
1181 1449 1310 1510 Romam
1330 1447 1457 1530 Imperii
1481 1467 1536 1527 per

339 1543 535 1606 Germaniam
551 1543 827 1607 Arcbicancellario
841 1545 987 1606 Anselmo
1001 1544 1149 1606 casimiro
1162 1547 1201 1607 ad
1218 1545 1445 1607 deliberandum
1460 1564 1536 1604 con-

338 1652 517 1703 vocarentur
530 1643 699 1724 principum
714 1654 744 1702 et
756 1651 887 1703 statuum
900 1642 1001 1724 legati.
1043 1640 1134 1714 Quod
1148 1643 1290 1723 quisbue
1305 1661 1399 1724 usque
1410 1642 1450 1702 ob
1460 1661 1535 1722 gra·

338 1736 461 1799 sissima
475 1738 592 1820 imperii
607 1738 737 1821 negotia,
751 1748 782 1799 et
794 1738 977 1819 periculosos
991 1738 1137 1799 bellorum
1151 1750 1248 1802 motus
1262 1739 1327 1800 fieri
1340 1738 1425 1800 nullo
1438 1737 1536 1799 modo

337 1835 443 1914 potuit,
460 1837 543 1896 omni
556 1835 691 1898 adhibita
708 1835 781 1897 curi
794 1836 980 1896 adlaboravit
996 1845 1029 1896 ut
1045 1855 1082 1896 ne
1096 1837 1199 1898 saltem
1216 1835 1330 1898 diutius
1347 1834 1535 1907 differretur,

336 1930 390 1991 sed
404 1933 501 2012 potius
515 1933 613 2013 primo
626 1952 745 2014 quoque
758 1941 892 2013 tempore
905 1951 1075 1993 successum
1087 1931 1218 1994 baberet.
1263 1931 1300 1992 In
1313 1933 1394 1992 bunc
1404 1933 1533 1993 tandem

337 2026 417 2087 diem
434 2029 565 2110 primum
582 2029 711 2113 Augusti
726 2030 792 2111 jam
807 2030 906 2091 dictus
920 2029 1171 2104 eminentissimus
1187 2029 1307 2089 Elector
1327 2027 1536 2110 Moguntinns

331 2123 420 2202 juxta
433 2124 601 2188 Caesaream
620 2127 850 2201 ordinationem,
865 2145 967 2186 omnes
988 2125 1141 2198 electores,
1161 2125 1309 2207 principes
1329 2145 1365 2186 ac
1382 2135 1478 2185 status
1493 2126 1535 2185 ad

338 2219 615 2284 Francofurtensem
636 2223 789 2284 civitatem
808 2223 985 2304 conscripsit
1004 2233 1034 2284 et
1050 2224 1193 2284 evocarit.
1235 2222 1374 2302 Cumque
1395 2221 1427 2282 S.
1448 2221 1532 2283 Caes.

339 2315 484 2399 Majestas
497 2320 561 2401 ipsa
575 2321 605 2382 in
620 2340 745 2402 persona
761 2319 843 2381 bisce
862 2319 994 2381 consiliis
1011 2320 1049 2381 ob
1065 2319 1252 2403 praegnantis
1270 2319 1390 2402 negotia
1404 2319 1533 2401 imperii

337 2424 367 2475 et
379 2415 525 2478 bellorum
540 2418 681 2479 iuteresse
696 2427 835 2498 nequeat,
854 2418 1070 2479 commissarios
1088 2416 1251 2488 constituit,
1265 2416 1319 2497 qni
1332 2436 1386 2477 suo
1398 2416 1467 2477 loco
1482 2418 1530 2477 iu-

335 2519 487 2588 teressent,
502 2524 624 2597 agerent
637 2524 668 2575 et
684 2524 893 2596 promoverent
906 2513 1009 2575 omnia
1026 2514 1076 2575 illa
1089 2534 1158 2594 qnae
1178 2514 1217 2576 ad
1231 2534 1340 2575 munus
1353 2512 1530 2575 Caesareum

336 2619 367 2669 et
378 2610 550 2690 reipublicae
563 2611 796 2672 emolumentum
810 2611 1002 2691 pertinerent.

378 2706 640 2779 Quemadmodum
652 2710 724 2769 verb
737 2708 862 2769 Divinas
871 2707 1093 2789 omnipotentiae
1103 2708 1247 2769 auxilium
1257 2708 1383 2769 ferventi
1393 2709 1530 2770 oratione

336 2801 557 2885 implorandum
578 2816 632 2880 est,
653 2815 688 2865 nt
706 2805 807 2865 omnia
828 2805 866 2865 ad
887 2805 1028 2885 majorem
1050 2824 1134 2865 suam
1156 2805 1283 2887 gloriam
1303 2815 1333 2867 et
1352 2805 1528 2867 Germanias

336 2900 440 2979 patria
454 2913 563 2962 nostrae
577 2902 778 2963 dilectissimae
791 2901 1037 2976 emolumentum,
1050 2902 1089 2963 ad
1104 2902 1244 2983 quietem,
1257 2911 1288 2964 et
1299 2902 1526 2985 prosperitatem

335 2996 486 3075 publicam
511 2999 587 3059 bene
610 3009 641 3060 et
660 2998 787 3080 pacifice
810 2999 1024 3080 transigantur.
1072 2997 1122 3061 Ita
1145 3018 1199 3059 nos
1219 3000 1351 3081 prompti
1368 2999 1525 3081 paratique

336 3092 446 3155 erimus
456 3094 495 3156 ad
505 3096 720 3176 universaquae
731 3096 762 3155 in
772 3096 857 3157 nobis
871 3106 960 3156 erunt
968 3096 1058 3177 juxta
1068 3096 1295 3157 instructionem
1306 3107 1436 3159 nostram
1450 3118 1523 3158 con-

335 3190 492 3252 tribuenda
505 3203 535 3253 et
547 3193 732 3273 exequenda.

377 3290 499 3351 Placuit
520 3289 607 3370 porro
629 3290 719 3350 etiam
736 3308 830 3349 sacrae
849 3288 997 3350 Gaesareae
1018 3287 1173 3370 Mejestati
1190 3288 1238 3350 blo
1253 3289 1449 3371 presentibus
1469 3292 1523 3352 do·

334 3388 424 3449 minis
437 3387 586 3468 deputatis
603 3386 766 3447 electorum
782 3385 954 3467 principum
972 3406 1008 3447 ac
1025 3394 1155 3447 statuum
1175 3387 1352 3447 consiliariis
1369 3396 1400 3447 et
1414 3386 1522 3469 legatis

333 3486 458 3568 proponi
483 3497 514 3547 et
539 3482 704 3567 significari
731 3502 836 3543 curam
859 3496 889 3543 et
911 3482 1145 3544 sollicitudinem
1167 3484 1377 3564 queantebac
1404 3505 1523 3566 semper

333 3583 462 3644 maxime
482 3582 553 3644 verb
575 3580 614 3641 ab
633 3579 748 3641 ultimis
769 3580 900 3640 comitiis
924 3578 1192 3641 Ratisbonensibus
1214 3582 1379 3654 contendit,
1400 3592 1435 3643 nt
1454 3592 1521 3643 tan·

330 3680 398 3741 dem
424 3678 600 3742 universalis
623 3697 681 3759 pan
708 3684 897 3753 tractaretur,
917 3685 946 3739 et
970 3677 1043 3739 certi
1072 3676 1147 3757 quid
1177 3678 1254 3739 serio
1279 3678 1519 3741 correluderetur.
