3225 4700
614 337 732 396 100
1385 326 2205 396 ITINERARIUM.

605 490 866 544 nuerunt
902 482 1301 566 quadraginta
1341 494 1618 565 quatuor,
1658 494 1957 547 tormenta
1984 484 2200 545 bellica
2228 482 2461 564 majora
2497 478 2747 560 aliquot.
2833 477 3049 539 Visae

604 580 848 660 quidem
877 581 1163 640 dicuntur
1203 580 1479 644 Suedicae
1515 582 1742 663 aliquot
1775 601 1958 643 naves
1994 582 2058 641 in
2094 599 2443 641 succursum
2480 577 2794 638 destinatae
2821 577 3052 657 juxta

605 676 848 749 iisdum,
891 676 999 737 sed
1040 697 1180 737 cum
1215 678 1506 759 impetum
1541 688 1878 739 nostrorum
1918 686 2044 739 tam
2077 676 2491 738 vehementem
2526 673 2833 746 viderunt,
2879 689 3048 731 non

606 781 746 833 sunt
779 792 938 833 ausae
974 774 1217 855 propius
1252 776 1556 851 accedere,
1590 775 1891 837 succensis
1926 774 2126 854 itaque
2162 774 2227 833 in
2270 770 2468 832 insula
2497 770 2732 830 levibus
2770 767 3053 848 aliquot

607 868 946 949 tuguriolis,
968 879 1454 933 retrocesserunt.
1528 872 1653 934 Sed
1678 880 1739 933 et
1758 872 1884 953 ipse
1912 870 2227 932 Generalis
2249 868 2521 930 Bannier
2538 866 2700 927 haud
2725 865 2841 926 sibi
2872 865 3050 926 Ste-

607 964 721 1025 tini
747 964 939 1027 fidens
967 966 1280 1028 Wolinum
1311 969 1478 1029 abiit.
1563 968 1717 1029 Mox
1743 969 1819 1029 ab
1846 969 2286 1049 expugnatione
2327 963 2646 1046 imperavit
2681 961 3044 1022 Florentiae

611 1059 783 1137 Dux,
821 1071 890 1123 ut
921 1063 982 1123 in
1025 1063 1425 1143 provisionem
1455 1064 1637 1145 hujus
1668 1064 1809 1138 loci,
1850 1063 2229 1143 militumque
2267 1060 2774 1133 sustentationem,
2800 1058 3045 1119 omnia

607 1158 791 1218 totius
814 1158 1040 1220 Insulae
1060 1179 1275 1239 pecora
1295 1158 1677 1240 Wolgastum
1696 1160 2159 1233 adducerentur,
2180 1178 2252 1220 ac
2279 1160 2391 1220 rite
2410 1156 2686 1218 omnibus
2712 1154 3045 1230 ordinatis

609 1264 908 1317 tormenta
927 1275 1033 1316 sua
1060 1253 1276 1315 bellica
1294 1255 1490 1335 primo
1512 1256 1574 1316 in
1596 1265 1791 1317 castra
1810 1256 2018 1317 reduci
2045 1257 2301 1332 curavit,
2323 1256 2465 1317 inde
2484 1273 2627 1316 vero
2649 1251 3041 1324 Daminum‚

611 1352 688 1412 de
717 1372 838 1431 quo
863 1351 1195 1412 obsidendo
1223 1371 1380 1413 nova
1404 1351 1600 1414 indies
1625 1351 1877 1414 consilia
1900 1353 2299 1435 agitabantur,
2329 1351 2628 1435 profectus
2654 1359 2763 1411 est.

1018 1636 1057 1684 2
1076 1642 1117 1692 t
1388 1621 1487 1755 iit
1759 1641 1801 1689 2
1819 1645 1861 1693 t
2001 1678 2016 1692 .-
2071 1639 2229 1745 Εἰ
2502 1614 2601 1745 τὲτ

1398 1970 1460 2045 C
1478 1970 1543 2043 A
1560 1969 1619 2043 P
1637 1969 1782 2044 UT
1852 1968 2189 2045 XXVII
2207 2025 2224 2043 .

1544 2149 1650 2215 De
1685 2148 2085 2216 Pomeranic‘i.

712 2387 716 2395 „
812 2351 828 2367 ‘
885 2330 888 2331 ⁷
925 2335 956 2347 '
1133 2329 1257 2393 ΟΝ
1304 2330 1503 2392 minus
1555 2331 1885 2414 prudenter
1924 2329 2108 2411 quam
2159 2328 2414 2403 sortiter,
2461 2326 3032 2389 Excellentissimus

877 2490 880 2491 γ
905 2496 906 2499 ¹
946 2420 949 2421 ⁷
1025 2387 1109 2495 ht
1173 2425 1472 2487 Dominus
1500 2425 1817 2487 Generalis
1843 2425 2063 2487 Comes
2088 2425 2163 2486 de
2194 2424 2401 2485 Gallas
2436 2444 2563 2485 rem
2591 2423 2869 2484 bellicam
2902 2423 3029 2483 hoc

808 2515 848 2560 ·’
925 2523 933 2535 ’“
981 2600 985 2604 ¹
1025 2536 1028 2537 ’
1077 2495 1113 2568 ³3⁴
1169 2530 1436 2601 tempore
1489 2520 1963 2581 administrabat.
2074 2519 2260 2579 Enim
2312 2519 2453 2581 verb
2506 2539 2646 2579 cum
2702 2518 3032 2579 Generalis

812 2604 885 2700 “4⁴2³
1021 2644 1024 2647 ·
1074 2635 1105 2704 q
1174 2614 1443 2676 Bannier
1478 2623 1713 2694 putaret
1745 2613 2041 2696 frangere,
2080 2615 2177 2675 vel
2211 2616 2374 2675 certe
2410 2623 2479 2674 ut
2520 2613 2840 2674 minimum
2881 2614 3027 2674 fati-

949 2719 961 2740 ’“
1073 2704 1097 2764 ι’
1169 2732 1312 2794 gare
1349 2710 1641 2772 Caesarias
1672 2711 1873 2792 copias
1907 2731 2034 2773 sese
2070 2711 2431 2773 continendo
2463 2710 2618 2771 intra
2658 2709 3029 2771 arctissimos

619 2811 997 2873 Pomeraniae
1032 2818 1285 2880 meatus,
1313 2806 1394 2867 ad
1426 2826 1596 2886 quotz,
1631 2808 1873 2887 quoquo
1910 2828 1974 2869 se
2007 2817 2326 2882 verterent,
2364 2806 2609 2868 difficile
2644 2815 2770 2867 erat
2804 2807 3031 2868 nostris

618 2917 948 2988 penetrare,
976 2917 1111 2989 post
1135 2905 1356 2966 multas
1381 2903 1629 2983 quidem
1655 2904 1954 2966 molestias
1981 2905 2329 2978 exantlatas,
2354 2905 2417 2964 in
2444 2914 2749 2965 auctorem
2774 2904 3028 2964 tandem

619 3005 988 3085 propositum
1008 3003 1265 3065 retorsit.
1316 3000 1650 3080 Postquam
1672 3001 1833 3062 enim
1855 3001 1936 3061 ad
1955 3001 2352 3062 Rostockium
2377 3001 2603 3062 fixisset
2627 3008 2822 3061 castra
2842 2999 3028 3060 militi

623 3109 827 3159 nostro
852 3098 1081 3178 aliquid
1116 3097 1330 3179 quietis
1363 3096 1635 3170 indulsit,
1662 3097 1867 3177 quoad
1904 3097 2270 3159 Banniricus
2300 3099 2593 3159 exercitus
2622 3097 2833 3172 lassus,
2877 3095 3028 3157 Sue·

622 3193 817 3255 tinum
847 3214 921 3253 ex
946 3193 1193 3255 latibulo
1222 3213 1328 3254 suo
1353 3192 1522 3266 exiit,
1550 3192 1773 3254 relictis
1799 3194 1961 3254 circa
1982 3193 2323 3276 Damgardt
2348 3203 2408 3255 et
2426 3193 2793 3275 Tripsesium
2821 3193 3026 3254 Uran-

622 3288 765 3368 gelii
792 3289 1001 3371 copiis,
1032 3309 1167 3370 quae
1195 3289 1256 3350 in
1284 3288 1654 3351 Caesarianas
1690 3289 2111 3373 advigilarent,
2140 3311 2279 3352 cum
2314 3291 2442 3351 sine
2479 3290 2647 3352 mora
2670 3297 2909 3352 secutus
2936 3299 3029 3350 est

627 3383 957 3446 Gallassus.
1038 3384 1280 3446 Interea
1306 3384 1370 3445 S.
1402 3385 1681 3447 Caesarea
1711 3386 2001 3469 Majestas
2039 3389 2115 3449 de
2151 3388 2343 3449 milite
2379 3408 2488 3448 suo
2523 3387 2799 3461 sollicita,
2826 3407 2904 3446 ne
2942 3386 3020 3445 ob

626 3480 936 3542 continuas
957 3481 1335 3562 diutinasque
1357 3481 1745 3563 migrationes
1764 3482 1996 3564 aliquid
2025 3483 2291 3545 hocloco
2316 3485 2679 3546 incommodi
2703 3492 3023 3564 pateretur,

626 3598 763 3639 eum
790 3577 852 3637 in
880 3575 1148 3657 hyberna
1173 3577 1391 3638 ducere
1420 3577 1662 3658 cogitat,
1684 3578 1773 3638 nil
1800 3581 2029 3641 monita
2054 3581 2131 3642 de
2158 3582 2375 3642 nostris
2397 3592 2605 3643 contra
2632 3580 2857 3642 hostem
2882 3597 3018 3638 suc-

627 3673 924 3752 cessibus3
972 3675 1080 3737 sed
1118 3673 1329 3736 Gallas
1364 3694 1505 3737 cum
1543 3673 1873 3738 Fortunam
1911 3676 2212 3740 faventem
2246 3678 2509 3755 haberet,
2546 3699 2618 3740 ea
2648 3677 2897 3741 ulterius
2930 3674 3024 3736 uti

3193 2307 3207 2414 -u-—o
