3225 4700
476 302 502 367 I
507 303 564 370 ’.ΙἸ
569 304 781 373 NERARI
788 306 874 372 ΗΜ.
1216 314 1275 375 125

98 454 237 517 Fames
248 455 337 535 porrb
350 464 411 516 tarn
425 456 609 519 incredibilis
621 457 688 532 fuit,
703 467 738 519 nt
747 458 907 520 difficulter
917 458 1046 521 describi
1060 468 1159 540 queat.
1185 460 1275 522 Certb

41 549 156 610 nulla
174 571 315 632 unquam
328 552 360 611 in
372 552 503 631 antiquis
515 561 545 613 et
557 553 725 615 recentibus
735 554 865 616 historiis
872 555 978 616 saevior
986 566 1087 617 notata
1096 566 1149 619 est.
1173 558 1210 617 ln
1219 557 1275 619 hnc

43 646 240 708 obsidione
257 668 317 708 nnc
336 647 385 708 die
405 658 472 709 octo
487 649 572 730 pueri
586 649 695 730 perditi
706 658 786 725 sunt,
801 650 842 711 ita
856 660 1055 732 utnusquam
1068 662 1134 733 post
1146 653 1202 714 hac
1215 653 1276 716 sint

45 744 137 817 visi,
149 752 302 805 constans
311 744 390 804 fama
405 755 436 805 et
452 745 614 824 probabilis
630 746 761 826 suspicio
772 746 840 821 fuit,
857 767 907 807 eos
924 748 963 807 ad
973 748 1120 809 lanienam
1129 758 1159 809 et
1173 749 1274 811 cibum

45 836 241 899 hominum
248 849 358 921 raptos.
379 840 495 901 Mortui
503 840 635 902 triduani
642 842 901 921 quadriduanique
909 842 987 903 terra
994 841 1099 904 effossi
1106 845 1183 905 eruti
1194 856 1273 916 sunt,

49 944 88 995 ct
104 934 148 993 in
166 934 281 997 flustra
295 935 415 997 dissecti
428 945 459 997 et
472 936 503 997 in
521 937 624 1018 epulas
645 938 779 1019 appositi.
816 937 932 999 Milites
939 939 992 1018 qui
999 939 1038 998 ob
1046 938 1194 1001 delictnin
1209 944 1273 1005 vin·

50 1030 149 1091 culis
171 1034 315 1113 agebant,
329 1033 408 1094 fame
426 1032 622 1114 compellente
635 1034 777 1095 calcemb
796 1034 909 1114 pariete
919 1032 1055 1094 avulsum
1068 1038 1270 1100 comederunt.

52 1126 130 1187 Sed
142 1146 211 1189 nec
224 1128 304 1188 fame
316 1129 534 1189 tabescentibus
546 1148 678 1209 parsum,
691 1150 766 1209 qnos
778 1129 877 1203 avide,
892 1148 930 1189 nc
943 1128 1034 1189 simili
1044 1128 1122 1191 malo
1131 1131 1271 1212 perirent,

52 1224 146 1283 socii
167 1224 347 1304 concaptivi
365 1224 556 1286 devcrdrnnt.
601 1225 662 1286 Vix
681 1224 793 1286 ultimis
810 1224 1036 1287 hebdomatibus
1050 1224 1112 1285 ulla
1129 1228 1273 1307 preteriit

53 1340 140 1391 nox,
157 1320 239 1400 quin
254 1320 359 1381 decem
372 1320 405 1379 in
413 1320 541 1401 publicis
548 1320 624 1383 vicis
632 1320 710 1381 same
717 1321 841 1381 extincti
850 1321 1058 1403 reperirentur.
1079 1320 1272 1385 Vendebatur

55 1416 204 1477 modius
217 1416 347 1499 siliginis
365 1417 564 1498 qnadraginta
583 1417 705 1477 omnino
725 1416 866 1492 florenis;
891 1416 1019 1490 Hordei,
1036 1418 1270 1497 quatuordecim,

56 1531 198 1585 avenae,
211 1511 372 1573 duodecim
386 1512 598 1592 imperialibus.
638 1512 762 1573 Medius
774 1514 905 1593 pisorum
918 1514 1012 1575 stabat
1022 1534 1131 1575 novem
1138 1514 1269 1592 florenis,

57 1608 202 1669 modius
213 1607 301 1667 farris
316 1608 421 1668 mistus
436 1608 530 1669 tribus
545 1608 695 1669 furfurum
709 1608 817 1669 modiis
838 1616 954 1689 emptus
967 1618 1011 1669 est
1024 1621 1145 1672 centum
1161 1611 1271 1693 viginti

58 1702 214 1765 florenis.
262 1703 337 1763 Vini
357 1724 496 1765 mensura
515 1704 606 1764 unica
621 1714 652 1764 et
670 1704 756 1784 punis
773 1703 864 1763 trium
885 1703 1040 1775 librarum,
1055 1724 1146 1766 aureo
1161 1707 1270 1768 annulo

60 1819 145 1859 cum
161 1800 333 1882 Margarita
345 1800 478 1881 preciosi
491 1820 581 1881 quam
591 1801 781 1861 adamantem
789 1800 932 1860 vocitant.
981 1798 1056 1869 Quis
1069 1799 1134 1859 haec
1147 1802 1271 1864 credat?

61 1895 137 1957 Sed
159 1898 279 1978 majora
295 1895 411 1956 afferro.
445 1896 573 1976 ,Butyri
590 1896 668 1956 libra
682 1902 811 1974 quatuor
827 1894 948 1956 florenis
964 1895 1174 1969 estimabatur,
1193 1893 1270 1957 lardi

62 1993 201 2053 duobus
213 2002 245 2052 et
255 1993 355 2053 medio
367 1992 507 2066 florenis;
528 1992 607 2068 salis,
620 1992 734 2052 floreno
747 2012 828 2067 un03
849 1991 938 2067 casei,
954 1992 1052 2071 sesqui
1067 1991 1182 2052 floreno
1190 2012 1200 2067 3
1217 2009 1270 2072 po·

65 2108 163 2149 mum
179 2089 417 2149 nonadmodum
429 2089 555 2170 grande,
563 2087 690 2150 dimidio
697 2088 831 2163 floren03
846 2087 1011 2162 cucurbita,
1019 2098 1131 2167 septem
1138 2086 1269 2149 florenis.

66 2182 829 2265 libraunncquinaecarnismedicfloren03quarta
836 2204 903 2264 psrs
910 2184 1003 2258 canis,
1010 2192 1123 2263 septem
1130 2183 1268 2257 florenis;

70 2279 185 2341 Glires
205 2280 328 2364 singuli,
350 2278 477 2362 singulis
489 2280 630 2356 florenis3
651 2278 788 2340 vitulinae
801 2280 916 2340 exuviae
930 2278 1056 2361 singulae
1070 2279 1201 2360 quinque
1214 2279 1269 2340 flo-

69 2379 159 2438 renis
178 2398 240 2438 non
257 2378 357 2438 minus
369 2386 478 2459 emptae
491 2386 571 2438 sunt.
613 2377 675 2438 Sed
688 2376 763 2455 quid
780 2375 826 2436 his
837 2387 898 2437 tam
908 2375 1041 2436 tristibus
1050 2374 1210 2436 immoror?
1229 2375 1269 2436 ad

70 2473 135 2534 alia
147 2474 391 2555 progrediamur.

114 2570 256 2631 Obtentb
269 2570 406 2646 victorii,
419 2580 450 2632 et
457 2569 580 2650 accepti
588 2570 621 2630 in
634 2569 818 2631 deditionem
832 2570 916 2644 urbe,
939 2577 1096 2649 postquam
1109 2565 1269 2648 magnifice

72 2674 139 2726 tarn
156 2666 278 2731 Brisaei
291 2687 382 2747 qnam
395 2666 427 2727 in
442 2666 552 2727 Galliis
563 2665 780 2746 triumphatum
796 2673 851 2738 est,
872 2665 968 2724 omnis
986 2663 1134 2746 cogitatio·
1143 2671 1173 2723 et
1186 2661 1270 2724 labor

73 2761 106 2821 in
124 2762 163 2823 id
181 2761 329 2838 incubuit,
348 2771 383 2824 ut
391 2763 550 2824 sufficienti
569 2770 737 2823 commeatu
754 2760 803 2822 hic
823 2763 906 2822 locus
926 2761 1103 2834 muniretur,
1118 2758 1270 2837 multaque
1391 2769 1394 2778 '

74 2877 149 2919 mox
163 2857 259 2918 millia
273 2878 415 2920 curruum
429 2860 578 2920 frumento
592 2868 766 2919 onustorum
778 2858 811 2918 in
824 2858 931 2920 urbem
944 2857 1026 2918 illata
1034 2863 1114 2928 sunt,
1132 2853 1174 2914 ita
1188 2863 1221 2914 ut
1237 2855 1269 2916 in

74 2955 192 3016 multos
204 2975 299 3016 annos
310 2964 494 3017 commeatus
507 2955 663 3016 sufficeret.

116 3052 274 3132 Impensae
296 3052 329 3112 in
346 3052 424 3112 hanc
441 3051 627 3113 obsidionem
644 3050 807 3124 collocatae,
827 3050 867 3110 ad
884 3050 1024 3111 undecies
1035 3057 1159 3110 centena
1176 3049 1271 3112 millia

75 3145 283 3228 imperialium
297 3149 491 3210 aestimantur.
534 3147 651 3208 Milites
670 3146 742 3206 verb
760 3145 813 3226 qui
830 3147 979 3226 utrimque
993 3143 1200 3225 quadrimestri
1212 3147 1269 3208 hac

78 3243 236 3304 obsidione
258 3244 443 3311 ceciderunt,
464 3242 630 3305 octodecim
646 3241 742 3303 millis
756 3241 915 3303 excessisse
935 3241 1086 3303 dicuntur.
1135 3242 1214 3304 Haec
1231 3243 1270 3304 de

79 3337 219 3414 Brisaco,
233 3341 274 3401 ad
286 3341 344 3401 alia
358 3340 430 3403 alibi
443 3348 528 3422 gesta
539 3348 732 3400 transeamus.

128 3435 196 3496 Sub
212 3436 390 3497 vicesimum
404 3437 571 3497 secundum
591 3435 779 3508 Decembris,
797 3432 977 3513 Imperatrix
986 3432 1066 3494 felici
1076 3441 1163 3514 partu
1172 3433 1269 3496 fllium

81 3527 259 3613 Principem
271 3533 360 3594 enixa
372 3541 426 3606 est,
440 3551 529 3612 quem
541 3531 685 3613 appellari
696 3530 792 3592 voluit
805 3527 1051 3590 Maximiliannm
1063 3529 1218 3590 Thomam.

119 3628 228 3690 Nostri
242 3629 362 3710 interim
375 3629 485 3690 milites
498 3630 551 3708 qui
563 3629 596 3690 in
609 3625 796 3709 Westphalib
809 3635 840 3688 et
852 3625 966 3700 circum
980 3625 1061 3686 circa
1070 3626 1271 3700 morabantur,
