3225 4700
501 333 905 402 ITINERARIUM.
1229 323 1290 389 291

143 484 194 544 Ex
208 485 255 546 his
269 487 417 563 omnibns,
432 488 574 551 benevole
588 489 706 564 Lector,
722 489 840 550 abunde
853 485 1010 567 liquebunt
1026 484 1097 544 vitae
1112 501 1187 543 meoe
1201 479 1290 541 ratio-

95 599 155 640 nes
173 589 205 642 et
221 579 403 657 institutum,
417 603 605 672 pronumque
617 586 674 647 erit
686 585 758 646 hinc
767 567 907 666 judicare
921 579 1061 662 prudenti
1073 578 1180 651 cuivis,
1194 574 1292 688 quelis

92 676 233 738 fuerim
224 698 256 738 ru
271 678 431 760 Hyberuia
443 691 512 743 ente
526 702 616 763 quem
629 681 668 742 ud
682 681 844 742 exercitum
856 679 999 752 venirem,
1010 676 1121 756 quidve
1130 673 1244 756 egerim
1256 671 1288 732 iu

93 771 165 852 ipso
179 773 313 835 exercitu
325 775 364 836 ad
378 773 443 836 haec
456 791 549 857 usque
561 786 707 858 tempora.
749 775 843 837 Unde
856 773 991 854 quisquis
1003 771 1100 832 labem
1112 770 1201 831 fnmae
1214 787 1289 829 mese

96 868 280 951 adspergere
293 869 411 947 nititur,
424 872 468 933 nil
481 872 597 935 lacit
566 873 625 934 mei
642 881 677 934 ut
689 893 720 934 se
734 871 982 933 calumniatorem
996 867 1155 948 pessimum
1174 873 1292 926 suomet

94 965 269 1026 testimonio
281 967 393 1047 probet.
435 967 576 1030 Clament
588 967 752 1030 adversarii
765 966 826 1028 mei
839 974 942 1027 contra
953 983 1004 1024 me
1021 971 1167 1042 quantum
1178 959 1291 1032 volent,

94 1081 156 1142 ego
169 1060 210 1123 sd
223 1062 392 1124 testimonia
404 1083 471 1124 mea
484 1084 625 1145 provoco,
642 1073 673 1125 et
685 1063 760 1124 bene
779 1061 926 1122 lectorum
945 1057 1171 1130 conscientiam,
1184 1076 1244 1135 qua
1256 1056 1289 1117 iu

93 1156 214 1217 mundo
227 1176 288 1217 non
300 1159 444 1238 reperitur
458 1159 637 1224 luculentior
649 1159 741 1220 testis.
782 1157 894 1220 Videat
910 1136 1011 1236 quiivis
1028 1153 1078 1215 cui
1092 1153 1191 1234 potior
1207 1150 1292 1213 edhi-

95 1253 201 1313 benda
212 1252 253 1314 sit
265 1252 352 1327 fides,
362 1255 433 1326 illis,
447 1275 486 1316 an
499 1255 565 1316 hisl
586 1255 883 1336 Suutmihiqnidem
893 1254 932 1314 ad
945 1271 1068 1312 manum
1077 1248 1291 1311 slinnounulla

93 1347 209 1430 scripte
222 1348 516 1430 preclarissimornm
530 1360 560 1413 et
572 1353 655 1414 omui
668 1351 841 1432 exceptione
854 1349 1001 1429 majorum
1018 1348 1163 1420 virorum,
1182 1344 1289 1425 quibus

95 1445 302 1507 innocentiam
316 1467 414 1509 meum
426 1447 495 1529 plus
508 1447 602 1510 nimio
618 1449 743 1530 probare
756 1466 883 1528 possem,
901 1447 955 1508 sed
968 1445 1039 1507 nolo
1050 1443 1134 1505 abuti
1147 1439 1291 1523 potientis

96 1541 223 1603 candidi
251 1541 395 1604 Laetoria.
437 1545 532 1606 Hisce
553 1545 646 1627 igitur
669 1543 829 1618 concludo,
850 1543 958 1604 iterum
978 1550 1144 1624 protestans
1170 1557 1219 1598 me
1246 1537 1290 1598 nil

95 1637 265 1720 quidquem
283 1639 340 1700 hnc
358 1659 425 1701 mee
442 1641 581 1723 apologia
594 1649 698 1702 contre
710 1657 894 1722 quenquam,
907 1657 1000 1719 quam
1014 1636 1133 1697 invidos
1145 1655 1227 1696 meos
1240 1654 1289 1695 ca·

96 1735 293 1799 lumniatores
306 1737 406 1799 dicere
416 1738 590 1813 intendisse,
604 1738 671 1800 etsi
685 1737 760 1818 quid
772 1735 849 1797 forte
867 1731 1082 1794 vehementiori
1099 1731 1213 1793 calamo
1221 1733 1289 1812 jus-

97 1832 272 1913 tissimeque
285 1833 361 1894 irato
372 1833 441 1895 stilo
454 1833 610 1902 exciderit.
623 1834 772 1895 indictum
788 1831 1006 1910 inductumque
1019 1826 1107 1889 velle.
1148 1827 1290 1888 Obtestor

96 1927 189 1988 etiam
202 1929 356 1990 universos
369 1929 423 1991 hos
434 1930 583 1992 vindicias
597 1930 780 2011 inspecturos
793 1937 829 1989 ut
840 1927 866 1987 si
882 1945 944 2007 qua
958 1923 1073 2007 possint
1087 1922 1143 1984 sud
1160 1922 1289 1983 auctori·

96 2031 157 2086 tate
171 2034 201 2086 et
213 2025 340 2087 consilio
352 2025 546 2088 dehortentur
559 2025 578 2088 d
591 2025 686 2107 ceptis
699 2023 912 2087 scommatibus
925 2041 1039 2082 momos
1052 2039 1145 2090 meos,
1156 2018 1202 2078 sin
1216 2017 1288 2078 verb
1406 2038 1422 2060 f

96 2119 155 2200 ipsi
164 2141 225 2182 non
235 2121 446 2201 obsequantur,
455 2122 641 2185 detestentur
650 2131 682 2185 et
690 2130 866 2185 execrentur
874 2120 954 2201 ipsos
962 2138 1023 2178 non
1033 2116 1132 2176 minus
1141 2133 1177 2174 ac
1189 2113 1287 2194 ipsum

97 2215 256 2278 calumnie
269 2217 386 2278 vitium.
422 2219 508 2280 Bene
522 2218 600 2296 vale,
614 2219 657 2280 mi
669 2219 780 2302 optime
796 2215 914 2292 lector,
928 2224 959 2278 et
970 2215 1068 2276 fruere
1080 2211 1182 2272 labore
1195 2228 1274 2270 meo.

134 2499 246 2623 ‘f
292 2571 423 2650 tp
588 2587 592 2590 2
667 2514 903 2648 155²?
963 2583 966 2586 ’
1045 2567 1100 2645 xp
1221 2508 1229 2524 ⁰

195 2862 397 2941 SERIES
441 2864 830 2942 BUTLERIANAE
869 2858 1183 2938 PROSAPIAE.

468 3016 682 3105 Pmloquium
696 3016 737 3083 ed
754 3014 930 3081 Lectorem.

125 3341 149 3376 ,l
296 3359 333 3386 1',

114 3409 176 3516 ᾆξ’
193 3437 241 3500 κ’(
284 3391 298 3407 ⁸
374 3416 490 3481 Jacobo
499 3412 717 3476 Butleroircff
708 3357 858 3490 rescripsi,
868 3404 1284 3488 menliquandoButlericum

109 3543 129 3598 gs
166 3511 230 3590 Γ,
265 3497 279 3524 ⁴
309 3515 325 3562 ’ἱ
376 3515 519 3583 Stemma,
536 3518 566 3570 et
583 3508 717 3571 Hernica
730 3506 925 3569 Butlerornm
941 3498 1285 3565 factsnuosololibello

111 3601 175 3661 Ξῖ
196 3595 246 3664 -ἷτ
288 3609 340 3644 ¹³
373 3608 456 3671 edid
469 3613 606 3686 suscepto
619 3604 787 3686 complecti,
805 3601 832 3663 si
849 3599 966 3662 scilieet
981 3596 1174 3679 tranquillius
1188 3596 1284 3656 ou'um

96 3705 296 3769 nanciscerer:
318 3707 399 3789 quod
418 3706 572 3784 hucusque
590 3700 717 3783 adipisci
731 3699 866 3761 nondum
886 3696 970 3781 potui
987 3695 1133 3757 bellorum
1150 3690 1285 3755 tumulti·

95 3803 147 3863 bns
160 3805 294 3866 nondum
308 3812 472 3883 exemptus.
514 3798 665 3871 Quoniam
679 3816 751 3857 vero
767 3794 918 3857 annosum
939 3800 969 3854 et
985 3791 1108 3854 avidum
1128 3789 1282 3851 Ieotorem
