<?xml version="1.0" encoding="UTF-8"?>
<!DOCTYPE html PUBLIC "-//W3C//DTD XHTML 1.0 Transitional//EN"
    "http://www.w3.org/TR/xhtml1/DTD/xhtml1-transitional.dtd">
<html xmlns="http://www.w3.org/1999/xhtml" xml:lang="en" lang="en">
 <head>
  <title>
</title>
<meta http-equiv="Content-Type" content="text/html;charset=utf-8" />
  <meta name='ocr-system' content='tesseract 3.04.00' />
  <meta name='ocr-capabilities' content='ocr_page ocr_carea ocr_par ocr_line ocrx_word'/>
</head>
<body>
  <div class='ocr_page' id='page_1' title='image "./itinerariumthom00kerngoog_0282.png"; bbox 0 0 3225 4700; ppageno 0'>
   <div class='ocr_carea' id='block_1_1' title="bbox 348 322 1145 396">
    <p class='ocr_par' dir='ltr' id='par_1_1' title="bbox 348 322 1145 396">
     <span class='ocr_line' id='line_1_1' title="bbox 348 322 1145 396; baseline -0.008 0"><span class='ocrx_word' id='word_1_1' title='bbox 348 329 408 396; x_wconf 90' lang='grc'><strong>190</strong></span> <span class='ocrx_word' id='word_1_2' title='bbox 745 322 1145 393; x_wconf 79' lang='lat' dir='ltr'><strong><em>ITINERARIUM.</em></strong></span> 
     </span>
    </p>
   </div>
   <div class='ocr_carea' id='block_1_2' title="bbox 341 470 1534 1042">
    <p class='ocr_par' dir='ltr' id='par_1_2' title="bbox 341 470 1534 1042">
     <span class='ocr_line' id='line_1_2' title="bbox 344 470 1534 563; baseline -0.007 -22"><span class='ocrx_word' id='word_1_3' title='bbox 344 480 443 563; x_wconf 78' lang='lat' dir='ltr'><strong>paule</strong></span> <span class='ocrx_word' id='word_1_4' title='bbox 459 486 491 541; x_wconf 87' lang='lat' dir='ltr'><strong>et</strong></span> <span class='ocrx_word' id='word_1_5' title='bbox 507 474 611 560; x_wconf 78' lang='lat' dir='ltr'><strong>Belgii</strong></span> <span class='ocrx_word' id='word_1_6' title='bbox 622 472 861 541; x_wconf 83' lang='lat' dir='ltr'><strong>Administrutor</strong></span> <span class='ocrx_word' id='word_1_7' title='bbox 876 496 909 541; x_wconf 90' lang='lat' dir='ltr'><strong>se</strong></span> <span class='ocrx_word' id='word_1_8' title='bbox 925 476 1002 541; x_wconf 89' lang='lat' dir='ltr'><strong>istuc</strong></span> <span class='ocrx_word' id='word_1_9' title='bbox 1017 475 1161 540; x_wconf 86' lang='lat' dir='ltr'><strong>eontulit:</strong></span> <span class='ocrx_word' id='word_1_10' title='bbox 1183 488 1286 558; x_wconf 84' lang='lat' dir='ltr'><strong>pugne</strong></span> <span class='ocrx_word' id='word_1_11' title='bbox 1299 470 1366 535; x_wconf 78' lang='lat' dir='ltr'><strong>lece</strong></span> <span class='ocrx_word' id='word_1_12' title='bbox 1383 470 1534 535; x_wconf 83' lang='lat' dir='ltr'><strong>maritima</strong></span> 
     </span>
     <span class='ocr_line' id='line_1_3' title="bbox 343 570 1532 655; baseline -0.007 -16"><span class='ocrx_word' id='word_1_13' title='bbox 343 578 382 639; x_wconf 87' lang='lat' dir='ltr'><strong>ab</strong></span> <span class='ocrx_word' id='word_1_14' title='bbox 394 575 469 638; x_wconf 83' lang='lat' dir='ltr'><strong>hera</strong></span> <span class='ocrx_word' id='word_1_15' title='bbox 481 582 550 636; x_wconf 88' lang='lat' dir='ltr'><strong>ente</strong></span> <span class='ocrx_word' id='word_1_16' title='bbox 562 572 721 635; x_wconf 77' lang='lat' dir='ltr'><strong>meridiem</strong></span> <span class='ocrx_word' id='word_1_17' title='bbox 734 581 820 637; x_wconf 85' lang='lat' dir='ltr'><strong>sexte</strong></span> <span class='ocrx_word' id='word_1_18' title='bbox 836 572 991 637; x_wconf 81' lang='lat' dir='ltr'><strong>exordium</strong></span> <span class='ocrx_word' id='word_1_19' title='bbox 1009 572 1144 655; x_wconf 81' lang='lat' dir='ltr'><strong>sumpsit,</strong></span> <span class='ocrx_word' id='word_1_20' title='bbox 1159 581 1250 653; x_wconf 86' lang='lat' dir='ltr'><strong>atque</strong></span> <span class='ocrx_word' id='word_1_21' title='bbox 1261 572 1302 634; x_wconf 89' lang='lat' dir='ltr'><strong>ed</strong></span> <span class='ocrx_word' id='word_1_22' title='bbox 1319 570 1424 633; x_wconf 86' lang='lat' dir='ltr'><strong>horem</strong></span> <span class='ocrx_word' id='word_1_23' title='bbox 1436 590 1532 650; x_wconf 91' lang='lat' dir='ltr'><strong>usque</strong></span> 
     </span>
     <span class='ocr_line' id='line_1_4' title="bbox 342 665 1534 753; baseline -0.007 -18"><span class='ocrx_word' id='word_1_24' title='bbox 342 680 479 753; x_wconf 80' lang='lat' dir='ltr'><strong>quartam</strong></span> <span class='ocrx_word' id='word_1_25' title='bbox 490 678 558 753; x_wconf 85' lang='lat' dir='ltr'><strong>pest</strong></span> <span class='ocrx_word' id='word_1_26' title='bbox 569 669 767 733; x_wconf 86' lang='lat' dir='ltr'><strong>meridianem</strong></span> <span class='ocrx_word' id='word_1_27' title='bbox 777 688 811 733; x_wconf 89' lang='lat' dir='ltr'><strong>se</strong></span> <span class='ocrx_word' id='word_1_28' title='bbox 823 670 977 733; x_wconf 83' lang='lat' dir='ltr'><strong>extendit:</strong></span> <span class='ocrx_word' id='word_1_29' title='bbox 996 670 1147 749; x_wconf 80' lang='lat' dir='ltr'><strong>utrimque</strong></span> <span class='ocrx_word' id='word_1_30' title='bbox 1160 688 1233 731; x_wconf 86' lang='lat' dir='ltr'><strong>vero</strong></span> <span class='ocrx_word' id='word_1_31' title='bbox 1244 673 1329 730; x_wconf 85' lang='lat' dir='ltr'><strong>tenta</strong></span> <span class='ocrx_word' id='word_1_32' title='bbox 1341 665 1534 729; x_wconf 82' lang='lat' dir='ltr'><strong>contentione</strong></span> 
     </span>
     <span class='ocr_line' id='line_1_5' title="bbox 341 760 1533 851; baseline -0.008 -21"><span class='ocrx_word' id='word_1_33' title='bbox 341 768 400 830; x_wconf 80' lang='lat' dir='ltr'><strong>luit</strong></span> <span class='ocrx_word' id='word_1_34' title='bbox 412 775 590 851; x_wconf 79' lang='lat' dir='ltr'><strong>pugnatum,</strong></span> <span class='ocrx_word' id='word_1_35' title='bbox 604 766 704 829; x_wconf 83' lang='lat' dir='ltr'><strong>utrix</strong></span> <span class='ocrx_word' id='word_1_36' title='bbox 716 765 780 829; x_wconf 90' lang='lat' dir='ltr'><strong>dici</strong></span> <span class='ocrx_word' id='word_1_37' title='bbox 791 766 913 829; x_wconf 88' lang='lat' dir='ltr'><strong>credive</strong></span> <span class='ocrx_word' id='word_1_38' title='bbox 926 765 1028 849; x_wconf 76' lang='lat' dir='ltr'><strong>possit.</strong></span> <span class='ocrx_word' id='word_1_39' title='bbox 1070 762 1295 827; x_wconf 89' lang='lat' dir='ltr'><strong>Hollundorum</strong></span> <span class='ocrx_word' id='word_1_40' title='bbox 1307 760 1434 825; x_wconf 89' lang='lat' dir='ltr'><strong>consilia</strong></span> <span class='ocrx_word' id='word_1_41' title='bbox 1440 760 1533 843; x_wconf 86' lang='lat' dir='ltr'><strong>juve·</strong></span> 
     </span>
     <span class='ocr_line' id='line_1_6' title="bbox 341 858 1532 946; baseline -0.007 -20"><span class='ocrx_word' id='word_1_42' title='bbox 341 864 394 926; x_wconf 85' lang='lat' dir='ltr'><strong>bet</strong></span> <span class='ocrx_word' id='word_1_43' title='bbox 405 862 582 927; x_wconf 85' lang='lat' dir='ltr'><strong>densissime</strong></span> <span class='ocrx_word' id='word_1_44' title='bbox 594 862 714 938; x_wconf 86' lang='lat' dir='ltr'><strong>nebula,</strong></span> <span class='ocrx_word' id='word_1_45' title='bbox 727 864 813 946; x_wconf 90' lang='lat' dir='ltr'><strong>cujus</strong></span> <span class='ocrx_word' id='word_1_46' title='bbox 826 861 992 925; x_wconf 85' lang='lat' dir='ltr'><strong>ministerio</strong></span> <span class='ocrx_word' id='word_1_47' title='bbox 1007 881 1067 923; x_wconf 93' lang='lat' dir='ltr'><strong>non</strong></span> <span class='ocrx_word' id='word_1_48' title='bbox 1082 860 1250 943; x_wconf 84' lang='lat' dir='ltr'><strong>opinantes,</strong></span> <span class='ocrx_word' id='word_1_49' title='bbox 1266 878 1322 921; x_wconf 88' lang='lat' dir='ltr'><strong>uec</strong></span> <span class='ocrx_word' id='word_1_50' title='bbox 1338 858 1379 922; x_wconf 90' lang='lat' dir='ltr'><strong>ed</strong></span> <span class='ocrx_word' id='word_1_51' title='bbox 1395 876 1532 940; x_wconf 79' lang='lat' dir='ltr'><strong>pugnam</strong></span> 
     </span>
     <span class='ocr_line' id='line_1_7' title="bbox 341 953 1532 1042; baseline -0.009 -19"><span class='ocrx_word' id='word_1_52' title='bbox 341 958 500 1042; x_wconf 83' lang='lat' dir='ltr'><strong>dispositos</strong></span> <span class='ocrx_word' id='word_1_53' title='bbox 512 967 634 1042; x_wconf 84' lang='lat' dir='ltr'><strong>repente</strong></span> <span class='ocrx_word' id='word_1_54' title='bbox 645 959 745 1022; x_wconf 86' lang='lat' dir='ltr'><strong>adorti</strong></span> <span class='ocrx_word' id='word_1_55' title='bbox 757 968 839 1036; x_wconf 88' lang='lat' dir='ltr'><strong>sunt,</strong></span> <span class='ocrx_word' id='word_1_56' title='bbox 853 958 943 1021; x_wconf 83' lang='lat' dir='ltr'><strong>iteut</strong></span> <span class='ocrx_word' id='word_1_57' title='bbox 954 957 1030 1039; x_wconf 88' lang='lat' dir='ltr'><strong>quid</strong></span> <span class='ocrx_word' id='word_1_58' title='bbox 1046 976 1146 1019; x_wconf 89' lang='lat' dir='ltr'><strong>rerum</strong></span> <span class='ocrx_word' id='word_1_59' title='bbox 1163 963 1301 1039; x_wconf 81' lang='lat' dir='ltr'><strong>ageretur</strong></span> <span class='ocrx_word' id='word_1_60' title='bbox 1315 953 1448 1035; x_wconf 76' lang='lat' dir='ltr'><strong>Hispani</strong></span> <span class='ocrx_word' id='word_1_61' title='bbox 1463 972 1532 1013; x_wconf 86' lang='lat' dir='ltr'><strong>nes·</strong></span> 
     </span>
    </p>
   </div>
   <div class='ocr_carea' id='block_1_3' title="bbox 281 1048 1531 3059">
    <p class='ocr_par' dir='ltr' id='par_1_3' title="bbox 281 1048 1531 3059">
     <span class='ocr_line' id='line_1_8' title="bbox 341 1048 1530 1137; baseline -0.008 -20"><span class='ocrx_word' id='word_1_62' title='bbox 341 1055 446 1131; x_wconf 75' lang='lat' dir='ltr'><strong>circui,</strong></span> <span class='ocrx_word' id='word_1_63' title='bbox 468 1056 656 1137; x_wconf 87' lang='lat' dir='ltr'><strong>majoresque</strong></span> <span class='ocrx_word' id='word_1_64' title='bbox 678 1054 902 1117; x_wconf 87' lang='lat' dir='ltr'><strong>Hollaudorum</strong></span> <span class='ocrx_word' id='word_1_65' title='bbox 923 1054 1131 1136; x_wconf 85' lang='lat' dir='ltr'><strong>impetentium</strong></span> <span class='ocrx_word' id='word_1_66' title='bbox 1147 1052 1226 1114; x_wconf 87' lang='lat' dir='ltr'><strong>viree</strong></span> <span class='ocrx_word' id='word_1_67' title='bbox 1242 1070 1334 1133; x_wconf 89' lang='lat' dir='ltr'><strong>qaam</strong></span> <span class='ocrx_word' id='word_1_68' title='bbox 1353 1055 1439 1113; x_wconf 86' lang='lat' dir='ltr'><strong>eraut</strong></span> <span class='ocrx_word' id='word_1_69' title='bbox 1458 1048 1530 1123; x_wconf 88' lang='lat' dir='ltr'><strong>reti,</strong></span> 
     </span>
     <span class='ocr_line' id='line_1_9' title="bbox 339 1144 1531 1233; baseline -0.008 -20"><span class='ocrx_word' id='word_1_70' title='bbox 339 1151 438 1213; x_wconf 83' lang='lat' dir='ltr'><strong>subito</strong></span> <span class='ocrx_word' id='word_1_71' title='bbox 451 1150 596 1213; x_wconf 83' lang='lat' dir='ltr'><strong>anchoras</strong></span> <span class='ocrx_word' id='word_1_72' title='bbox 609 1150 714 1213; x_wconf 84' lang='lat' dir='ltr'><strong>cultris</strong></span> <span class='ocrx_word' id='word_1_73' title='bbox 727 1150 905 1225; x_wconf 86' lang='lat' dir='ltr'><strong>inciderent,</strong></span> <span class='ocrx_word' id='word_1_74' title='bbox 922 1170 958 1213; x_wconf 90' lang='lat' dir='ltr'><strong>ae</strong></span> <span class='ocrx_word' id='word_1_75' title='bbox 976 1148 1134 1233; x_wconf 77' lang='lat' dir='ltr'><strong>profugere</strong></span> <span class='ocrx_word' id='word_1_76' title='bbox 1150 1148 1183 1209; x_wconf 90' lang='lat' dir='ltr'><strong>in</strong></span> <span class='ocrx_word' id='word_1_77' title='bbox 1200 1156 1300 1211; x_wconf 78' lang='lat' dir='ltr'><strong>tutum</strong></span> <span class='ocrx_word' id='word_1_78' title='bbox 1315 1144 1425 1207; x_wconf 85' lang='lat' dir='ltr'><strong>frustra</strong></span> <span class='ocrx_word' id='word_1_79' title='bbox 1439 1163 1531 1205; x_wconf 88' lang='lat' dir='ltr'><strong>cona·</strong></span> 
     </span>
     <span class='ocr_line' id='line_1_10' title="bbox 339 1240 1530 1328; baseline -0.007 -20"><span class='ocrx_word' id='word_1_80' title='bbox 339 1256 454 1323; x_wconf 86' lang='lat' dir='ltr'><strong>rentur,</strong></span> <span class='ocrx_word' id='word_1_81' title='bbox 477 1246 723 1328; x_wconf 88' lang='lat' dir='ltr'><strong>qnandoquidem</strong></span> <span class='ocrx_word' id='word_1_82' title='bbox 745 1246 893 1309; x_wconf 87' lang='lat' dir='ltr'><strong>Hollaudi</strong></span> <span class='ocrx_word' id='word_1_83' title='bbox 915 1246 958 1308; x_wconf 84' lang='lat' dir='ltr'><strong>ite</strong></span> <span class='ocrx_word' id='word_1_84' title='bbox 977 1263 1063 1309; x_wconf 87' lang='lat' dir='ltr'><strong>suam</strong></span> <span class='ocrx_word' id='word_1_85' title='bbox 1083 1244 1210 1307; x_wconf 70' lang='lat' dir='ltr'><strong>clamem</strong></span> <span class='ocrx_word' id='word_1_86' title='bbox 1229 1244 1413 1318; x_wconf 87' lang='lat' dir='ltr'><strong>ordinarent,</strong></span> <span class='ocrx_word' id='word_1_87' title='bbox 1439 1251 1476 1302; x_wconf 85' lang='lat' dir='ltr'><strong>ut</strong></span> <span class='ocrx_word' id='word_1_88' title='bbox 1495 1240 1530 1301; x_wconf 89' lang='lat' dir='ltr'><strong>in</strong></span> 
     </span>
     <span class='ocr_line' id='line_1_11' title="bbox 338 1340 1531 1425; baseline -0.004 -22"><span class='ocrx_word' id='word_1_89' title='bbox 338 1342 494 1405; x_wconf 86' lang='lat' dir='ltr'><strong>semilnme</strong></span> <span class='ocrx_word' id='word_1_90' title='bbox 510 1343 639 1404; x_wconf 83' lang='lat' dir='ltr'><strong>formam</strong></span> <span class='ocrx_word' id='word_1_91' title='bbox 653 1342 858 1417; x_wconf 82' lang='lat' dir='ltr'><strong>extenderent,</strong></span> <span class='ocrx_word' id='word_1_92' title='bbox 872 1351 961 1425; x_wconf 84' lang='lat' dir='ltr'><strong>atque</strong></span> <span class='ocrx_word' id='word_1_93' title='bbox 973 1344 1017 1405; x_wconf 87' lang='lat' dir='ltr'><strong>ite</strong></span> <span class='ocrx_word' id='word_1_94' title='bbox 1030 1342 1184 1425; x_wconf 88' lang='lat' dir='ltr'><strong>Hispanos</strong></span> <span class='ocrx_word' id='word_1_95' title='bbox 1196 1340 1474 1423; x_wconf 77' lang='lat' dir='ltr'><strong>complecterentur,</strong></span> <span class='ocrx_word' id='word_1_96' title='bbox 1493 1345 1531 1398; x_wconf 83' lang='lat' dir='ltr'><strong>ut</strong></span> 
     </span>
     <span class='ocr_line' id='line_1_12' title="bbox 338 1436 1529 1520; baseline -0.006 -20"><span class='ocrx_word' id='word_1_97' title='bbox 338 1456 419 1519; x_wconf 78' lang='lat' dir='ltr'><strong>egre</strong></span> <span class='ocrx_word' id='word_1_98' title='bbox 439 1438 505 1500; x_wconf 84' lang='lat' dir='ltr'><strong>eine</strong></span> <span class='ocrx_word' id='word_1_99' title='bbox 525 1436 612 1501; x_wconf 89' lang='lat' dir='ltr'><strong>clude</strong></span> <span class='ocrx_word' id='word_1_100' title='bbox 632 1436 711 1500; x_wconf 85' lang='lat' dir='ltr'><strong>elabi</strong></span> <span class='ocrx_word' id='word_1_101' title='bbox 730 1446 870 1520; x_wconf 77' lang='lat' dir='ltr'><strong>poeseut3</strong></span> <span class='ocrx_word' id='word_1_102' title='bbox 891 1456 927 1501; x_wconf 91' lang='lat' dir='ltr'><strong>ec</strong></span> <span class='ocrx_word' id='word_1_103' title='bbox 944 1438 1016 1501; x_wconf 87' lang='lat' dir='ltr'><strong>licet</strong></span> <span class='ocrx_word' id='word_1_104' title='bbox 1036 1436 1188 1519; x_wconf 78' lang='lat' dir='ltr'><strong>pleneque</strong></span> <span class='ocrx_word' id='word_1_105' title='bbox 1210 1436 1416 1519; x_wconf 84' lang='lat' dir='ltr'><strong>Hispanorum</strong></span> <span class='ocrx_word' id='word_1_106' title='bbox 1432 1452 1529 1495; x_wconf 88' lang='lat' dir='ltr'><strong>neves</strong></span> 
     </span>
     <span class='ocr_line' id='line_1_13' title="bbox 338 1531 1527 1613; baseline -0.003 -17"><span class='ocrx_word' id='word_1_107' title='bbox 338 1533 474 1596; x_wconf 87' lang='lat' dir='ltr'><strong>mescule</strong></span> <span class='ocrx_word' id='word_1_108' title='bbox 488 1554 544 1597; x_wconf 88' lang='lat' dir='ltr'><strong>sue</strong></span> <span class='ocrx_word' id='word_1_109' title='bbox 559 1534 672 1597; x_wconf 83' lang='lat' dir='ltr'><strong>virtute</strong></span> <span class='ocrx_word' id='word_1_110' title='bbox 691 1534 782 1597; x_wconf 79' lang='lat' dir='ltr'><strong>salve</strong></span> <span class='ocrx_word' id='word_1_111' title='bbox 798 1534 958 1609; x_wconf 71' lang='lat' dir='ltr'><strong>evenerint,</strong></span> <span class='ocrx_word' id='word_1_112' title='bbox 978 1532 1074 1596; x_wconf 86' lang='lat' dir='ltr'><strong>multo</strong></span> <span class='ocrx_word' id='word_1_113' title='bbox 1090 1542 1191 1595; x_wconf 90' lang='lat' dir='ltr'><strong>temen</strong></span> <span class='ocrx_word' id='word_1_114' title='bbox 1210 1532 1333 1607; x_wconf 83' lang='lat' dir='ltr'><strong>damno,</strong></span> <span class='ocrx_word' id='word_1_115' title='bbox 1351 1531 1527 1613; x_wconf 68' lang='lat' dir='ltr'><strong>mq’oreque</strong></span> 
     </span>
     <span class='ocr_line' id='line_1_14' title="bbox 337 1629 1526 1715; baseline 0 -24"><span class='ocrx_word' id='word_1_116' title='bbox 337 1630 472 1711; x_wconf 85' lang='lat' dir='ltr'><strong>periculo</strong></span> <span class='ocrx_word' id='word_1_117' title='bbox 483 1630 557 1713; x_wconf 86' lang='lat' dir='ltr'><strong>ipsis</strong></span> <span class='ocrx_word' id='word_1_118' title='bbox 568 1630 636 1693; x_wconf 79' lang='lat' dir='ltr'><strong>heae</strong></span> <span class='ocrx_word' id='word_1_119' title='bbox 646 1631 722 1715; x_wconf 70' lang='lat' dir='ltr'><strong>fuge</strong></span> <span class='ocrx_word' id='word_1_120' title='bbox 733 1631 823 1695; x_wconf 85' lang='lat' dir='ltr'><strong>stetit.</strong></span> <span class='ocrx_word' id='word_1_121' title='bbox 851 1630 992 1714; x_wconf 84' lang='lat' dir='ltr'><strong>Proregie</strong></span> <span class='ocrx_word' id='word_1_122' title='bbox 1007 1629 1199 1713; x_wconf 70' lang='lat' dir='ltr'><strong>Neapolitani</strong></span> <span class='ocrx_word' id='word_1_123' title='bbox 1211 1629 1297 1693; x_wconf 83' lang='lat' dir='ltr'><strong>nevis</strong></span> <span class='ocrx_word' id='word_1_124' title='bbox 1309 1629 1388 1691; x_wconf 85' lang='lat' dir='ltr'><strong>inter</strong></span> <span class='ocrx_word' id='word_1_125' title='bbox 1399 1636 1526 1691; x_wconf 78' lang='lat' dir='ltr'><strong>caeteras</strong></span> 
     </span>
     <span class='ocr_line' id='line_1_15' title="bbox 336 1724 1526 1807; baseline -0.001 -20"><span class='ocrx_word' id='word_1_126' title='bbox 336 1724 464 1806; x_wconf 86' lang='lat' dir='ltr'><strong>primam</strong></span> <span class='ocrx_word' id='word_1_127' title='bbox 476 1726 661 1790; x_wconf 83' lang='lat' dir='ltr'><strong>fortitudinis</strong></span> <span class='ocrx_word' id='word_1_128' title='bbox 674 1737 705 1791; x_wconf 90' lang='lat' dir='ltr'><strong>et</strong></span> <span class='ocrx_word' id='word_1_129' title='bbox 717 1728 812 1789; x_wconf 91' lang='lat' dir='ltr'><strong>enimi</strong></span> <span class='ocrx_word' id='word_1_130' title='bbox 826 1746 897 1790; x_wconf 88' lang='lat' dir='ltr'><strong>vere</strong></span> <span class='ocrx_word' id='word_1_131' title='bbox 910 1727 1017 1789; x_wconf 86' lang='lat' dir='ltr'><strong>Martii</strong></span> <span class='ocrx_word' id='word_1_132' title='bbox 1033 1726 1154 1789; x_wconf 88' lang='lat' dir='ltr'><strong>leudem</strong></span> <span class='ocrx_word' id='word_1_133' title='bbox 1169 1726 1249 1802; x_wconf 86' lang='lat' dir='ltr'><strong>tulit,</strong></span> <span class='ocrx_word' id='word_1_134' title='bbox 1269 1725 1419 1807; x_wconf 86' lang='lat' dir='ltr'><strong>siqnidem</strong></span> <span class='ocrx_word' id='word_1_135' title='bbox 1434 1744 1473 1787; x_wconf 87' lang='lat' dir='ltr'><strong>ex</strong></span> <span class='ocrx_word' id='word_1_136' title='bbox 1486 1744 1526 1787; x_wconf 81' lang='lat' dir='ltr'><strong>ee</strong></span> 
     </span>
     <span class='ocr_line' id='line_1_16' title="bbox 335 1819 1524 1905; baseline 0 -22"><span class='ocrx_word' id='word_1_137' title='bbox 335 1829 399 1883; x_wconf 63' lang='lat' dir='ltr'><strong>nm</strong></span> <span class='ocrx_word' id='word_1_138' title='bbox 420 1822 546 1885; x_wconf 87' lang='lat' dir='ltr'><strong>viriliter</strong></span> <span class='ocrx_word' id='word_1_139' title='bbox 566 1833 733 1905; x_wconf 77' lang='lat' dir='ltr'><strong>pugnatum</strong></span> <span class='ocrx_word' id='word_1_140' title='bbox 753 1833 810 1901; x_wconf 81' lang='lat' dir='ltr'><strong>est,</strong></span> <span class='ocrx_word' id='word_1_141' title='bbox 831 1830 866 1885; x_wconf 85' lang='lat' dir='ltr'><strong>ut</strong></span> <span class='ocrx_word' id='word_1_142' title='bbox 885 1822 1030 1905; x_wconf 63' lang='lat' dir='ltr'><strong>precipui</strong></span> <span class='ocrx_word' id='word_1_143' title='bbox 1051 1822 1275 1887; x_wconf 86' lang='lat' dir='ltr'><strong>Hollundorum</strong></span> <span class='ocrx_word' id='word_1_144' title='bbox 1297 1821 1430 1885; x_wconf 77' lang='lat' dir='ltr'><strong>naucleri</strong></span> <span class='ocrx_word' id='word_1_145' title='bbox 1449 1819 1524 1884; x_wconf 82' lang='lat' dir='ltr'><strong>iude</strong></span> 
     </span>
     <span class='ocr_line' id='line_1_17' title="bbox 333 1916 1521 2000; baseline 0.002 -21"><span class='ocrx_word' id='word_1_146' title='bbox 333 1916 482 1981; x_wconf 87' lang='lat' dir='ltr'><strong>vulnerati</strong></span> <span class='ocrx_word' id='word_1_147' title='bbox 498 1919 701 2000; x_wconf 69' lang='lat' dir='ltr'><strong>trucidatique</strong></span> <span class='ocrx_word' id='word_1_148' title='bbox 717 1921 786 1982; x_wconf 80' lang='lat' dir='ltr'><strong>sint</strong></span> <span class='ocrx_word' id='word_1_149' title='bbox 826 1918 894 1983; x_wconf 84' lang='lat' dir='ltr'><strong>Neo</strong></span> <span class='ocrx_word' id='word_1_150' title='bbox 910 1940 981 1983; x_wconf 85' lang='lat' dir='ltr'><strong>seue</strong></span> <span class='ocrx_word' id='word_1_151' title='bbox 997 1920 1125 1982; x_wconf 87' lang='lat' dir='ltr'><strong>multum</strong></span> <span class='ocrx_word' id='word_1_152' title='bbox 1143 1918 1348 2000; x_wconf 81' lang='lat' dir='ltr'><strong>proieoiseent,</strong></span> <span class='ocrx_word' id='word_1_153' title='bbox 1365 1918 1424 1981; x_wconf 85' lang='lat' dir='ltr'><strong>nisi</strong></span> <span class='ocrx_word' id='word_1_154' title='bbox 1442 1918 1521 2000; x_wconf 87' lang='lat' dir='ltr'><strong>pice,</strong></span> 
     </span>
     <span class='ocr_line' id='line_1_18' title="bbox 334 2012 1521 2097; baseline 0.003 -23"><span class='ocrx_word' id='word_1_155' title='bbox 334 2012 443 2089; x_wconf 75' lang='lat' dir='ltr'><strong>mine,</strong></span> <span class='ocrx_word' id='word_1_156' title='bbox 456 2020 544 2097; x_wconf 82' lang='lat' dir='ltr'><strong>stupa</strong></span> <span class='ocrx_word' id='word_1_157' title='bbox 555 2015 674 2097; x_wconf 79' lang='lat' dir='ltr'><strong>elinque</strong></span> <span class='ocrx_word' id='word_1_158' title='bbox 685 2016 812 2079; x_wconf 84' lang='lat' dir='ltr'><strong>materie</strong></span> <span class='ocrx_word' id='word_1_159' title='bbox 823 2016 911 2079; x_wconf 83' lang='lat' dir='ltr'><strong>facile</strong></span> <span class='ocrx_word' id='word_1_160' title='bbox 923 2015 1124 2079; x_wconf 88' lang='lat' dir='ltr'><strong>combustibili</strong></span> <span class='ocrx_word' id='word_1_161' title='bbox 1135 2014 1263 2097; x_wconf 65' lang='lat' dir='ltr'><strong>oppleta</strong></span> <span class='ocrx_word' id='word_1_162' title='bbox 1275 2032 1367 2077; x_wconf 84' lang='lat' dir='ltr'><strong>naves</strong></span> <span class='ocrx_word' id='word_1_163' title='bbox 1374 2022 1406 2075; x_wconf 89' lang='lat' dir='ltr'><strong>et</strong></span> <span class='ocrx_word' id='word_1_164' title='bbox 1413 2034 1521 2077; x_wconf 87' lang='lat' dir='ltr'><strong>aecen-</strong></span> 
     </span>
     <span class='ocr_line' id='line_1_19' title="bbox 333 2108 1521 2192; baseline 0.002 -23"><span class='ocrx_word' id='word_1_165' title='bbox 333 2128 375 2169; x_wconf 81' lang='lat' dir='ltr'><strong>eae</strong></span> <span class='ocrx_word' id='word_1_166' title='bbox 388 2108 507 2171; x_wconf 87' lang='lat' dir='ltr'><strong>uncinie</strong></span> <span class='ocrx_word' id='word_1_167' title='bbox 518 2110 622 2173; x_wconf 78' lang='lat' dir='ltr'><strong>ferreis</strong></span> <span class='ocrx_word' id='word_1_168' title='bbox 631 2111 959 2192; x_wconf 78' lang='lat' dir='ltr'><strong>tamlortitereppactae</strong></span> <span class='ocrx_word' id='word_1_169' title='bbox 970 2116 1077 2187; x_wconf 83' lang='lat' dir='ltr'><strong>esseut,</strong></span> <span class='ocrx_word' id='word_1_170' title='bbox 1090 2120 1125 2173; x_wconf 87' lang='lat' dir='ltr'><strong>ut</strong></span> <span class='ocrx_word' id='word_1_171' title='bbox 1131 2108 1254 2172; x_wconf 85' lang='lat' dir='ltr'><strong>dissolvi</strong></span> <span class='ocrx_word' id='word_1_172' title='bbox 1262 2109 1424 2177; x_wconf 87' lang='lat' dir='ltr'><strong>indenullo</strong></span> <span class='ocrx_word' id='word_1_173' title='bbox 1430 2110 1521 2173; x_wconf 86' lang='lat' dir='ltr'><strong>modo</strong></span> 
     </span>
     <span class='ocr_line' id='line_1_20' title="bbox 332 2205 1519 2291; baseline 0.001 -25"><span class='ocrx_word' id='word_1_174' title='bbox 332 2214 462 2284; x_wconf 84' lang='lat' dir='ltr'><strong>possent,</strong></span> <span class='ocrx_word' id='word_1_175' title='bbox 477 2206 558 2267; x_wconf 89' lang='lat' dir='ltr'><strong>uude</strong></span> <span class='ocrx_word' id='word_1_176' title='bbox 567 2205 680 2269; x_wconf 80' lang='lat' dir='ltr'><strong>fectum</strong></span> <span class='ocrx_word' id='word_1_177' title='bbox 692 2215 728 2269; x_wconf 87' lang='lat' dir='ltr'><strong>ut</strong></span> <span class='ocrx_word' id='word_1_178' title='bbox 741 2227 796 2269; x_wconf 90' lang='lat' dir='ltr'><strong>suo</strong></span> <span class='ocrx_word' id='word_1_179' title='bbox 809 2206 880 2291; x_wconf 82' lang='lat' dir='ltr'><strong>igne</strong></span> <span class='ocrx_word' id='word_1_180' title='bbox 893 2206 977 2268; x_wconf 91' lang='lat' dir='ltr'><strong>illam</strong></span> <span class='ocrx_word' id='word_1_181' title='bbox 989 2206 1085 2288; x_wconf 89' lang='lat' dir='ltr'><strong>ipsum</strong></span> <span class='ocrx_word' id='word_1_182' title='bbox 1094 2226 1213 2288; x_wconf 89' lang='lat' dir='ltr'><strong>quoque</strong></span> <span class='ocrx_word' id='word_1_183' title='bbox 1225 2206 1432 2281; x_wconf 73' lang='lat' dir='ltr'><strong>accenderent,</strong></span> <span class='ocrx_word' id='word_1_184' title='bbox 1443 2226 1519 2267; x_wconf 84' lang='lat' dir='ltr'><strong>una·</strong></span> 
     </span>
     <span class='ocr_line' id='line_1_21' title="bbox 326 2300 1518 2386; baseline 0.003 -24"><span class='ocrx_word' id='word_1_185' title='bbox 326 2319 392 2382; x_wconf 60' lang='lat' dir='ltr'><strong>»que</strong></span> <span class='ocrx_word' id='word_1_186' title='bbox 410 2300 564 2382; x_wconf 85' lang='lat' dir='ltr'><strong>pulverem</strong></span> <span class='ocrx_word' id='word_1_187' title='bbox 583 2304 821 2378; x_wconf 69' lang='lat' dir='ltr'><strong>tormentarium,</strong></span> <span class='ocrx_word' id='word_1_188' title='bbox 841 2302 927 2386; x_wconf 89' lang='lat' dir='ltr'><strong>eujus</strong></span> <span class='ocrx_word' id='word_1_189' title='bbox 945 2301 1090 2366; x_wconf 83' lang='lat' dir='ltr'><strong>violentie</strong></span> <span class='ocrx_word' id='word_1_190' title='bbox 1111 2302 1261 2368; x_wconf 86' lang='lat' dir='ltr'><strong>horrendo</strong></span> <span class='ocrx_word' id='word_1_191' title='bbox 1280 2320 1352 2366; x_wconf 88' lang='lat' dir='ltr'><strong>cum</strong></span> <span class='ocrx_word' id='word_1_192' title='bbox 1368 2304 1469 2366; x_wconf 85' lang='lat' dir='ltr'><strong>souitu</strong></span> <span class='ocrx_word' id='word_1_193' title='bbox 1485 2304 1518 2366; x_wconf 85' lang='lat' dir='ltr'><strong>in</strong></span> 
     </span>
     <span class='ocr_line' id='line_1_22' title="bbox 330 2399 1517 2480; baseline 0.002 -20"><span class='ocrx_word' id='word_1_194' title='bbox 330 2403 401 2460; x_wconf 66' lang='lat' dir='ltr'><strong>aere</strong></span> <span class='ocrx_word' id='word_1_195' title='bbox 412 2408 497 2462; x_wconf 75' lang='lat' dir='ltr'><strong>muta</strong></span> <span class='ocrx_word' id='word_1_196' title='bbox 507 2401 540 2462; x_wconf 89' lang='lat' dir='ltr'><strong>vi</strong></span> <span class='ocrx_word' id='word_1_197' title='bbox 551 2400 691 2477; x_wconf 79' lang='lat' dir='ltr'><strong>evolavit,</strong></span> <span class='ocrx_word' id='word_1_198' title='bbox 705 2409 741 2463; x_wconf 86' lang='lat' dir='ltr'><strong>ut</strong></span> <span class='ocrx_word' id='word_1_199' title='bbox 753 2399 869 2463; x_wconf 74' lang='lat' dir='ltr'><strong>calam</strong></span> <span class='ocrx_word' id='word_1_200' title='bbox 882 2399 1010 2462; x_wconf 85' lang='lat' dir='ltr'><strong>describi</strong></span> <span class='ocrx_word' id='word_1_201' title='bbox 1022 2408 1160 2480; x_wconf 84' lang='lat' dir='ltr'><strong>nequeat.</strong></span> <span class='ocrx_word' id='word_1_202' title='bbox 1202 2400 1253 2462; x_wconf 92' lang='lat' dir='ltr'><strong>De</strong></span> <span class='ocrx_word' id='word_1_203' title='bbox 1268 2399 1326 2462; x_wconf 90' lang='lat' dir='ltr'><strong>hec</strong></span> <span class='ocrx_word' id='word_1_204' title='bbox 1342 2399 1470 2462; x_wconf 85' lang='lat' dir='ltr'><strong>victorie</strong></span> <span class='ocrx_word' id='word_1_205' title='bbox 1485 2401 1517 2462; x_wconf 89' lang='lat' dir='ltr'><strong>iu</strong></span> 
     </span>
     <span class='ocr_line' id='line_1_23' title="bbox 332 2493 1518 2578; baseline 0.002 -23"><span class='ocrx_word' id='word_1_206' title='bbox 332 2494 499 2558; x_wconf 84' lang='lat' dir='ltr'><strong>Hollaudia</strong></span> <span class='ocrx_word' id='word_1_207' title='bbox 512 2495 672 2558; x_wconf 83' lang='lat' dir='ltr'><strong>Seelandie</strong></span> <span class='ocrx_word' id='word_1_208' title='bbox 682 2517 718 2558; x_wconf 90' lang='lat' dir='ltr'><strong>ac</strong></span> <span class='ocrx_word' id='word_1_209' title='bbox 730 2495 803 2558; x_wconf 85' lang='lat' dir='ltr'><strong>alibi</strong></span> <span class='ocrx_word' id='word_1_210' title='bbox 814 2494 975 2578; x_wconf 80' lang='lat' dir='ltr'><strong>magnifiee</strong></span> <span class='ocrx_word' id='word_1_211' title='bbox 987 2493 1201 2576; x_wconf 72' lang='lat' dir='ltr'><strong>triumphatum</strong></span> <span class='ocrx_word' id='word_1_212' title='bbox 1216 2505 1271 2570; x_wconf 88' lang='lat' dir='ltr'><strong>eet,</strong></span> <span class='ocrx_word' id='word_1_213' title='bbox 1285 2515 1345 2576; x_wconf 89' lang='lat' dir='ltr'><strong>que</strong></span> <span class='ocrx_word' id='word_1_214' title='bbox 1356 2503 1518 2558; x_wconf 85' lang='lat' dir='ltr'><strong>termento-</strong></span> 
     </span>
     <span class='ocr_line' id='line_1_24' title="bbox 329 2589 1518 2673; baseline 0.001 -22"><span class='ocrx_word' id='word_1_215' title='bbox 329 2609 399 2651; x_wconf 83' lang='lat' dir='ltr'><strong>rum</strong></span> <span class='ocrx_word' id='word_1_216' title='bbox 411 2591 561 2673; x_wconf 81' lang='lat' dir='ltr'><strong>majorum</strong></span> <span class='ocrx_word' id='word_1_217' title='bbox 572 2591 747 2654; x_wconf 85' lang='lat' dir='ltr'><strong>bellicorum</strong></span> <span class='ocrx_word' id='word_1_218' title='bbox 759 2591 981 2668; x_wconf 79' lang='lat' dir='ltr'><strong>exoneratione,</strong></span> <span class='ocrx_word' id='word_1_219' title='bbox 994 2609 1056 2671; x_wconf 87' lang='lat' dir='ltr'><strong>que</strong></span> <span class='ocrx_word' id='word_1_220' title='bbox 1071 2589 1189 2673; x_wconf 83' lang='lat' dir='ltr'><strong>ignium</strong></span> <span class='ocrx_word' id='word_1_221' title='bbox 1205 2589 1379 2653; x_wconf 72' lang='lat' dir='ltr'><strong>festivorum</strong></span> <span class='ocrx_word' id='word_1_222' title='bbox 1393 2611 1518 2654; x_wconf 81' lang='lat' dir='ltr'><strong>encom-</strong></span> 
     </span>
     <span class='ocr_line' id='line_1_25' title="bbox 329 2685 1517 2770; baseline 0.002 -23"><span class='ocrx_word' id='word_1_223' title='bbox 329 2686 424 2760; x_wconf 88' lang='lat' dir='ltr'><strong>sione‚</strong></span> <span class='ocrx_word' id='word_1_224' title='bbox 436 2707 499 2768; x_wconf 90' lang='lat' dir='ltr'><strong>que</strong></span> <span class='ocrx_word' id='word_1_225' title='bbox 510 2686 579 2750; x_wconf 80' lang='lat' dir='ltr'><strong>festi</strong></span> <span class='ocrx_word' id='word_1_226' title='bbox 589 2687 732 2750; x_wconf 85' lang='lat' dir='ltr'><strong>carminis</strong></span> <span class='ocrx_word' id='word_1_227' title='bbox 743 2687 958 2751; x_wconf 86' lang='lat' dir='ltr'><strong>modulatione.</strong></span> <span class='ocrx_word' id='word_1_228' title='bbox 998 2685 1078 2748; x_wconf 83' lang='lat' dir='ltr'><strong>Cum</strong></span> <span class='ocrx_word' id='word_1_229' title='bbox 1089 2695 1188 2748; x_wconf 87' lang='lat' dir='ltr'><strong>temen</strong></span> <span class='ocrx_word' id='word_1_230' title='bbox 1203 2685 1335 2768; x_wconf 77' lang='lat' dir='ltr'><strong>Hispani</strong></span> <span class='ocrx_word' id='word_1_231' title='bbox 1351 2707 1413 2749; x_wconf 90' lang='lat' dir='ltr'><strong>non</strong></span> <span class='ocrx_word' id='word_1_232' title='bbox 1430 2707 1517 2770; x_wconf 85' lang='lat' dir='ltr'><strong>mag·</strong></span> 
     </span>
     <span class='ocr_line' id='line_1_26' title="bbox 329 2781 1516 2866; baseline 0.001 -21"><span class='ocrx_word' id='word_1_233' title='bbox 329 2802 439 2864; x_wconf 84' lang='lat' dir='ltr'><strong>nopere</strong></span> <span class='ocrx_word' id='word_1_234' title='bbox 447 2783 823 2862; x_wconf 82' lang='lat' dir='ltr'><strong>senseriuteuemclederu,</strong></span> <span class='ocrx_word' id='word_1_235' title='bbox 833 2785 943 2847; x_wconf 86' lang='lat' dir='ltr'><strong>essueti</strong></span> <span class='ocrx_word' id='word_1_236' title='bbox 953 2803 1062 2865; x_wconf 79' lang='lat' dir='ltr'><strong>magno</strong></span> <span class='ocrx_word' id='word_1_237' title='bbox 1072 2783 1173 2845; x_wconf 89' lang='lat' dir='ltr'><strong>enimc</strong></span> <span class='ocrx_word' id='word_1_238' title='bbox 1181 2781 1314 2845; x_wconf 84' lang='lat' dir='ltr'><strong>dolorem</strong></span> <span class='ocrx_word' id='word_1_239' title='bbox 1322 2783 1516 2866; x_wconf 87' lang='lat' dir='ltr'><strong>supprimere,</strong></span> 
     </span>
     <span class='ocr_line' id='line_1_27' title="bbox 328 2877 1515 2963; baseline 0.004 -23"><span class='ocrx_word' id='word_1_240' title='bbox 328 2898 365 2940; x_wconf 86' lang='lat' dir='ltr'><strong>eo</strong></span> <span class='ocrx_word' id='word_1_241' title='bbox 377 2880 417 2941; x_wconf 88' lang='lat' dir='ltr'><strong>de</strong></span> <span class='ocrx_word' id='word_1_242' title='bbox 429 2880 605 2963; x_wconf 74' lang='lat' dir='ltr'><strong>opportunis</strong></span> <span class='ocrx_word' id='word_1_243' title='bbox 616 2879 724 2943; x_wconf 88' lang='lat' dir='ltr'><strong>mediis</strong></span> <span class='ocrx_word' id='word_1_244' title='bbox 740 2901 772 2944; x_wconf 87' lang='lat' dir='ltr'><strong>ee</strong></span> <span class='ocrx_word' id='word_1_245' title='bbox 787 2880 965 2944; x_wconf 86' lang='lat' dir='ltr'><strong>vindicandi</strong></span> <span class='ocrx_word' id='word_1_246' title='bbox 983 2888 1098 2943; x_wconf 84' lang='lat' dir='ltr'><strong>mature</strong></span> <span class='ocrx_word' id='word_1_247' title='bbox 1115 2877 1292 2956; x_wconf 85' lang='lat' dir='ltr'><strong>consultare,</strong></span> <span class='ocrx_word' id='word_1_248' title='bbox 1309 2899 1377 2960; x_wconf 82' lang='lat' dir='ltr'><strong>quae</strong></span> <span class='ocrx_word' id='word_1_249' title='bbox 1391 2881 1515 2961; x_wconf 78' lang='lat' dir='ltr'><strong>quidem</strong></span> 
     </span>
     <span class='ocr_line' id='line_1_28' title="bbox 281 2973 1449 3059; baseline 0.005 -25"><span class='ocrx_word' id='word_1_250' title='bbox 281 3010 286 3018; x_wconf 91' lang='lat'><em>·</em></span> <span class='ocrx_word' id='word_1_251' title='bbox 329 2975 401 3058; x_wconf 88' lang='lat' dir='ltr'><strong>ipsis</strong></span> <span class='ocrx_word' id='word_1_252' title='bbox 412 2996 560 3059; x_wconf 84' lang='lat' dir='ltr'><strong>nmquam</strong></span> <span class='ocrx_word' id='word_1_253' title='bbox 572 2977 709 3054; x_wconf 87' lang='lat' dir='ltr'><strong>deerunt,</strong></span> <span class='ocrx_word' id='word_1_254' title='bbox 723 2978 783 3042; x_wconf 88' lang='lat' dir='ltr'><strong>nisi</strong></span> <span class='ocrx_word' id='word_1_255' title='bbox 798 2975 946 3041; x_wconf 89' lang='lat' dir='ltr'><strong>Hollaudi</strong></span> <span class='ocrx_word' id='word_1_256' title='bbox 959 2976 1020 3040; x_wconf 89' lang='lat' dir='ltr'><strong>suis</strong></span> <span class='ocrx_word' id='word_1_257' title='bbox 1032 2975 1120 3039; x_wconf 88' lang='lat' dir='ltr'><strong>rebus</strong></span> <span class='ocrx_word' id='word_1_258' title='bbox 1134 2973 1261 3038; x_wconf 88' lang='lat' dir='ltr'><strong>sollicite</strong></span> <span class='ocrx_word' id='word_1_259' title='bbox 1272 2975 1449 3059; x_wconf 80' lang='lat' dir='ltr'><strong>advigilent.</strong></span> 
     </span>
    </p>
   </div>
   <div class='ocr_carea' id='block_1_4' title="bbox 0 0 1618 4700">
    <p class='ocr_par' dir='ltr' id='par_1_4' title="bbox 0 0 1618 4700">
     <span class='ocr_line' id='line_1_29' title="bbox 0 0 1618 4700; baseline 0 10"><span class='ocrx_word' id='word_1_260' title='bbox 0 0 1618 4700; x_wconf 95' lang='lat' dir='ltr'><strong> </strong></span> 
     </span>
    </p>
   </div>
  </div>
 </body>
</html>
