3225 4700
351 358 413 426 168
735 352 1145 425 ITINERARIUM.

347 512 422 573 dnos
431 518 461 573 et
469 507 593 571 filiolam
603 528 673 570 cnm
683 506 731 569 his
741 506 972 570 circumstantiis
981 507 1140 591 contigime
1150 506 1328 590 accepimus.
1358 506 1553 571 contulerat

323 674 328 683 ,
346 625 378 670 se
392 608 528 689 Ieydum
539 628 601 670 non
614 606 710 667 multo
724 614 792 667 ante
807 606 909 668 nescio
927 626 964 668 ex
976 626 1037 687 qna
1052 626 1142 668 causa
1153 605 1242 667 bomo
1258 604 1298 667 ad
1315 606 1450 688 speciem
1467 606 1552 667 ntis

346 702 496 779 honestus,
509 722 599 785 quem
612 721 771 784 praegnans
783 721 858 763 uxor
871 722 931 763 uua
945 722 1014 764 cum
1028 701 1123 763 liliola
1135 700 1322 783 quinquenni
1338 710 1445 764 secuta
1461 710 1547 763 erat.

346 799 417 862 Nou
441 800 495 863 diu
517 800 586 862 istic
608 799 640 860 in
664 797 822 860 conductis
847 798 962 860 sedibus
987 798 1204 870 habitaverant,
1229 818 1301 859 cnm
1326 797 1461 878 quodam
1486 798 1549 859 die

345 896 544 958 lamentabilis
557 915 595 957 ex
608 894 669 955 illis
681 894 797 955 aedibus
815 914 847 955 se
863 894 966 976 prodit
980 894 1118 977 ejulatus,
1131 894 1172 955 ad
1184 914 1274 974 quem
1290 895 1405 957 excitus
1418 895 1548 956 ricino-

344 1012 411 1054 rnm
424 992 543 1073 aliquis,
556 992 600 1053 rei
614 989 768 1051 veritatem
783 998 1010 1070 percontaturus
1023 990 1129 1051 domus
1144 990 1253 1051 estium
1268 990 1343 1067 odit,
1362 990 1545 1072 patulisque

342 1088 454 1149 loribus
476 1088 576 1149 sirum
598 1085 678 1148 unci
699 1085 787 1147 vultu
810 1085 911 1147 neseio
931 1086 1006 1166 quid
1027 1084 1136 1148 funesti
1158 1084 1351 1147 meditantem
1372 1088 1542 1169 conspicit,

341 1183 521 1246 morositatis
536 1202 658 1245 canmm
674 1201 745 1243 cnm
765 1200 872 1263 rogare
888 1180 990 1254 vellet,
1008 1181 1083 1244 alter
1100 1202 1171 1243 cnm
1190 1182 1304 1262 impetn
1326 1182 1543 1245 inhumaniter

340 1282 450 1343 ostium
462 1281 605 1355 occludit,
618 1278 704 1359 quasi
716 1277 848 1359 alloquio
860 1298 920 1340 non
931 1278 1107 1361 dignaretur
1119 1279 1263 1352 vicinum,
1277 1298 1338 1339 non
1351 1278 1450 1341 multo
1460 1300 1540 1341 vero

338 1388 406 1459 post
418 1377 552 1439 sanutus
565 1373 654 1436 homo
667 1372 790 1435 latibulo
801 1373 950 1455 prodiens,
963 1373 1071 1456 prioris
1080 1375 1166 1455 quasi
1178 1374 1405 1437 inhumanitatis
1419 1375 1538 1437 oblitus

337 1473 472 1535 vicinum
485 1490 573 1533 sunm
586 1470 682 1530 amics
694 1468 812 1545 salutat,
826 1469 897 1531 dein
912 1470 1087 1551 aliquandiu
1104 1471 1269 1533 inambulat
1285 1471 1535 1545 meditabundus,

338 1585 408 1629 mox
421 1577 520 1628 tamen
533 1564 669 1648 fugiendi
685 1564 872 1627 occasionem
885 1575 990 1628 nactus
1002 1567 1118 1629 scinde
1135 1568 1270 1650 proripit.
1310 1567 1435 1629 Interim
1454 1588 1534 1630 vern

337 1680 407 1723 cum
430 1662 592 1744 pradictus
608 1660 726 1723 vicinus
748 1670 812 1724 tcto
832 1661 890 1724 isto
908 1662 958 1724 die
976 1683 1033 1725 neo
1050 1664 1169 1726 audiret
1186 1684 1243 1726 nec
1262 1663 1380 1726 videret
1399 1684 1531 1725 uxorem

336 1757 468 1831 alterins,
477 1778 539 1819 suae
552 1758 675 1841 conjugi
688 1758 740 1831 nit,
753 1758 832 1820 mule
845 1768 945 1821 metuo
956 1768 990 1820 nt
1001 1761 1128 1841 pessime
1138 1758 1240 1821 habita
1249 1760 1288 1822 sit
1298 1760 1398 1821 vicina
1410 1770 1531 1833 nostru,

336 1854 479 1935 quorum
491 1863 575 1918 tanto
587 1863 720 1936 tempore
732 1875 793 1915 non
806 1855 909 1936 prodit
921 1855 953 1915 in
967 1856 1132 1937 publicum.
1163 1856 1318 1919 Postridie
1331 1875 1401 1917 cum
1414 1858 1528 1918 ostium

336 1951 427 2012 etiam
438 1959 512 2012 tuuc
524 1952 704 2023 obseratum,
718 1952 879 2032 valvasque
898 1950 1034 2014 fenestris
1050 1972 1111 2013 non
1130 1952 1275 2014 obductas
1290 1952 1423 2027 vidisset,
1439 1952 1527 2025 lilim,

335 2046 457 2108 alterins
474 2046 566 2109 vicini
584 2046 630 2108 sui
647 2056 750 2109 unctor
767 2055 813 2107 est
831 2054 865 2107 nt
884 2066 938 2127 per
957 2048 1092 2110 fenestra
1112 2047 1336 2130 pellucidiorem
1354 2048 1527 2111 orbiculum

334 2143 493 2204 rimaretur
505 2143 580 2223 qnid
594 2162 694 2204 rernm
706 2142 739 2202 in
751 2142 842 2203 domo
855 2152 1003 2224 ageretur.
1046 2143 1125 2206 Hae
1139 2143 1191 2205 nbi
1204 2143 1345 2224 inspexit,
1359 2142 1437 2205 vidit
1450 2164 1527 2206 con·

333 2238 418 2300 clare
431 2238 526 2300 multo
537 2238 681 2321 sanguine
694 2238 825 2300 madere.
854 2238 924 2311 Quo
937 2239 1041 2301 andito
1053 2240 1102 2301 vir
1114 2259 1205 2323 sagax
1218 2239 1340 2301 adhibet
1353 2239 1384 2299 in
1398 2239 1526 2301 societu-

332 2344 394 2398 tem
402 2334 536 2416 quinquo
544 2334 687 2417 alios‚qui
693 2332 782 2397 simul
789 2334 898 2397 domus
907 2334 985 2398 fores
993 2334 1168 2420 effringunt,
1178 2336 1388 2419 reperiuntque
1396 2344 1523 2396 matrem

331 2451 393 2493 uno
405 2451 475 2493 cum
488 2430 580 2492 liliola
592 2430 676 2493 humi
690 2441 849 2507 momuam,
863 2451 899 2494 ιο
913 2431 996 2494 illam
1005 2434 1128 2514 quidem
1142 2433 1341 2516 qnadraginta
1353 2451 1405 2494 sex
1416 2431 1524 2492 vnlne-

332 2529 427 2603 ribns,
444 2527 522 2590 hanc
540 2527 644 2589 decem
662 2526 759 2610 plagis
775 2527 954 2590 conlectam.
996 2528 1066 2590 Hoc
1085 2528 1287 2592 Parricidium
1305 2549 1375 2590 cum
1393 2547 1463 2588 mox
1481 2528 1524 2590 ad

332 2624 545 2707 Megisnotnm
555 2631 631 2685 esset
639 2623 783 2697 delatum,
793 2624 937 2686 continno
945 2623 1027 2687 missi
1037 2635 1108 2687 sunt
1117 2623 1175 2686 siri
1185 2623 1363 2687 Consulares
1373 2623 1522 2706 peritique

330 2720 475 2803 chirurgi,
490 2719 542 2800 qni
555 2720 648 2782 tristis
660 2719 823 2801 spectaculi
837 2720 948 2782 oculati
961 2719 1070 2784 fierent
1082 2730 1180 2784 testes.
1224 2721 1270 2782 Hi
1285 2721 1358 2782 dnm
1374 2719 1522 2781 curiosius

329 2818 453 2879 domurn
465 2816 645 2897 perlustrant
658 2816 811 2897 reperiunt
821 2816 933 2878 alicubi
945 2817 1098 2878 acinacem
1108 2837 1176 2878 cnm
1189 2816 1286 2878 cultro
1296 2835 1399 2879 recens
1408 2828 1520 2898 empto,

330 2933 459 2996 cumque
468 2911 568 2974 adhuc
577 2911 689 2974 recenti
699 2911 845 2994 sangnine
855 2911 989 2990 stillaret,
1002 2912 1133 2994 suspicio
1145 2911 1203 2974 luit
1215 2931 1250 2974 ea
1262 2912 1353 2974 fuine
1364 2913 1521 2994 parricidii

328 3009 534 3072 instrumento.
555 3008 753 3092 Magistratus
762 3007 887 3088 quidem
897 3027 988 3089 qnam
998 3029 1068 3069 mox
1078 3007 1178 3070 emisit
1186 3008 1239 3089 qni
1249 3009 1281 3069 in
1291 3008 1517 3090 sanguinarium

328 3105 523 3186 inquirerent,
536 3126 572 3167 ιο
584 3103 730 3187 proditori
742 3105 808 3186 ejus
822 3123 876 3165 seu
889 3103 984 3166 iudici
996 3113 1150 3167 sexcentos
1163 3104 1291 3167 florenos
1303 3105 1428 3188 pepigit,
1440 3105 1518 3166 nihil

328 3211 429 3262 tamen
442 3202 515 3264 certi
525 3203 564 3265 de
572 3222 609 3263 eo
618 3200 722 3262 haberi
734 3199 842 3283 potnit,
853 3200 953 3280 quoad
963 3220 1023 3263 non
1036 3199 1133 3262 multo
1146 3208 1211 3282 post
1220 3201 1237 3262 e
1246 3199 1354 3263 frutice
1366 3201 1518 3284 pendulus

326 3297 468 3359 inventus
484 3306 539 3374 est,
561 3317 597 3359 sc
617 3296 768 3378 depositus
788 3315 843 3376 per
863 3295 968 3357 urbem
989 3316 1067 3378 equo
1087 3305 1229 3377 raptatus,
1248 3297 1319 3361 dein
1336 3318 1408 3360 cum
1425 3299 1516 3360 corbe

326 3413 485 3475 suspensus
497 3393 609 3455 additis
620 3391 774 3474 parricidii
786 3391 881 3474 signis
894 3390 925 3451 iu
938 3391 1162 3454 detestationem
1176 3393 1252 3454 tanti
1264 3391 1415 3455 hcinoris.

365 3489 445 3552 VII.
466 3488 551 3551 Huic
562 3489 625 3551 fere
637 3490 792 3572 geminum
804 3487 945 3567 estquod
959 3487 990 3548 in
1004 3487 1078 3550 villa
1090 3487 1220 3569 quadam
1236 3489 1407 3552 suburbani
1420 3509 1514 3572 prope

327 3585 545 3650 Forchsrminm
557 3585 679 3648 accidit
721 3583 909 3646 Mactavernt
922 3583 1051 3646 rusticus
1062 3603 1185 3665 porcum
1199 3583 1425 3667 inspicientibus
1437 3586 1513 3647 duo·

325 3683 381 3754 bus
398 3684 464 3766 ejus
482 3680 583 3744 filiolis
599 3679 735 3764 septenni
751 3699 823 3754 nno,
842 3677 937 3742 altero
949 3679 1148 3761 quinquenni.
1190 3679 1236 3744 Hi
1254 3701 1324 3744 cnm
1343 3689 1443 3762 postes
1458 3702 1512 3762 per
