3225 4700
508 321 914 390 ITINERARIUM.
1240 323 1303 386 413

108 469 210 541 Quem
231 470 263 530 iu
288 470 380 531 finem
399 479 503 531 secuta
522 471 665 532 conclusa
684 491 765 532 anuo
786 471 948 532 millesimo
970 471 1186 534 sexcentesimo
1207 474 1304 553 quad·

107 566 260 649 ragoeimo
285 567 384 648 primo
410 569 449 626 25
481 567 659 628 Decembris
688 567 768 630 iuter
793 567 969 630 Couraduru
997 569 1035 630 de
1063 569 1184 630 Lutuau
1210 591 1303 632 eucrae

106 662 257 725 Caesarcoe
272 663 440 745 Majestatis
448 671 479 725 et
490 663 659 725 Galliarum
671 663 895 744 Suecommque
904 665 1072 748 deputatos,
1083 665 1210 727 autulii
1222 686 1302 728 auno

109 759 348 823 M.DO.XLII.
363 781 400 823 cx
413 781 469 822 sua
486 770 569 842 parte
582 760 794 822 confirmavit:
816 758 858 822 ita
870 761 960 822 etiam
975 763 1129 824 accuravit
1141 773 1176 824 ut
1190 763 1303 846 Hispa-

106 857 230 918 niarum
244 857 339 940 Regis
352 857 510 931 ratificatc,
530 856 753 938 quamprimum
767 856 834 918 lieri
847 866 945 939 posset
961 859 1144 921 obtineretur
1157 881 1224 941 quae
1238 862 1303 943 ipsa

107 976 170 1016 nou
185 965 300 1017 tantum
314 957 346 1017 in
359 957 458 1038 specie
471 956 563 1017 allata
575 966 621 1016 est
636 954 690 1016 sed
707 955 768 1016 alia
782 954 903 1036 iusuper
914 954 1128 1037 plenipotentia
1144 959 1230 1039 cujus
1243 959 1304 1020 vir·

107 1063 174 1113 tute
185 1053 211 1114 si
224 1073 292 1134 quae
306 1053 499 1136 imposterum
512 1052 705 1114 difficultates
721 1053 752 1112 iu
771 1063 886 1134 puncto
904 1052 1151 1134 praeliminarium
1166 1073 1303 1116 occurre·

107 1148 249 1211 rontsine
259 1171 380 1211 recursu
391 1151 431 1211 ud
442 1150 559 1232 Regem
569 1147 762 1210 Catholicum
771 1148 906 1210 absolute
916 1149 1035 1210 tracturi
1046 1161 1152 1230 posset,
1164 1151 1302 1212 unacum

107 1245 200 1308 salvis
213 1248 348 1327 passibus
361 1269 414 1308 seu
427 1245 606 1330 passaportis
622 1246 662 1307 ad
676 1243 830 1307 Caesareos
847 1246 961 1328 legatos
980 1246 1192 1330 Hamhurgum
1207 1256 1302 1308 trous-

108 1343 200 1405 missa
212 1354 265 1406 est.
303 1345 480 1427 Eapropter
492 1343 517 1405 si
531 1343 690 1404 doctorum
705 1355 906 1404 conventuum
921 1343 1133 1405 universalium
1149 1344 1302 1407 Monostc·

107 1441 215 1503 ricusis
238 1441 380 1503 videlicet
402 1454 433 1503 et
456 1440 697 1523 Osnahrugensis
717 1440 838 1502 initium
862 1440 996 1501 dandum
1017 1451 1104 1514 esset,
1128 1442 1301 1505 hauddubie

107 1538 198 1599 valde
211 1539 349 1620 expediet
362 1559 417 1620 pro
428 1538 699 1600 communicatione
712 1538 779 1599 istic
792 1547 928 1599 actorum
943 1558 1012 1599 cum
1028 1538 1127 1600 Gallis
1143 1550 1173 1602 et
1187 1540 1300 1614 Succis,

107 1635 278 1718 principum
293 1649 324 1698 ct
335 1644 464 1697 statuum
480 1634 592 1718 legatos
605 1634 696 1696 simul
709 1633 758 1695 hic
770 1655 834 1696 esse
847 1644 1054 1717 congregatos.

150 1731 229 1794 Haec
242 1733 343 1794 omnia
360 1733 561 1814 propositione
575 1731 669 1793 isthoc
688 1731 801 1807 nostri,
820 1731 981 1793 electorum
997 1733 1178 1815 principum,
1192 1754 1228 1795 ac
1242 1745 1301 1796 sta·

106 1837 193 1889 tuum
207 1827 313 1911 legatia
322 1840 354 1891 et
367 1829 553 1902 consiliariis,
571 1829 613 1890 uti
626 1828 833 1898 conveniebat,
844 1827 1026 1910 siguificare,
1037 1849 1151 1910 nosque
1165 1831 1299 1892 omnium

106 1925 185 1986 sacri
206 1925 336 1987 Romani
360 1926 486 2008 Imperii
505 1925 677 2000 electurum,
696 1925 867 2007 principum
887 1925 993 2005 gratim
1013 1927 1232 2001 commendare,
1250 1949 1300 1988 eo·

106 2022 234 2084 rundem
249 2023 321 2083 vcrh
333 2023 475 2098 dominis,
488 2021 596 2104 legatis
608 2020 740 2082 officiosa
754 2032 857 2082 nostra
870 2022 1012 2103 obsequia
1025 2023 1056 2083 in
1075 2022 1189 2104 optimi
1202 2023 1300 2086 souma

108 2117 223 2180 deferre
237 2118 395 2180 voluimus.

149 2213 227 2276 Hoec
240 2215 301 2276 fere
314 2214 436 2276 fuerunt
449 2234 518 2295 quoe
531 2215 571 2276 ad
583 2214 750 2296 ingressum
769 2214 860 2296 hujus
880 2226 1045 2278 convontus
1064 2217 1222 2298 propositae
1236 2218 1299 2280 fue-

106 2321 188 2385 runt,
202 2321 233 2373 et
245 2311 490 2395 gravissimarum
503 2331 601 2373 rerum
616 2310 848 2373 consultationes
860 2312 975 2375 aditum
989 2324 1179 2395 aperuerunt.

149 2408 210 2481 Qui
228 2430 317 2492 porro
334 2410 367 2471 iu
386 2421 535 2471 conventu
556 2408 817 2471 Francol'ordicusi
834 2409 926 2492 legati
946 2412 1168 2494 comparuerint
1180 2413 1239 2475 huc
1253 2435 1300 2475 rc·

105 2506 183 2569 ferre
196 2508 388 2569 commodum
402 2506 583 2588 putavimus.

148 2604 249 2666 Sacroe
262 2604 408 2666 Casuram
423 2603 592 2684 Majcstatis
605 2602 727 2663 nomine
740 2602 914 2679 adfuerunt,
927 2605 970 2665 D.
985 2602 1128 2665 Erucstus
1138 2604 1247 2667 Comes
1260 2606 1298 2667 de

107 2701 271 2783 Oettiugen
283 2700 414 2762 Romani
427 2700 621 2781 Imperatoris
631 2699 820 2761 consiliarius
833 2700 949 2762 aulicus
958 2712 989 2761 et
998 2701 1189 2762 camerarius.
1218 2702 1296 2763 Item

107 2798 258 2859 Dominus
287 2797 310 2859 J
312 2817 422 2859 ocuues
451 2796 686 2879 christophorus
713 2796 853 2880 Metzger
874 2798 992 2879 jurium
1019 2798 1134 2873 doctor,
1161 2798 1188 2880 ej
1194 2799 1297 2861 usdem

106 2896 252 2958 Casareae
267 2894 436 2975 Majestutis
448 2894 635 2955 consiliarius
647 2892 774 2955 aulicus.

147 2990 295 3053 Electoris
308 2990 486 3072 Mogontiui
499 2994 620 3053 nominc
633 2992 675 3052 D.
692 2991 868 3053 Gemardus
883 2991 1044 3074 Philippus
1058 2992 1075 3053 h
1091 2992 1296 3069 Schwalbach,

105 3088 341 3170 metropolitanus
361 3087 497 3149 ecclesiae
519 3088 710 3170 Moguutiuae
730 3101 840 3165 custos,
864 3090 930 3165 duc,
958 3091 1105 3152 Caesareoe
1129 3091 1298 3173 Majestatis

105 3185 291 3248 consiliarius
307 3195 338 3246 ct
354 3184 501 3245 Electoris
519 3184 697 3268 Moguutiui
715 3186 903 3249 consiliarius
925 3187 1059 3264 intimus,
1079 3188 1121 3249 D.
1143 3188 1296 3252 Hauricus

106 3281 494 3345 Bromhsethiedesheim
503 3282 690 3343 consiliarius
698 3291 729 3343 et
737 3283 958 3345 vice-domiuus
968 3284 1179 3366 Mogontiuus,
1189 3286 1231 3349 D.
1240 3288 1297 3349 Ni-

105 3380 207 3442 colaus
221 3378 372 3460 Georgius
387 3377 622 3460 Reigcrspcrger
634 3398 736 3458 eques,
751 3378 899 3442 Coesarcae
914 3380 1083 3463 Majestatis
1097 3383 1295 3461 consiliarius,

107 3474 253 3537 Electoris
274 3472 450 3557 Moguntiui
465 3472 653 3535 consiiiarius
670 3474 795 3536 intimus
814 3486 844 3537 et
860 3477 1144 3551 vice-cancellarius,
1163 3480 1231 3553 &c.,
1253 3482 1295 3542 D.

104 3574 235 3635 Thomas
254 3571 364 3633 Diissel
378 3570 495 3651 jurium
511 3570 680 3632 licentiatus
694 3570 841 3634 Electoris
856 3573 1032 3659 Moguutini
1046 3577 1231 3639 consiliarius
1249 3580 1295 3639 iu·

103 3684 203 3733 timus.
