3225 4700
320 348 386 415 218
713 344 1115 417 ITINERARIUM.

324 495 531 579 imprimisque
542 492 638 578 eliqui
653 516 690 558 ex
710 495 840 561 Comitis
852 496 891 559 de
905 494 1021 559 Hoditu
1035 494 1152 557 familie
1169 493 1368 556 commutati
1390 514 1465 556 non
1483 492 1554 571 nint,

324 592 431 655 merito
443 611 562 673 queror.
602 590 705 666 Quare
718 612 810 675 quem
823 592 1038 656 offleioeinime
1051 611 1126 674 rogo
1138 610 1225 653 euem
1238 590 1511 665 Exeellentiem,
1524 602 1556 653 nt

322 708 377 750 ene
390 688 564 751 euotoritete
574 706 610 750 eo
619 708 682 750 rem
693 688 852 771 disponere
861 688 1014 771 dignetur,
1028 696 1063 749 ut
1074 708 1178 750 omues
1187 687 1238 749 leti
1247 686 1411 770 scrupuli
1426 688 1555 768 quibun-

324 804 444 865 ounque
457 786 548 847 etiem
561 784 600 847 de
613 784 710 847 oeueie
722 782 838 866 injecti,
851 783 1032 860 eximantur,
1047 801 1210 864 omueeque
1227 783 1361 865 captivi
1377 784 1554 846 universim

317 881 408 963 juxte
421 891 509 963 puote
521 890 670 943 convente
681 886 904 971 commutentur
912 878 976 941 uine
983 878 1157 941 differentia
1168 898 1205 941 eo
1218 878 1441 961 exemptione
1450 880 1553 963 eujne·

325 996 444 1058 cunque
456 978 581 1053 ordiuie,
596 976 736 1052 untionis,
751 984 803 1039 eut
816 976 945 1039 dominii
957 976 1028 1038 eint
1069 974 1162 1048 Quod
1173 976 1200 1037 ei
1212 996 1292 1037 vero
1307 986 1439 1058 praeter
1451 996 1551 1038 meum

323 1094 407 1155 rpem
420 1074 604 1137 eontrarium
613 1073 806 1156 deligeretur,
820 1092 911 1136 nemo
922 1072 1001 1135 hene
1014 1092 1133 1155 quoque
1144 1083 1262 1155 purtem
1280 1073 1430 1147 tenebit,
1447 1072 1551 1135 eieiue

324 1172 438 1254 previa
451 1171 651 1240 eetiefeetione
664 1170 892 1238 eommutuudoe
909 1189 971 1235 nou
985 1171 1129 1247 dimittet,
1142 1172 1194 1236 red
1210 1170 1251 1236 ed
1265 1190 1414 1235 enorum
1427 1170 1551 1233 liberte·

325 1276 385 1331 tem
400 1278 512 1331 veetroe
524 1266 659 1349 eeptiroe
670 1265 806 1341 retineet‚
822 1264 891 1332 que
903 1266 981 1330 forte
994 1266 1109 1329 nullum
1118 1266 1242 1329 omuino
1254 1266 1548 1331 oommntetiouem

319 1365 412 1446 justis
425 1367 464 1427 de
476 1364 574 1427 mueie
587 1371 653 1445 poet
665 1363 721 1426 heo
735 1363 883 1426 edmth
926 1363 1042 1426 Detum
1055 1384 1094 1425 ex
1106 1364 1202 1448 Regie
1216 1362 1352 1426 Sueeiae
1363 1363 1492 1427 Ceetrie
1501 1367 1548 1423 ³1.

325 1460 404 1523 Maii
418 1462 511 1523 Anno
524 1462 609 1521 1640.
874 1538 878 1547 ¹

714 1558 767 1617 Ad
776 1574 837 1619 eea
850 1556 1044 1619 Eeeelleutioe
1056 1559 1149 1639 officio
1157 1566 1293 1635 peretur
1308 1574 1424 1620 terune

1157 1669 1181 1733 J
1182 1689 1312 1733 oerum
1327 1670 1501 1779 Βιιιιιιιιι.

840 1840 994 1924 OOPIA,

564 1979 708 2057 Respouu‘
725 1979 847 2040 Comitis
858 1980 896 2040 de
910 1978 1088 2041 Pioolom'ni
1099 1978 1142 2038 ed
1147 1978 1277 2057 priores.

404 2106 592 2171 Perilluetrie
606 2106 749 2181 Domine,
762 2106 817 2169 tro.

419 2219 483 2284 ΟΝ
509 2220 594 2303 potui
613 2218 674 2283 hue
698 2240 791 2303 neque
813 2240 862 2283 me
884 2220 1035 2283 edduoere
1057 2230 1094 2284 nt
1114 2220 1273 2283 crederem
1300 2218 1535 2302 Luneburgieue

438 2325 470 2381 et
486 2314 628 2380 Heeeieee
648 2315 748 2400 eopiee
765 2336 836 2379 eum
857 2336 921 2380 enee
940 2316 1136 2382 Excellentiue
1156 2316 1298 2380 exercitu
1317 2316 1536 2400 eonjuuetioue

326 2414 416 2491 fecti,
431 2414 586 2490 coeluieee,
606 2414 734 2496 ideoque
752 2435 859 2498 cepere
882 2435 944 2477 nou
964 2415 1051 2498 potui
1072 2414 1226 2498 quomodo
1241 2435 1279 2477 ee
1298 2415 1418 2497 oeptiri
1438 2413 1535 2476 Lune-

324 2511 443 2595 burgioi
470 2511 510 2573 ud
530 2531 585 2572 noe
606 2511 731 2574 deducti
753 2510 772 2574 l
794 2511 857 2573 euie
876 2531 910 2574 ee
932 2511 1115 2595 legionibus
1134 2511 1360 2584 emmeant,
1382 2529 1420 2571 eo
1440 2507 1531 2569 libere

324 2607 561 2669 latrunculorum
584 2627 666 2670 more
693 2615 836 2690 tanquam
858 2606 958 2670 hoetee
978 2617 1161 2690 regerentur
1182 2605 1315 2688 impune
1340 2605 1530 2689 praedeutee:

326 2702 569 2784 quandoquidem
591 2723 661 2765 vere
685 2724 766 2765 nuno
787 2724 825 2766 ex
845 2723 908 2767 eure
931 2703 1126 2765 Exoelleutlee
1145 2701 1257 2764 litteris
1280 2703 1423 2783 accipin,
1437 2699 1530 2762 dietue

327 2799 552 2882 Luneburgioee
564 2809 595 2862 et
609 2800 753 2862 Heeeioee
767 2801 868 2883 eopiue
881 2811 950 2865 eotu
963 2811 995 2863 et
1002 2819 1073 2862 vere
1082 2800 1138 2862 eub
1147 2819 1210 2862 eure
1220 2797 1430 2862 Exoellentier
1439 2796 1529 2875 impe·

327 2896 373 2958 rio
386 2917 461 2971 eeee,
474 2896 659 2978 proindeque
672 2905 772 2978 petere
785 2897 919 2979 eeptiroe
931 2897 998 2959 illoe
1011 2917 1072 2959 uon
1090 2895 1192 2959 minue
1207 2915 1306 2977 quern
1325 2913 1410 2966 euoe,
1422 2891 1527 2953 libere·

326 2993 438 3055 tionem
452 3000 482 3055 et
494 2991 759 3054 commutationem
778 3014 839 3054 non
856 3005 999 3078 grevetue
1015 3014 1129 3068 ennuo,
1141 2991 1317 3074 faciemque
1338 2999 1375 3053 ut
1393 2988 1440 3050 illi
1456 3005 1522 3048 eum

325 3089 393 3152 eliie
406 3108 502 3172 nuper
514 3087 642 3171 eeptivie
655 3087 707 3169 qui
721 3088 821 3152 edhuo
834 3089 914 3154 inter
925 3111 1008 3154 meon
1019 3091 1132 3154 milltes
1144 3099 1216 3154 eunt
1224 3091 1267 3154 ed
1277 3109 1335 3152 voe
1347 3085 1482 3157 redeam
1494 3090 1524 3142 0⁸

326 3205 397 3248 eum
409 3185 483 3246 meie
495 3185 576 3266 epud
589 3205 643 3247 roe
656 3184 783 3266 oeptivie
800 3194 1017 3268 permutentur.
1059 3187 1109 3250 Ex
1125 3187 1255 3250 Comitis
1274 3187 1317 3250 de
1337 3181 1455 3246 Hodie
1466 3195 1521 3242 ⁸⁶⁸¹

324 3278 453 3342 subditis
473 3280 631 3355 militibus,
647 3302 700 3344 eeu
722 3301 761 3344 ex
782 3281 897 3345 familie
916 3284 1021 3361 eorvis,
1044 3304 1084 3347 ne
1105 3305 1186 3351 nnue
1208 3284 1338 3366 quidem
1359 3281 1393 3342 in
1416 3271 1522 3336 uetiti!

324 3377 429 3438 oeetris
441 3377 597 3459 reperitur,
611 3388 696 3440 extre
712 3398 808 3441 unum
824 3379 1024 3462 Gepiteneum
1043 3381 1289 3456 haerentium,
1308 3378 1365 3461 qui
1381 3382 1450 3438 ente
1464 3367 1518 3430 hee

325 3495 380 3558 pro
393 3473 512 3537 Oaeeere
525 3475 608 3556 epud
620 3495 674 3538 noe
687 3474 839 3549 milevit.
854 3486 885 3538 et
896 3475 961 3540 eine
974 3478 1097 3542 lieentia
1109 3499 1147 3542 ex
1161 3477 1261 3542 uoetrt
1275 3483 1372 3559 perte,
1385 3459 1518 3551 wlff

324 3591 414 3653 quem
436 3569 523 3634 dedit
544 3569 616 3648 fide,
641 3580 671 3634 et
691 3578 758 3654 poet
772 3569 874 3633 hebito
893 3574 977 3656 quod
985 3574 1104 3656 juravit
1121 3573 1236 3640 cmi
1253 3573 1460 3638 Swmenw»
1476 3556 1515 3618 ’ἃ

323 3667 509 3730 edvereerioe
530 3665 677 3729 treneivit
721 3665 785 3729 Hie
806 3669 871 3745 jem
896 3668 1083 3750 eliquemdiu
1104 3669 1183 3733 inter
1205 3689 1260 3732 noe
1288 3664 1426 3749 oeptivue
1447 3652 1511 3724 fuit,
1559 3736 1562 3742 Ι
