3225 4700
333 320 397 386 378
735 317 756 380 1
763 317 823 383 TI
825 318 868 384 N
872 315 1056 383 ERARI
1066 313 1150 380 ΗΜ.

379 468 496 530 Montis
507 469 652 550 oppidum
667 469 787 551 penitus
805 469 904 550 periit,
922 491 977 530 nec
992 470 1151 550 quisquam
1171 467 1299 528 subduci
1313 465 1353 527 de
1367 461 1479 524 incolis
1493 484 1541 543 po

337 567 406 636 tuit,
419 586 475 626 nec
488 564 552 625 ulla
564 565 671 626 domus
686 577 795 646 praeter
807 567 901 628 solam
914 565 1018 648 templi
1034 566 1139 627 turrim
1152 565 1304 626 remansit

378 663 493 723 Parma
506 663 640 742 quidem,
656 675 801 744 quantum
817 666 856 726 ad
875 665 971 747 ipsam
986 665 1090 724 urbem
1109 662 1185 723 nibil
1206 682 1346 743 perpessa
1359 669 1405 720 est
1426 659 1542 719 incom-

338 759 431 834 modi,
445 760 581 821 snbditos
592 771 692 821 tamen
703 761 838 823 acerbius
852 761 950 845 tetigit
963 761 1171 834 infortunium,
1184 758 1309 820 Colorni
1324 775 1459 838 namque
1474 777 1544 817 con·

337 868 401 917 tum
415 856 502 918 facile
517 859 626 938 capita,
643 859 773 919 Arcenis
789 857 872 920 mille
889 859 1029 932 ducenta,
1044 867 1078 918 nt
1096 868 1127 918 et
1142 867 1221 918 totns
1235 855 1392 917 districtus
1410 853 1544 915 circnm-

336 974 455 1034 quaque
479 975 548 1014 cum
570 965 684 1034 septem
709 955 804 1038 pagis,
829 955 1017 1016 interierunt.
1061 953 1145 1027 Quin
1170 969 1201 1014 et
1222 953 1448 1014 Monasterium
1473 949 1542 1011 PP.

338 1049 605 1110 Franciscanorum
617 1051 770 1112 Torresilli
785 1053 903 1132 penitus
916 1050 1081 1132 collapsum
1095 1061 1151 1111 est.

377 1147 426 1208 Ad
449 1145 583 1208 Roccam
604 1147 765 1221 Biancam,
785 1151 868 1229 qnod
888 1149 1033 1230 oppidum
1051 1149 1091 1208 ad
1112 1145 1321 1207 Marcbionem
1342 1143 1541 1226 Raugoninrn

335 1251 450 1324 spectat
469 1243 551 1304 solus
569 1243 710 1305 Marobio
730 1267 799 1306 cum
817 1245 920 1306 naueis
938 1245 1040 1306 evasit.
1084 1244 1148 1305 Hie
1168 1255 1266 1304 tamen
1287 1242 1456 1303 maximnm
1478 1241 1541 1303 tbe·

336 1361 459 1402 saurum
478 1341 508 1400 in
528 1361 602 1401 auro
621 1351 651 1401 et
668 1343 796 1423 gemmis
814 1351 922 1424 praeter
941 1351 1075 1403 trecenta
1095 1340 1191 1401 millia
1210 1351 1362 1400 scutorum
1383 1341 1414 1400 in
1438 1341 1541 1421 parati

335 1437 464 1519 pecunid
478 1438 620 1518 perdidit,
635 1439 722 1518 cujus
735 1440 827 1500 etiam
837 1449 964 1520 quatuor
978 1439 1037 1500 alin
1050 1439 1163 1520 oppida
1177 1437 1266 1498 undis
1280 1447 1384 1518 operta
1398 1447 1479 1498 sunt.

376 1534 414 1594 ln
438 1532 616 1595 Placentino
635 1535 775 1596 districtu
794 1536 957 1598 Gavizium
975 1546 1020 1596 est
1039 1536 1196 1616 oppidum,
1213 1535 1296 1614 quod
1315 1534 1403 1614 aquis
1421 1536 1542 1615 penitus

334 1632 520 1691 submersum
539 1641 594 1705 est,
615 1643 706 1713 atque
724 1653 762 1693 ex
779 1633 847 1694 aliis
865 1635 999 1714 quinque
1019 1633 1104 1714 pagis
1121 1632 1230 1693 vicinis
1248 1632 1300 1692 vix
1318 1631 1381 1690 200
1402 1630 1541 1692 homines

335 1738 505 1787 evaserunt.
547 1727 620 1788 Dux
638 1749 758 1810 quoque
776 1729 972 1792 Placentinus
987 1741 1020 1790 nt
1034 1729 1223 1790 Placentiam
1239 1727 1381 1799 salvaret,
1397 1749 1540 1811 aggerem

335 1825 365 1884 in
381 1843 470 1903 quem
481 1823 604 1904 plurimi
617 1826 773 1888 bominum
789 1849 859 1889 cum
878 1828 1016 1888 omnibus
1037 1825 1223 1907 suisfiopibns
1243 1824 1445 1907 confugerant
1460 1825 1539 1885 dirui

335 1922 432 1994 iussit,
445 1922 499 2002 qui
512 1943 617 1983 omnes
634 1925 695 1984 und
710 1945 779 1985 curn
800 1925 904 1986 decem
923 1925 1017 2007 pagis·
1028 1923 1216 1997 interierunt,
1232 1922 1275 1982 ita
1295 1921 1394 1982 utrix
1415 1922 1539 1982 ducenti

333 2018 444 2079 servati
458 2018 528 2078 sint.
571 2018 730 2081 Placentia
749 2021 870 2082 interim
890 2021 979 2102 plane
998 2021 1149 2082 indemnis
1168 2039 1231 2080 esse
1251 2039 1310 2077 non
1328 2017 1437 2098 potuit,
1452 2039 1537 2098 aquae

333 2114 415 2176 enim
437 2115 566 2195 impetus
583 2117 662 2177 aedes
681 2117 826 2197 plurimas
846 2118 981 2191 abduxit,
997 2138 1033 2179 ac
1047 2117 1105 2178 nisi
1127 2115 1303 2197 tempestive
1324 2115 1425 2176 dictus
1443 2135 1536 2199 agger

333 2231 454 2272 eversus
468 2224 553 2281 esset,
568 2222 629 2272 tota
645 2213 804 2277 Placentia
818 2215 986 2296 periclitata
998 2215 1111 2277 fuisset.

374 2308 428 2370 Ad
444 2309 612 2371 Taurinum
631 2310 717 2373 Dora
735 2311 847 2375 fluvius
865 2325 924 2375 tres
938 2333 1061 2396 aggeres
1079 2308 1222 2372 dissolvit.
1264 2308 1425 2371 Cremona
1447 2311 1535 2391 quin-

334 2406 416 2488 genti
431 2406 541 2467 milites
559 2408 670 2487 reperti
683 2420 763 2484 aunt,
777 2411 863 2491 aquis
875 2410 1038 2493 praefocati.
1081 2408 1255 2470 Gieradada
1272 2406 1374 2467 medii
1387 2409 1434 2467 sni
1452 2420 1534 2489 parte

332 2523 436 2564 eversa
448 2516 503 2565 est.

374 2601 412 2661 In
433 2601 616 2663 Ferrariensi
630 2602 745 2663 ditione
763 2606 803 2665 nd
818 2605 950 2665 Zodram
964 2602 1077 2663 eluvies
1091 2620 1236 2682 aquarum
1253 2602 1292 2661 ad
1306 2611 1426 2662 centnm
1447 2602 1535 2663 facile

332 2718 436 2778 passus
456 2718 596 2779 aggerem
616 2699 746 2780 disjecit,
766 2711 797 2761 et
815 2700 962 2782 praecipiti
982 2720 1072 2759 eursu
1093 2718 1199 2778 aquam
1220 2696 1378 2758 invallem
1400 2698 1532 2759 vicinam

332 2805 415 2855 tanto
435 2795 547 2877 impetu
565 2795 685 2870 direxit,
702 2806 736 2857 ut
754 2798 846 2858 etiam
861 2798 948 2880 longe
963 2806 1090 2857 remotas
1104 2814 1194 2855 naves
1211 2794 1243 2853 in
1257 2795 1458 2876 praecipitinm
1478 2796 1534 2855 mi·

331 2892 450 2953 serabili
470 2891 626 2952 hominnm
646 2891 734 2953 ruind
752 2895 886 2956 traxerit.
928 2895 1081 2955 Arborum
1101 2911 1219 2974 qnoque
1233 2890 1469 2953 vastissimorum
1484 2914 1533 2953 co·

330 2988 411 3069 piam
425 2988 559 3068 stirpitus
571 2987 691 3049 evulsit.

366 3085 577 3145 Mediolanum
596 3106 717 3167 quoqne
737 3087 792 3148 etsi
811 3086 898 3167 aquis
919 3096 1054 3167 ereptum
1073 3086 1174 3159 suerit,
1196 3084 1302 3147 habuit
1321 3094 1421 3147 tamen
1441 3088 1528 3148 etiarn

329 3202 416 3243 suum
431 3182 641 3253 infortunium,
656 3183 728 3244 dum
743 3184 855 3245 alicubi
870 3184 901 3244 in
918 3184 989 3245 urbe
1002 3183 1092 3244 turris
1106 3182 1166 3243 und
1178 3202 1248 3243 curn
1263 3184 1416 3263 campanis
1429 3204 1531 3245 eversa

328 3290 382 3352 eet,
404 3288 435 3339 et
453 3276 507 3339 sui
526 3278 613 3340 ruini
626 3279 742 3360 aliquot
762 3282 842 3341 aedes
862 3292 893 3341 et
913 3279 1049 3341 homines
1070 3279 1212 3359 perdidit.
1254 3280 1303 3340 Ex
1324 3280 1389 3340 aede
1410 3300 1529 3361 quoqne

327 3375 463 3456 principe
477 3376 606 3455 quadam
628 3390 716 3439 nocte
731 3376 890 3437 duodecim
910 3375 1062 3456 lampades
1082 3386 1242 3456 argentea,
1265 3396 1392 3456 qnarnm
1414 3378 1528 3456 quaeris

325 3470 486 3532 duodecim
499 3473 617 3553 argenti
631 3470 721 3534 libras
735 3472 934 3554 appendebat,
948 3471 1030 3532 furto
1044 3470 1170 3534 sublata
1184 3482 1263 3533 sunt.
