3225 4700
343 275 384 339 16
715 267 1149 336 ITINERARIUM

338 423 476 486 doctriuh
489 432 519 485 et
531 423 685 485 sanctitate
700 425 930 507 oonspicnorum
940 426 1033 500 ferax,
1045 446 1144 506 noque
1156 424 1238 486 enim
1247 423 1329 486 orbis
1341 434 1388 486 est
1399 423 1533 508 angulus

339 522 371 582 in
384 541 474 602 quem
488 521 553 601 ejus
564 519 683 582 virtutis
699 521 796 603 gloria
813 543 873 582 nou
891 521 1065 604 penetrhrit.
1108 521 1193 582 Hinc
1212 521 1252 581 ad
1270 521 1440 602 passagium
1457 542 1535 582 con·

339 618 423 679 tendi
439 617 490 678 ubi
503 637 554 678 sex
568 617 678 678 assium
691 617 791 699 precio
803 628 849 679 sat
863 619 943 680 laute
955 619 1004 679 die
1014 620 1132 701 integro
1141 617 1265 694 vivitur,
1275 618 1355 678 unde
1369 617 1535 678 conscensis

339 714 479 776 naviculd
491 715 523 774 in
534 713 679 797 Angliam
693 714 779 786 solvi,
789 723 820 775 et
831 715 928 796 primo
939 715 1127 789 Mimertum‚
1136 725 1200 776 turn
1211 713 1383 775 Bristouem
1396 714 1532 794 amplam

338 810 493 872 civitatem
515 811 741 892 emporiumque
762 811 863 873 nobile
883 812 981 894 attigi,
1003 831 1074 872 mox
1097 821 1308 893 praetervectus
1329 809 1532 884 Mersfildam,

281 917 285 928 “
339 905 506 982 Redenam,
531 907 737 990 Wengeriann,
765 908 937 969 londinum
964 908 1116 970 civitatem
1140 907 1159 969 a
1182 905 1370 968 commerciis
1392 914 1424 966 et
1447 907 1530 968 famh

337 1003 521 1064 notissimam
543 1004 623 1080 veni,
643 1004 675 1065 in
695 1003 755 1084 qud
771 1014 880 1085 prater
895 1004 1088 1066 celeberrima
1102 1003 1233 1066 aedilicia
1250 1013 1313 1064 tam
1331 1022 1416 1064 saera
1433 1002 1530 1084 quhm

337 1098 490 1182 prophana
502 1100 567 1162 vidi
581 1100 737 1183 templum,
752 1101 859 1162 honori
875 1102 908 1163 S.
923 1101 1014 1162 Pauli
1027 1110 1169 1176 erectum,
1185 1101 1235 1162 oni
1252 1100 1352 1161 nescio
1369 1121 1408 1161 an
1427 1100 1530 1161 simile

336 1217 463 1278 usquam
485 1198 626 1272 viderim,
650 1197 841 1259 crassissimis
863 1197 944 1259 enim
968 1198 1116 1260 columnis
1128 1199 1176 1259 ad
1195 1197 1367 1280 prodigium
1392 1197 1527 1271 incubat,

336 1304 506 1375 tectumque
520 1293 637 1376 plumbi
650 1293 762 1355 lamiuh
775 1303 911 1370 stratum,
926 1294 1068 1356 altissime
1081 1295 1226 1377 exsurgit.
1267 1293 1470 1356 Instauratnm
1481 1305 1529 1355 est

335 1391 393 1452 hoc
406 1389 550 1472 templum
559 1389 653 1472 Regis
667 1389 804 1452 hodierni
818 1391 995 1473 sumptibus.
1030 1391 1181 1454 Craterum
1191 1390 1296 1451 civitas
1306 1389 1417 1451 celebri
1430 1390 1528 1451 fluvio

335 1487 458 1548 alluitur
471 1489 503 1547 in
517 1505 606 1568 quem
620 1487 720 1548 fluxus
733 1496 764 1548 et
775 1488 908 1549 refluxus
921 1499 967 1548 est
983 1488 1086 1564 maris,
1099 1489 1181 1548 unde
1194 1487 1384 1570 navigiorum
1397 1487 1527 1567 opulen-

334 1584 456 1646 tissimis
479 1583 628 1644 mercibus
649 1593 838 1645 oneratorum
857 1583 987 1664 plurima
1007 1584 1080 1645 illuc
1096 1584 1217 1645 ducitur
1240 1583 1336 1663 copia.
1378 1583 1527 1644 Imminet

333 1681 428 1742 fluvio
445 1679 569 1741 immani
588 1700 675 1760 opere
696 1690 726 1741 ct
742 1690 864 1761 sumptu
881 1702 956 1763 pons
974 1680 1120 1762 lapideus,
1135 1681 1167 1741 in
1185 1701 1246 1761 quo
1262 1679 1391 1741 officinae
1409 1701 1526 1742 merca·

332 1777 417 1838 toriae
432 1775 556 1837 visendh
569 1776 644 1837 serie
658 1786 766 1838 erectas
780 1787 859 1838 sunt.
902 1777 1080 1840 Ostenditur
1092 1797 1212 1858 quoque
1224 1777 1281 1838 hdo
1296 1777 1328 1836 in
1341 1777 1413 1838 urbe
1431 1777 1525 1838 turris

332 1873 508 1948 vastissima,
528 1893 596 1954 quoe
615 1873 748 1954 undique
769 1873 855 1954 aquis
871 1874 1004 1950 alluitur,
1019 1875 1134 1936 circum
1152 1894 1242 1954 quam
1261 1873 1332 1934 serae
1349 1873 1526 1934 discurrunt

331 1977 499 2031 exterorum
514 1969 690 2050 populorum
701 1971 836 2044 rariores,
851 1978 882 2031 et
894 1990 962 2031 meo
974 1971 1097 2052 quidem
1111 1981 1243 2051 tempore
1254 1968 1321 2030 istic
1329 1970 1432 2031 videre
1445 1981 1521 2045 erat,

332 2075 393 2128 tres
412 2064 525 2141 leones,
546 2066 621 2126 duos
643 2065 762 2146 pardos,
782 2065 871 2127 felem
897 2065 1037 2127 Indicam
1058 2086 1127 2147 quae
1147 2066 1312 2147 quantitate
1330 2086 1435 2127 canem
1453 2087 1523 2127 nos·

332 2170 439 2224 uatem
453 2161 597 2243 oequabat.
629 2163 749 2243 Lupum
763 2161 884 2242 insuper
893 2183 988 2224 unum
1001 2174 1086 2224 extra
1098 2183 1188 2244 quem
1201 2171 1265 2224 tota
1277 2161 1392 2246 Anglia
1404 2162 1524 2223 nullum

331 2257 408 2320 ferre
421 2259 543 2320 dicitur.
574 2259 659 2320 Duas
672 2266 816 2339 praterea
829 2258 954 2339 aquilas,
969 2259 1086 2341 nigram
1099 2278 1201 2329 unam,
1215 2257 1337 2320 alterans
1348 2257 1521 2318 candidam.

332 2356 407 2417 Vidi
426 2376 544 2437 quoque
567 2356 624 2418 hdo
645 2356 678 2417 in
696 2357 769 2417 urbe
790 2355 950 2417 Telonium
967 2357 1068 2418 nobile
1088 2357 1121 2419 in
1142 2377 1203 2438 qno
1224 2364 1425 2417 mercatorum
1447 2355 1522 2417 illuc

332 2452 545 2535 appellentium
559 2472 657 2514 censae
671 2473 724 2513 scu
737 2453 948 2513 controversiae
967 2454 1082 2515 ratione
1099 2453 1299 2536 navigationis
1316 2462 1428 2514 exortae
1439 2452 1523 2512 deoi-

331 2551 452 2613 duntur.
485 2548 654 2611 Praesident
667 2550 716 2610 hic
729 2558 860 2630 quatuor
872 2550 1017 2630 equestris
1029 2550 1145 2612 ordinis
1153 2551 1212 2611 viri
1223 2570 1283 2611 non
1294 2548 1393 2610 minus
1407 2548 1521 2610 streuui

330 2646 420 2727 quhm
435 2646 526 2720 docti,
541 2665 669 2726 qnorum
683 2646 806 2707 arbitrio
818 2646 919 2707 omnia
932 2646 1143 2727 relinquuntur
1156 2646 1338 2708 delinienda.
1374 2644 1521 2725 Quisquis

332 2743 470 2803 londino
496 2742 609 2803 solvere
635 2740 696 2803 alib
722 2742 872 2803 desiderat
897 2742 1100 2826 syngrapham
1125 2742 1233 2804 horum
1251 2743 1392 2824 judicum
1419 2741 1522 2823 sigillo

330 2840 477 2900 munitam
499 2838 606 2900 habeat
626 2858 747 2899 neeesse
768 2848 825 2912 est,
841 2860 932 2919 quam
952 2840 1175 2921 inquisitoribus
1196 2849 1296 2920 postea
1316 2838 1348 2898 in
1370 2838 1520 2899 Gravcsin

329 2934 476 2996 exhibeat.
527 2933 633 2995 Solent
653 2933 710 2995 hoc
731 2934 797 2995 loco
818 2956 922 2997 omnes
941 2936 1072 2997 advenas
1089 2935 1273 2996 severissime
1291 2934 1462 2996 examinare
1480 2934 1519 2995 dc

330 3030 403 3091 fidei
418 3031 636 3105 controversiis,
651 3040 681 3091 et
690 3032 864 3112 juramento
876 3032 997 3114 adigere
1010 3032 1091 3113 quod
1107 3030 1287 3112 Angliarum
1301 3030 1418 3113 Regem
1428 3041 1521 3111 caput

331 3125 475 3187 Ecclesia
499 3124 678 3207 Anglioanoe
702 3136 874 3209 agnoscant
928 3127 990 3189 Sed
1011 3127 1100 3189 facile
1125 3137 1170 3189 est
1190 3126 1348 3189 Catholico
1369 3127 1518 3202 invenire,

328 3222 516 3305 pseudolnm,
532 3223 584 3303 qui
604 3224 777 3303 juramento
791 3224 924 3303 praestito
936 3224 1139 3307 syngrapham
1157 3224 1214 3285 sibi
1225 3224 1347 3299 vendat,
1362 3223 1424 3303 qut
1436 3232 1520 3285 tutus

327 3320 420 3381 libere
434 3318 453 3380 a
466 3328 555 3400 portu
568 3317 666 3380 solvit.
707 3318 781 3380 Vidi
795 3339 914 3400 quoque
926 3320 1042 3401 antiqui
1059 3320 1157 3402 operis
1176 3320 1351 3396 Basilicam,
1368 3320 1519 3381 Wcstmo-

328 3414 491 3476 nestorium
512 3415 672 3497 appellant,
695 3416 726 3477 in
749 3414 809 3496 qui
830 3416 953 3499 Regum
973 3417 1132 3500 sepulturae
1154 3420 1292 3479 visuntur
1314 3425 1345 3478 et
1366 3418 1521 3498 epitaphia

327 3521 448 3593 sumptu
467 3512 549 3595 regio
573 3512 743 3575 fabrefacta.
794 3512 912 3575 Chorus
935 3514 1059 3575 interior
1082 3513 1265 3577 cathedram
1288 3514 1408 3575 exhibet
1428 3534 1519 3595 super

327 3627 418 3689 quam
437 3608 546 3691 Reges,
563 3608 744 3671 Diademate
760 3608 909 3692 imposito,
923 3610 1152 3693 inaugurantur.
1194 3610 1294 3691 Supra
1311 3629 1377 3671 eam
1394 3630 1433 3672 ex
1450 3612 1521 3673 vin·
