3225 4700
321 337 388 408 262
723 339 1126 411 Iul-Nummus.

319 491 448 574 propriis
460 493 545 573 equit
556 491 681 556 domum
695 490 815 568 vehere,
833 492 979 558 videbant
994 494 1105 556 mirelli
1122 491 1239 569 udoni,
1258 491 1354 569 alicu,
1372 491 1459 574 quod
1473 512 1523 553 non

319 590 549 665 seminaverant,
564 589 596 651 iu
610 588 718 650 horren
730 587 853 664 intem,
866 611 900 654 ea
917 592 970 672 qui
984 592 1104 674 pondua
1121 590 1284 654 Autumni
1302 598 1339 651 et
1354 588 1450 654 Veri·
1463 588 1526 650 tule

319 697 388 748 runt
400 687 418 749 i
431 687 532 750 fructu
544 685 591 749 eui
609 684 720 749 laborie
735 686 876 751 excludit
905 689 999 770 probe
1017 690 1141 771 inecper
1156 687 1384 770 intelligebant
1400 685 1461 747 uiri
1473 695 1526 747 tam

319 784 448 846 mbcete
461 783 625 847 mlamitati
637 783 745 846 medua
758 794 921 865 poneretur
933 786 998 848 iore
1009 795 1047 848 ut
1055 785 1136 848 fama
1146 785 1188 848 ud
1199 784 1382 846 instantem
1395 782 1525 862 hyemen

319 882 464 963 perirem,
481 881 599 945 collatis
614 881 708 964 igitur
723 881 860 947 coneiliic
874 882 1062 946 concludunt
1077 882 1192 944 hcm
1206 901 1269 944 acu
1285 891 1399 962 aperta
1417 880 1461 956 vi,
1480 901 1526 940 eeu

320 977 438 1042 occultu
457 978 540 1054 dolo,
561 977 581 1040 d
598 988 699 1061 augete
716 999 773 1041 ana
789 979 960 1060 prohibere,
977 979 1071 1042 natiue
1087 999 1152 1042 ecre
1165 979 1238 1056 ruti,
1261 988 1303 1040 ct
1317 979 1425 1040 cubitu
1439 985 1527 1038 morte

320 1074 412 1136 eemel
425 1075 561 1136 miseriae
574 1075 708 1154 linirent,
727 1097 820 1159 quam
838 1077 1032 1160 languentem
1051 1077 1184 1139 animam
1201 1076 1246 1138 ad
1265 1074 1380 1136 mortia
1397 1073 1527 1135 victima·

319 1171 432 1234 tionem
446 1171 561 1235 iteratis
573 1173 730 1255 mppliciir
744 1176 907 1238 merent.
939 1176 993 1238 Ad
1004 1175 1084 1238 haue
1097 1171 1366 1238 machinationem
1379 1190 1452 1234 vero
1464 1188 1526 1230 eum

319 1289 351 1331 ee
363 1268 445 1330 cirea
458 1268 613 1332 inferiores
626 1279 775 1344 notumnt,
793 1288 851 1333 uec
869 1269 949 1334 hosti
966 1270 1158 1345 nrffieientee,
1176 1267 1276 1331 certia
1293 1266 1421 1330 nunci'm
1437 1265 1526 1327 nude·

319 1385 440 1447 quaque
458 1385 548 1448 opem
567 1365 699 1429 militum
719 1368 894 1441 collinitam,
913 1367 1130 1450 cdduunntqna
1153 1363 1360 1428 colonellum
1384 1362 1526 1426 Wolfium

318 1463 373 1544 qui
385 1461 629 1546 Aaehefeuburgi
639 1483 713 1528 cum
728 1465 863 1548 legione
876 1464 1060 1547 Drupounm
1071 1464 1265 1537 eubeietelrat,
1276 1463 1306 1525 ir
1318 1463 1404 1524 euim
1413 1479 1524 1523 eumer

319 1559 454 1623 virorum
471 1560 654 1642 prudentum
674 1562 819 1626 relatione
837 1562 992 1645 negotium
1008 1560 1067 1623 lroc
1083 1561 1214 1624 feliciter
1229 1558 1354 1642 maaipi
1372 1568 1406 1621 et
1420 1556 1524 1620 confici

320 1676 406 1738 poete
420 1655 545 1732 videret,
556 1657 655 1720 adfuit
667 1667 782 1741 quonia
795 1657 894 1742 putuit
904 1657 1056 1721 celeritate
1069 1677 1145 1724 eum
1161 1657 1264 1719 tribue
1280 1668 1455 1738 quatuorve
1465 1675 1523 1715 ma·

218 1781 225 1800 ·
319 1753 442 1835 cipalis,
459 1773 497 1816 ae
515 1756 570 1818 aub
589 1775 687 1820 ueram
705 1776 864 1838 vesperum
884 1756 1032 1820 Hoclratre
1050 1755 1201 1818 Mhenum
1220 1754 1409 1825 neminie,
1426 1751 1477 1814 ubi
1494 1769 1522 1812 ae

318 1851 540 1934 conjunxerunt
550 1872 590 1914 ex
600 1854 741 1935 prnidio
750 1853 834 1916 illiue
840 1855 912 1932 loci,
923 1862 956 1918 et
963 1853 1246 1936 Coningeteiniauaa
1260 1853 1346 1914 uncia
1354 1850 1448 1914 validi
1459 1849 1521 1930 qui·

319 1949 390 2011 dum
410 1948 533 2024 militen,
552 1958 585 2011 et
604 1949 665 2014 leui
683 1950 777 2013 eitum
796 1953 1103 2033 constitutionemque
1121 1951 1236 2033 optime
1258 1949 1421 2023 callentee,
1446 1943 1518 2007 neoti

319 2046 422 2129 itaque
435 2045 533 2110 fidum
549 2047 718 2110 Ductorem
731 2049 869 2131 plerique
886 2049 1118 2111 deuultcriorum
1137 2047 1169 2108 in
1189 2049 1287 2130 peden
1303 2067 1338 2108 ae
1351 2044 1518 2114 demittunt,

320 2141 436 2224 iterque
451 2142 586 2205 Ureellae
596 2143 753 2227 dirigunt:
775 2145 895 2206 Ductor
904 2165 976 2208 cum
986 2143 1110 2207 bilriaeet
1118 2144 1297 2228 plusculum
1309 2142 1517 2212 aviamemt

319 2260 501 2322 canemque
513 2241 628 2322 prmbet
639 2250 674 2303 nt
684 2242 799 2304 tardiua
812 2263 904 2324 quam
917 2242 1059 2304 nolebant
1072 2241 1113 2304 ed
1125 2242 1240 2304 moenia
1252 2240 1453 2324 appellarent,
1463 2235 1517 2298 cole

314 2339 382 2421 jam
395 2337 488 2421 prope
502 2338 671 2401 diluculum
686 2339 899 2423 praemittente,
915 2339 960 2403 ita
977 2349 1013 2401 ut
1027 2359 1180 2401 nonnemo
1198 2339 1319 2422 ceperit
1332 2337 1471 2400 dubiture
1482 2354 1515 2394 uu

319 2454 367 2497 rea
385 2434 496 2497 confici
515 2446 626 2517 pcaeet,
641 2456 680 2498 au
699 2457 772 2499 vero
790 2437 821 2497 ic
839 2436 1044 2500 commodiora
1060 2446 1198 2519 tempora
1214 2436 1338 2499 differri
1357 2432 1515 2514 expediret,

319 2532 393 2614 quia
412 2542 511 2595 tamen
527 2534 623 2595 animi
639 2536 775 2596 omnium
795 2534 837 2596 ud
856 2534 1055 2615 irruptionem
1071 2534 1305 2616 propendebant
1321 2528 1513 2598 annnitan,

318 2629 522 2712 praemisitque
539 2630 843 2713 Coningeteinianum
858 2630 1034 2713 prmaidium
1052 2651 1125 2693 oum
1144 2652 1201 2694 auc
1219 2630 1361 2693 Dnotore
1379 2625 1515 2687 locumte-

319 2735 409 2788 necte
433 2726 476 2788 D.
500 2727 626 2789 Andreu
650 2728 778 2790 Senbert
798 2728 895 2790 milite
909 2748 982 2791 eane
1004 2728 1128 2813 egregio
1145 2728 1229 2791 etin
1252 2726 1361 2812 piaccia
1378 2724 1513 2788 acinco.

320 2842 410 2905 quem
429 2824 566 2905 requitur
583 2824 767 2904 Capituneue
785 2824 921 2888 deleutua
934 2825 1169 2908 Archiautrupire
1182 2820 1460 2909 Coningeteiniauae
1472 2814 1514 2875 vir

318 2940 378 2983 nou
392 2920 493 2983 minna
505 2920 675 2993 bellicum,
688 2921 742 3002 qui
756 2941 827 2982 cum
838 2922 879 2983 ud
892 2932 993 3003 portae
1004 2911 1239 3005 appropiueuent,
1250 2942 1289 2985 ae
1299 2912 1510 3000 aliquantulum

318 3018 577 3099 peratrepuieaent,
600 3016 802 3079 inclamantur
822 3018 862 3079 ab
878 3018 1064 3093 exauditore,
1084 3018 1154 3099 quia
1170 3018 1374 3100 approximet.
1423 3008 1511 3073 silent

320 3134 423 3177 omuee
433 3114 637 3178 eteubaiatunt
646 3113 795 3191 nonnihil,
806 3116 980 3196 neatrepitu
987 3125 1058 3177 ante
1064 3114 1309 3197 tempuelroatem
1317 3112 1509 3195 quieauenteffl

320 3210 536 3285 excitantium
547 3210 652 3273 relicta
662 3210 851 3291 aliquantum
865 3221 962 3294 porta,
973 3211 1014 3273 ud
1027 3213 1140 3274 mmuia
1152 3210 1293 3288 tendunt,
1306 3206 1507 3293 applicantque

320 3304 426 3381 oculu,
441 3314 472 3368 et
483 3305 655 3369 felicieaime
668 3326 729 3388 qno
742 3308 884 3369 velebant
895 3306 1061 3371 enituntur.
1083 3308 1205 3371 Interea
1217 3306 1397 3390 pyrobolum
1410 3296 1506 3363 artifex

319 3401 425 3485 pdmoe
438 3413 532 3484 portre
546 3402 759 3486 applicarent,
771 3424 810 3467 ac
823 3402 952 3466 feliciter
962 3404 1133 3485 diajeoerat,
1147 3426 1218 3467 cum
1226 3407 1294 3488 jam
1303 3402 1344 3465 ad
1353 3396 1504 3463 aemulum

319 3499 447 3587 ultorum
464 3499 587 3583 affigere
605 3499 731 3577 laborat,
752 3499 864 3562 militae
882 3500 1009 3581 quidam
1029 3500 1122 3563 tacite
1143 3510 1246 3584 operta
1264 3496 1377 3563 minori
1395 3488 1503 3578 perluit·

320 3596 517 3679 ejaculantur,
525 3595 738 3679 hominemque
748 3596 780 3659 iu
793 3596 1187 3680 medioopereopprimunt.
1208 3598 1362 3687 Quoniam
1371 3590 1500 3671 veroium

319 3692 415 3757 multa
428 3713 497 3775 pare
509 3692 642 3758 militum
655 3693 830 3775 civiumque
841 3704 907 3759 erat
923 3694 956 3757 iu
973 3694 1065 3772 urbe3
1084 3694 1236 3778 bendaque
1254 3714 1359 3760 aomno
1374 3685 1500 3767 inunge
