3225 4700
460 369 900 440 ITINERARIUM.
1230 381 1284 447 41-

78 523 206 586 ereditae
222 525 305 602 curi,
325 525 502 601 munitione,
521 525 651 588 militum
669 525 741 603 fide,
759 537 789 589 et
805 527 979 590 fortitudine
996 537 1091 611 rogat,
1109 531 1197 612 eique
1215 531 1272 594 Ie·

78 617 186 698 giones
198 621 317 702 aliquas
332 623 364 683 in
386 622 521 684 Silesiam
535 643 604 682 cum
623 623 749 703 imperio
762 624 915 684 ducendas
933 624 1012 685 ultrd
1030 626 1159 710 benigne
1172 627 1269 703 offert,

78 715 257 793 patientiam
276 719 396 779 interim
416 717 521 781 habeat
537 718 569 779 in
588 727 647 779 tres
665 729 830 799 quatuorve
848 720 1057 797 hebdomadas,
1072 742 1133 803 quo
1150 725 1270 786 interim

79 819 216 891 tempore
228 815 396 876 necessaria
410 815 449 875 ad
467 815 524 875 iter
541 814 698 894 provideat
717 815 924 896 disponatque.
967 815 1028 877 His
1045 817 1088 879 ita
1100 820 1268 882 constitutis

80 905 196 988 Egram
211 910 310 971 denno
322 910 458 972 dimittit.
490 909 599 970 Altero
612 930 682 970 mox
696 910 830 972 diluculo
844 912 978 972 Ldslium
992 913 1042 974 cni
1050 914 1116 996 jam
1129 935 1166 976 ex
1178 916 1268 978 amici

79 1005 238 1084 cujusdam
249 1006 357 1068 litteris
367 1007 406 1068 de
420 1006 578 1068 Fridlaudi
591 1007 707 1068 technis
719 1007 834 1088 aliquid
845 1008 1014 1069 innotuerat
1023 1010 1172 1072 curriculo
1186 1013 1226 1073 sd
1236 1033 1268 1074 se

78 1101 199 1162 evocari
215 1103 316 1184 jussit.
359 1102 477 1164 Lbslius
495 1103 546 1163 vix
564 1103 683 1163 tertiam
703 1104 740 1163 ab
760 1103 834 1164 urbe
851 1102 956 1165 horam
973 1105 1095 1180 abierat,
1111 1126 1180 1167 cum
1199 1129 1269 1170 ecce

78 1195 133 1256 tibi
143 1196 409 1261 Wallensteinium
416 1197 522 1260 lecticd
534 1199 735 1271 incubantem,
743 1198 833 1260 habet
842 1200 973 1274 obvium,
985 1199 1017 1261 in
1028 1202 1115 1281 cujus
1124 1204 1269 1266 comitatu

78 1291 203 1353 ducenti
224 1295 349 1375 pedites,
365 1303 395 1355 et
412 1294 570 1376 quingenti
587 1294 710 1376 equites,
725 1295 884 1375 omniaque
899 1295 1114 1377 impedimenta
1127 1300 1269 1379 praefecto

79 1386 210 1451 Butlero
230 1391 428 1452 ducebantur.
477 1389 612 1452 Comiter
635 1390 796 1452 salutatum
824 1391 968 1463 Idalium,
989 1392 1087 1472 primo
1108 1413 1269 1477 congressu

78 1494 167 1566 rogat
180 1486 376 1559 Fridlandus‚
390 1486 463 1567 quid
481 1507 626 1548 uovorum
643 1487 681 1548 de
699 1485 782 1548 hoste
801 1487 839 1547 iis
855 1486 887 1546 iu
905 1487 1038 1568 partibus
1056 1491 1267 1572 spargeretur?

78 1581 127 1639 cui
141 1601 213 1642 cum
226 1582 342 1663 prolixe
360 1583 559 1664 respondisset
577 1583 675 1658 Ldsle,
691 1582 729 1643 de
743 1602 774 1643 se
787 1602 906 1663 quoque
918 1584 1037 1663 suisque
1050 1585 1267 1647 machination-

78 1675 145 1738 ibus
159 1678 234 1757 quid
249 1678 332 1762 vulgi
350 1699 485 1740 sermone
504 1679 630 1740 ferretur
648 1677 815 1759 intelligere
829 1677 933 1750 voluit,
946 1678 996 1739 laic
1014 1701 1084 1740 cum
1103 1701 1134 1741 se
1147 1690 1264 1742 tantum

78 1773 176 1834 obiter
196 1775 275 1835 etin
293 1775 454 1856 genercde
479 1773 592 1836 offenso
613 1774 696 1834 Duci
716 1773 836 1834 Oaesare
853 1775 970 1834 audisse
987 1775 1119 1848 dixisset,
1138 1779 1266 1858 subjecit

79 1867 336 1943 Wallensteinius,
346 1871 447 1952 itaque
460 1871 479 1932 d
491 1891 539 1932 me
552 1871 649 1932 disces
661 1871 692 1930 in
707 1868 881 1950 particulari
893 1879 924 1930 et
936 1870 1102 1951 punctatim
1115 1872 1264 1947 universa,

79 1965 231 2047 simulque
245 1967 345 2028 retulit
355 1987 446 2048 quam
453 1967 580 2029 Caesaris
590 1965 763 2028 Consiliarii
773 1964 851 2024 mira
864 1966 896 2025 in
910 1985 996 2026 snum
1010 1975 1101 2045 caput
1112 1968 1268 2044 cuderent,

79 2081 177 2141 eoque
184 2063 250 2143 janu
265 2083 327 2124 rem
342 2083 405 2124 esse
423 2063 584 2124 deductam
600 2061 795 2142 iniquissimis
809 2061 1023 2123 malevolorum
1036 2061 1177 2138 consiliis,
1192 2074 1226 2124 ut
1245 2066 1265 2126 d

78 2158 200 2238 pridem
222 2158 319 2220 oblati
340 2169 371 2220 ct
390 2161 469 2241 aegre
491 2157 653 2240 acceptati,
676 2157 863 2239 generalatus
883 2158 1030 2240 dignitate
1053 2179 1134 2220 nunc
1155 2159 1263 2221 iterum

78 2273 150 2313 cum
169 2254 335 2336 ignominia
348 2255 543 2336 dejiceretur:
566 2255 596 2314 iu
615 2275 703 2314 suum
715 2254 785 2316 verb
802 2255 903 2315 locum
921 2255 1159 2317 substituendum
1175 2257 1264 2318 Hun-

78 2350 172 2431 gurioe
198 2350 325 2433 Regem,
350 2350 575 2413 Ferdiuandum
597 2350 665 2412 111.
695 2350 824 2414 Caesaris
843 2350 941 2411 filium
964 2360 1036 2413 natu
1061 2353 1261 2435 grandiorem,

74 2449 222 2528 juvenem
244 2468 300 2509 nec
323 2458 419 2523 atate,
440 2448 640 2521 moriribus,
664 2468 720 2529 nec
741 2448 867 2509 consilio
889 2447 960 2508 satis
980 2456 1141 2509 maturum.
1187 2449 1264 2511 Post

79 2544 176 2605 multa
187 2546 308 2605 tandem
322 2545 353 2605 in
365 2545 515 2606 Gaesarem
527 2544 776 2625 Austriacamque
788 2545 911 2604 domum
923 2544 1019 2604 multo
1031 2564 1100 2603 cum
1111 2544 1263 2606 stomacho

77 2650 181 2721 egesta
200 2641 340 2715 convitia,
364 2641 497 2701 idalium
520 2642 632 2723 Egram
654 2640 822 2721 praemittit,
841 2640 889 2701 sui
910 2640 1055 2700 advemm
1077 2649 1108 2701 et
1128 2640 1262 2701 omnium

77 2737 229 2797 dictorum
244 2736 390 2798 Gordono
403 2737 556 2797 nuncium.
591 2736 709 2798 Lbslius
723 2735 766 2797 uil
780 2746 947 2810 cunctatus,
958 2744 992 2795 ut
1004 2734 1134 2817 primum
1148 2736 1262 2817 ligram

76 2832 189 2913 attigit,
201 2832 276 2892 nihil
294 2832 392 2912 potius
408 2832 465 2893 sibi
482 2852 545 2893 esse
562 2833 670 2894 debere
685 2833 781 2907 duxit,
797 2832 889 2913 qudm
907 2841 941 2893 nt
954 2832 1133 2893 Gordouum
1153 2851 1261 2891 conve-

77 2928 169 2997 niret,
182 2938 212 2989 et
225 2929 263 2989 de
275 2928 412 2989 omnibus
424 2949 492 3009 quas
505 2930 587 2990 dicta
600 2937 724 3008 actaque
738 2936 845 3002 essent,
859 2928 1013 2989 certiorem
1027 2927 1175 3001 redderet,
1191 2926 1262 2987 dein

76 3022 137 3083 und
150 3044 221 3084 cum
234 3024 379 3085 Gordono
393 3025 424 3084 in
438 3044 594 3085 occursum
608 3023 829 3085 Wallensteinii
843 3024 934 3106 Egrar
945 3025 1011 3104 Jam
1030 3021 1261 3103 approximantia

75 3120 145 3189 iret,
159 3118 387 3200 humaniterquc
401 3121 481 3181 intra
493 3120 604 3181 moenia
616 3120 795 3193 deduceret3
817 3140 885 3201 quoe
898 3140 946 3179 res
959 3118 1157 3179 Fridlandum
1166 3117 1262 3178 maxi·

75 3236 198 3297 mopere
212 3216 381 3290 delectavit,
391 3236 484 3296 eoque
495 3218 603 3290 minua
613 3216 695 3295 quod
709 3216 801 3276 exteri
814 3236 867 3277 seu
882 3215 965 3276 Scoti
978 3234 1030 3275 seu
1042 3213 1143 3275 Ibemi
1153 3222 1260 3288 essem,

75 3312 173 3373 deluis
189 3312 338 3389 Ducibus,
350 3312 428 3373 siout
437 3321 467 3373 ot
479 3312 517 3373 de
531 3310 656 3373 Butlero
666 3310 770 3371 habuit
781 3310 943 3392 suspicari:
966 3310 1100 3390 Ideoque
1109 3308 1261 3371 humanis·

76 3410 149 3469 sime
166 3409 198 3469 in
218 3408 342 3470 domum
363 3426 449 3469 suam
467 3407 588 3468 honoris
608 3406 698 3469 canat
717 3407 861 3482 invitatis,
884 3425 1003 3467 omnem
1021 3426 1121 3467 rerum
1138 3413 1258 3480 statum

76 3504 169 3567 multi
190 3524 263 3566 cum
285 3504 515 3586 exaggeratione
536 3504 714 3587 iujuriarum
737 3502 756 3563 d
779 3503 899 3565 Caesare
917 3503 974 3563 sibi
992 3502 1143 3563 illatarum
1162 3501 1261 3561 desub
1358 3533 1361 3538 ·

76 3601 220 3683 exposuit,
246 3620 377 3683 arguens
399 3600 567 3662 Caesaream
594 3600 704 3670 aulam,
727 3599 826 3660 noxiis
848 3598 1051 3680 Hispanorum
1075 3596 1261 3658 suasionibus

78 3698 207 3761 nimium
225 3696 393 3778 perniciosb
413 3696 487 3779 regi,
511 3696 583 3759 binc
604 3696 662 3757 sibi
684 3694 729 3757 nil
747 3695 911 3757 consultius
930 3695 1038 3770 sideri,
1057 3692 1151 3774 quim
1169 3698 1205 3753 ut
1224 3709 1262 3751 ea

649 3802 695 3852 'o
