3225 4700
325 355 389 420 268
721 349 745 414 Ι
751 351 805 415 TI
811 349 846 414 N
853 349 1037 417 ERARI
1044 347 1129 414 ΗΜ.

328 506 453 567 biduum
474 503 639 576 obsidetur,
660 509 694 562 ut
714 501 837 563 tandem
859 500 970 582 pacisci
991 521 1062 562 curn
1083 499 1166 561 hoste
1186 498 1341 562 debueritr
1369 497 1541 562 deditione

328 603 416 675 lacta,
433 600 582 681 Magistro
598 598 733 678 equitnm
749 597 848 659 Paulo
861 597 1015 678 negotium
1028 597 1128 665 datur,
1142 604 1178 657 ut
1192 616 1262 657 cnm
1278 595 1543 657 Eminentissimo

330 699 470 760 Electore
494 695 678 778 Mogontino
699 703 806 757 tractet
831 695 869 756 de
891 693 1047 755 liberando
1067 692 1143 754 Vice
1167 692 1324 754 Colonello
1349 689 1544 752 Baltbasare

303 821 306 828 ⁴
330 793 423 865 Rosa,
437 801 541 854 contra
561 812 591 853 se
609 801 746 871 paratum
765 790 854 852 offert
870 800 966 852 totum
982 789 1172 872 manipulum
1189 789 1267 866 (sine
1285 787 1371 869 equis
1388 797 1420 849 et
1435 785 1543 847 armis

328 895 442 967 tamen)
456 899 658 952 commutare:
679 888 789 970 accipit
802 886 1007 949 conditionem
1022 886 1139 948 Paulus
1155 887 1327 966 evincitque
1344 883 1428 965 qnod
1445 881 1542 943 vole·

328 987 390 1060 bat,
414 987 528 1048 interea
552 987 634 1049 Rosa
657 1007 725 1048 eum
754 984 882 1066 captivis
906 983 1103 1066 Fridbergam
1130 984 1309 1066 regreditur,
1337 1003 1374 1043 ac
1399 980 1542 1042 Ursellis

328 1083 502 1166 praeteriens
515 1105 553 1145 ex
566 1083 692 1165 captivis
706 1080 886 1144 infirmiores
899 1100 951 1142 sex
964 1091 1070 1143 octove
1083 1081 1115 1143 in
1129 1082 1234 1143 urbem
1248 1079 1384 1154 dimittit,
1397 1089 1432 1140 ut
1445 1077 1539 1138 vale-

330 1179 466 1240 tudinem
480 1200 565 1241 susm
579 1187 694 1242 curent.

368 1277 460 1359 Capti
479 1295 599 1358 qnoque
619 1275 738 1337 inerant
757 1293 827 1336 cum
847 1272 930 1335 bisce
954 1273 1195 1336 Holibeimensis
1212 1283 1322 1356 prator
1340 1273 1388 1335 rir
1407 1271 1535 1333 canicie

328 1373 516 1444 venerabilis,
531 1371 691 1455 prudentia
703 1391 795 1453 sagax
808 1380 840 1432 et
851 1370 952 1432 verbis
964 1369 1123 1432 facundus.
1166 1369 1229 1431 Hic
1242 1390 1274 1431 se
1287 1389 1357 1431 cnm
1372 1369 1535 1450 equitibus

328 1471 359 1531 in
375 1490 475 1530 arcem
487 1477 647 1549 receperat,
664 1467 716 1547 qni
729 1467 879 1548 quidquid
892 1477 1004 1550 ageret,
1018 1467 1078 1527 nisi
1096 1485 1207 1549 magno
1224 1466 1371 1549 promisso
1388 1464 1535 1546 pecuniae

329 1565 398 1627 litro
417 1565 538 1627 liberari
558 1583 705 1645 nusquam
721 1564 830 1644 potuit
877 1563 1034 1648 Parocbns
1053 1563 1126 1626 item
1144 1562 1337 1646 octogenario
1356 1563 1463 1643 maj0r,
1483 1561 1540 1620 vir

327 1683 398 1724 sane
413 1671 499 1723 aetate
512 1661 682 1744 spectabilis
695 1682 702 1719 :
723 1671 896 1722 excurrerat
909 1661 935 1722 is
948 1660 1024 1722 forte
1037 1661 1077 1721 ad
1089 1659 1225 1721 vicinum
1238 1659 1384 1741 oppidum
1396 1656 1532 1718 fructifi-

331 1760 421 1821 candi
435 1760 543 1842 gratia,
558 1767 592 1819 ut
606 1758 737 1830 revertit,
751 1758 876 1841 ignarus
886 1757 1028 1833 militurn,
1042 1750 1217 1818 iubentium
1228 1777 1335 1818 manns
1345 1755 1463 1827 incidit,
1475 1755 1536 1835 qni

329 1856 430 1917 rirnm
443 1856 556 1916 bonnm
570 1853 702 1916 clericali
716 1854 849 1936 primum
859 1853 964 1915 babitu
976 1853 1103 1934 aliisque
1117 1852 1236 1930 reculis,
1251 1872 1325 1933 quas
1338 1853 1413 1914 sorte
1422 1873 1532 1913 secnm

330 1952 463 2034 gerebat,
474 1950 647 2032 dispoliant,
657 1950 770 2012 turned
781 1949 985 2031 captivitatem
997 1949 1129 2025 trabunt,
1139 1949 1320 2030 tandemque
1329 1947 1534 2029 Fridbergam

331 2069 433 2110 secum
448 2059 575 2130 raptant,
590 2056 625 2108 nt
636 2046 701 2108 sine
715 2046 778 2107 ulla
789 2046 850 2107 alia
861 2066 961 2122 causa,
975 2047 1034 2107 nisi
1047 2047 1130 2126 quod
1142 2045 1287 2107 Sacerdos
1301 2056 1378 2106 esset
1394 2054 1425 2106 et
1439 2044 1533 2106 Hoff-

330 2144 490 2207 beimensis
502 2153 614 2226 pastor,
629 2143 852 2227 quinquaginta
866 2143 994 2204 Ducatis
1012 2143 1043 2204 iu
1064 2153 1203 2225 prompta
1219 2142 1348 2225 pwnnia
1365 2143 1532 2203 numeratis

329 2239 460 2302 libertati
474 2241 641 2302 restituunt.

372 2335 465 2399 Multi
479 2335 603 2420 quidem
616 2335 852 2401 sollicitabantur
862 2335 1037 2419 plurimum,
1050 2345 1084 2399 nt
1093 2336 1228 2418 equitnm
1238 2335 1392 2419 manipulo
1404 2335 1530 2419 praefec-

329 2443 396 2496 tum
410 2432 555 2507 Paulum,
570 2434 668 2496 virum
682 2434 889 2498 cordatissime
902 2433 1080 2509 masculum,
1095 2434 1134 2494 ab
1150 2434 1251 2495 hostili
1268 2432 1441 2515 captivitate
1453 2434 1528 2495 libe-

332 2540 443 2604 rarent,
465 2529 518 2591 sed
537 2551 607 2591 cum
627 2530 723 2613 copiae
745 2550 805 2593 non
826 2541 926 2593 essent
945 2531 985 2593 ad
1005 2550 1140 2606 manum,
1159 2516 1317 2592 nec-intra
1335 2550 1445 2613 pancos
1461 2532 1527 2593 dies

329 2626 432 2707 colligi
446 2635 576 2707 possent,
589 2626 640 2688 ille
654 2647 725 2688 vero
737 2648 809 2688 cnm
822 2628 884 2689 suis
897 2636 1035 2689 comeatu
1046 2627 1266 2704 destitueretur,
1276 2628 1354 2690 votis
1364 2628 1425 2689 suis
1438 2630 1525 2690 satis·

331 2722 429 2784 iacere
450 2723 668 2803 nequiverunt;
701 2722 854 2806 affligebat
873 2724 995 2786 interim
1015 2724 1096 2806 ipsos
1114 2723 1165 2784 bic
1185 2744 1271 2786 casus
1290 2744 1347 2786 nec
1366 2724 1526 2801 immerito,

330 2839 400 2882 cum
408 2818 519 2881 scirent
528 2839 618 2900 quam
629 2820 763 2881 robustos
772 2820 891 2895 milites,
902 2840 1054 2902 quamque
1061 2818 1182 2903 eg'regie
1190 2824 1349 2882 instructos
1357 2821 1526 2901 perderent,

331 2917 370 2979 de
383 2918 492 3000 quibus
505 2936 575 2978 sane
593 2916 656 2997 ipse
674 2915 768 2977 bostis
786 2924 958 2978 oonstmter
974 2916 1110 2992 asseruit,
1128 2938 1159 2978 se
1179 2918 1301 2998 quidem
1319 2917 1524 2980 dubitaturum

331 3014 422 3075 luisse
435 3034 509 3075 num
523 3034 593 3074 cum
608 3012 757 3095 ejusmodi
768 3012 843 3074 viris
855 3014 1001 3095 congredi
1012 3013 1155 3076 voluisset
1163 3014 1189 3074 si
1202 3034 1252 3075 eos
1264 3014 1295 3074 in
1305 3023 1410 3095 aperto
1420 3034 1524 3097 campo

332 3108 482 3172 habuisset
495 3111 607 3172 obvios.

374 3204 501 3267 Occasio
513 3226 584 3267 vero
598 3206 683 3267 istius
696 3206 897 3287 expeditionis
909 3206 994 3269 varia
1006 3207 1187 3269 adscribitur
1199 3206 1357 3270 Colonello
1371 3207 1460 3282 Rosa,
1474 3208 1524 3269 ulii

332 3300 417 3361 aiunt
427 3321 495 3362 eum
506 3303 682 3385 capitalibus
692 3303 771 3365 odiis
781 3303 950 3364 discessisse
961 3324 1031 3365 cum
1043 3304 1187 3385 Principe
1197 3304 1329 3384 quodam
1341 3304 1522 3381 anlaeeusi,

329 3418 365 3461 ao
379 3398 456 3459 inter
469 3402 692 3463 convivandum
713 3402 813 3463 verbis
829 3400 962 3483 primum
979 3422 1156 3487 congressos
1173 3422 1246 3475 esse,
1264 3412 1329 3463 tum
1347 3403 1387 3463 ad
1403 3404 1523 3465 verbera

331 3495 459 3568 venisse,
480 3498 649 3579 strictisque
670 3499 864 3561 mucronibus
884 3498 1065 3576 decertasse,
1087 3498 1118 3560 in
1136 3519 1198 3580 qno
1218 3498 1319 3561 duello
1340 3499 1524 3562 Colonellum

333 3592 416 3655 Rosa
428 3592 593 3655 secuudum
608 3596 764 3657 brachium
777 3594 967 3657 vulneratum
981 3616 1056 3673 esse,
1071 3615 1133 3676 quo
1146 3598 1211 3658 viso
1225 3596 1360 3657 Tubioen
1375 3596 1525 3658 Roeeenm

329 3690 487 3754 accesserit
498 3700 529 3753 et
543 3692 621 3753 clam
638 3694 772 3755 Domino
786 3693 921 3775 sclopum
941 3694 1114 3769 obtruserit,
1132 3695 1215 3775 quod
1231 3702 1266 3755 ut
1283 3694 1362 3756 vidit
1379 3692 1524 3775 Princeps
