3225 4700
336 321 402 388 264
737 320 1141 390 ITINERARIUM.

336 478 489 542 venissent
505 475 637 560 supremi
655 475 740 559 equis
758 487 829 541 sunt
846 478 987 541 restituti.
1028 475 1165 562 Ingressi
1183 477 1301 539 urbem
1320 471 1428 556 epulo
1446 478 1529 533 sunt
1543 489 1580 532 re

338 576 441 650 creati,
452 574 643 657 supremique
653 574 693 636 sd
703 595 838 636 mensam
849 574 998 638 Colonelli
1006 575 1145 649 adhibiti,
1156 575 1209 636 nbi
1218 571 1412 645 laetissime,
1426 578 1580 650 tanquan

337 672 363 734 si
376 671 476 734 adbuc
489 679 588 733 essem
601 670 701 744 liberi,
713 671 804 734 locati
818 681 899 733 sunt.
933 671 1025 734 Petiit
1037 671 1088 733 hic
1102 669 1287 734 Colonellns
1303 667 1411 730 Wolf
1420 666 1580 729 vellentne

336 789 407 831 suos
419 767 551 849 supremi
564 775 646 830 certo
659 767 785 830 militari
798 768 870 830 litre
882 767 1041 844 redimere,
1055 768 1138 850 quod
1151 789 1222 830 eum
1235 765 1457 840 annuissent,
1474 783 1580 826 coram

337 865 410 948 ipsis
434 885 537 927 omnes
556 863 705 927 numerati
727 875 807 941 sunt,
829 875 860 928 et
879 867 992 948 scripto
1011 865 1191 950 consignati,
1215 875 1255 926 nt
1273 862 1391 926 cnivis
1416 871 1580 924 constaret

336 972 483 1043 quantum
500 962 696 1044 pecuniarum
717 961 779 1024 suis
799 963 985 1026 redimendis
1007 984 1083 1047 opus
1106 972 1191 1026 esset.
1234 962 1337 1024 Hinc
1364 959 1578 1042 postmodum

336 1059 469 1140 supremi
483 1059 515 1119 in
529 1057 641 1121 tutiora
652 1059 720 1121 loca
734 1059 858 1121 deducti
870 1071 950 1124 sunt.

376 1155 485 1218 Omnis
495 1155 586 1238 hujus
599 1155 694 1218 cladis
705 1175 826 1217 causam
835 1156 928 1220 fuisse
940 1159 1018 1220 foede
1030 1155 1329 1220 Ursellissiolatum
1344 1163 1381 1216 et
1392 1154 1573 1236 expilatam

334 1253 491 1334 templum,
506 1253 539 1314 iu
553 1253 636 1334 quod
648 1271 711 1314 non
725 1261 794 1316 ante
808 1253 995 1317 multosdies
1008 1253 1155 1316 diffractis
1167 1253 1290 1315 t‘oribns
1304 1252 1439 1315 tristem
1455 1259 1490 1314 et
1503 1253 1572 1313 bar·

334 1350 439 1412 barum
454 1351 486 1412 iu
504 1350 628 1411 modum
646 1349 784 1411 saritam
803 1358 878 1425 erat,
897 1350 1004 1413 altaria
1020 1350 1196 1434 despoliem,
1213 1369 1310 1412 sacra
1332 1349 1441 1412 Cruci
1464 1348 1570 1410 suffixi

335 1446 496 1508 simulacra
518 1445 628 1520 diruta,
649 1453 731 1507 terra
752 1467 838 1508 sacra
855 1445 971 1524 effossa,
991 1467 1103 1509 asseres
1122 1445 1251 1523 effracti,
1274 1447 1374 1508 sedes
1399 1447 1567 1527 disrupta,

335 1561 429 1604 sacrm
447 1551 545 1604 restes
567 1561 621 1624 per
640 1541 808 1606 ludibrium
827 1544 860 1606 in
880 1545 938 1607 riis
957 1544 1087 1626 publicis
1108 1544 1279 1621 ventilatas,
1303 1563 1401 1606 sacra
1426 1543 1566 1625 denique

334 1638 467 1721 profanis
479 1639 647 1720 promiscue
660 1639 793 1702 confusa.

375 1733 448 1797 Non
461 1735 551 1798 debet
562 1734 620 1797 hoc
632 1734 700 1798 loco
708 1737 899 1818 praetermitti
909 1737 1060 1820 protervis
1069 1739 1158 1800 unius
1172 1741 1189 1801 b
1203 1739 1348 1802 Suedica
1359 1737 1442 1798 faece
1452 1735 1560 1798 militis

334 1829 436 1893 dDeo
451 1832 572 1914 egregie
591 1832 753 1915 castigata:
775 1833 826 1895 bic
839 1855 909 1897 cum
929 1833 1059 1897 Ursellis
1075 1835 1108 1896 in
1126 1836 1231 1917 templi
1250 1834 1419 1899 Catholici
1439 1832 1557 1914 expila-

332 1929 413 1990 tione
426 1948 545 1990 sacrum
556 1929 632 1991 forte
645 1928 770 1992 calicem
784 1932 971 2015 sublegisset,
981 1953 1018 1994 sc
1032 1933 1062 1994 iu
1077 1952 1146 1994 enm
1161 1935 1273 2006 (venia
1286 1933 1334 1994 sit
1347 1931 1470 2008 uerbis)
1482 1949 1554 1990 ren·

334 2023 387 2086 tris
404 2045 480 2087 onus
497 2045 567 2088 eum
585 2026 660 2087 diris
674 2027 796 2090 vocibus
812 2028 904 2090 bomo
917 2029 1142 2111 profanissimae
1159 2030 1366 2112 deposuisset,
1376 2027 1550 2112 justissime

332 2141 404 2182 mox
417 2121 437 2183 d
448 2121 594 2184 scelernm
607 2123 729 2186 vindice
743 2125 850 2206 plexus
862 2136 917 2187 est.
959 2127 1021 2188 Vix
1034 2128 1114 2188 enim
1131 2126 1270 2208 itempli
1285 2126 1409 2188 foribus
1423 2123 1548 2192 abierat,

333 2217 530 2280 descensurus
548 2219 660 2301 gradus
679 2219 711 2280 in
731 2221 843 2283 atrium
862 2221 967 2304 templi
989 2233 1157 2306 vergentes,
1178 2222 1306 2285 fallente
1327 2222 1409 2304 pede
1433 2219 1548 2281 labitur

333 2314 467 2397 supinus,
489 2335 607 2397 unaque
625 2315 657 2377 in
676 2315 818 2392 cultrum,
832 2339 922 2401 quem
938 2318 1060 2383 sacculo
1075 2321 1187 2404 ragina
1203 2320 1282 2383 bene
1304 2318 1471 2388 munitum,
1485 2315 1544 2377 cir·

333 2412 525 2488 cnmlembat,
546 2414 663 2491 incidit,
682 2434 773 2496 seque
790 2426 949 2479 cruentum
967 2417 999 2479 in
1018 2418 1143 2480 modum
1159 2418 1297 2493 saneim
1318 2418 1340 2479 d
1358 2436 1420 2498 quo
1438 2424 1543 2496 postea

331 2508 456 2571 vulnere
473 2510 609 2571 omnium
626 2510 814 2574 medicorum
831 2523 862 2575 et
875 2512 1122 2594 peritissimorum
1140 2512 1357 2597 chirurgornm
1373 2520 1438 2573 arte
1455 2508 1541 2570 adhi-

332 2605 405 2676 bita,
419 2626 473 2687 per
486 2606 585 2667 sanari
602 2626 756 2688 nunquam
771 2610 886 2691 potuit3
907 2631 979 2673 cum
992 2611 1073 2673 enim
1087 2610 1178 2693 plaga
1189 2610 1360 2693 emplastra
1373 2607 1539 2691 quomodo·

331 2721 450 2783 cunque
461 2701 620 2784 applicata,
631 2724 690 2766 non
701 2705 884 2784 admitteret,
894 2705 1006 2770 vulnus
1017 2706 1172 2790 putrefieri
1181 2707 1330 2789 primum,
1342 2707 1416 2769 dein
1431 2702 1537 2764 vermi·

330 2817 403 2860 nare
416 2799 517 2881 erepit,
529 2797 665 2881 adeoque
676 2800 788 2865 foedere
802 2816 838 2866 ut
847 2803 952 2885 procul
965 2804 1142 2866 accedentes
1150 2804 1336 2887 prohiberet,
1347 2805 1392 2865 ita
1406 2800 1535 2863 misellus

331 2898 415 2959 omni
432 2898 545 2961 auxilio
560 2898 722 2962 destitutus
739 2910 846 2976 morte,
864 2900 978 2984 liuguae
996 2900 1193 2982 petulantiam
1210 2910 1241 2964 et
1260 2900 1417 2985 profanati
1435 2894 1534 2960 calicis

330 2994 485 3076 injuriam,
499 2993 567 3057 luit.
605 2994 685 3057 Haec
698 3017 745 3058 res
758 3017 830 3058 eum
842 2996 892 3058 rel
905 2999 1040 3079 ipsorum
1054 2997 1278 3061 bWimsriensi
1290 2996 1427 3060 exercitu
1441 2992 1532 3074 eapti·

330 3112 437 3153 vorum
451 3092 622 3154 testimonio
635 3094 889 3175 comprobaretur,
899 3094 1064 3175 plurimum
1075 3096 1221 3157 momenti
1235 3095 1338 3158 attulit
1348 3093 1388 3157 ad
1398 3090 1530 3152 homines

331 3186 484 3249 dicaeulos
501 3208 536 3251 ac
556 3189 630 3252 diris
647 3192 771 3253 vocibus
788 3192 943 3267 arcendos,
959 3198 990 3252 st
1008 3192 1027 3253 b
1044 3192 1137 3253 sacris
1152 3192 1213 3254 Dei
1228 3192 1346 3255 adibas
1362 3184 1527 3271 depilandis

330 3284 518 3346 avertendos.

371 3380 464 3443 Hanc
482 3380 598 3444 cladem
617 3392 647 3446 et
666 3382 865 3466 irruptionem
880 3382 1114 3468 Fridbergenses
1129 3386 1161 3448 in
1177 3385 1387 3450 innocentibus
1400 3382 1523 3445 circnm-

328 3478 438 3541 vicinis
457 3476 582 3540 Gelonis
595 3480 749 3542 vindicare
763 3479 879 3542 connisi
892 3490 973 3558 sunt,
986 3484 1068 3545 uude
1084 3494 1169 3546 sexto
1182 3486 1315 3567 Augusti
1332 3485 1365 3546 in
1383 3478 1520 3562 oppidum

329 3572 568 3639 Bommersheim
587 3576 770 3658 irruperunt,
783 3596 821 3639 ac
838 3578 937 3659 primo
954 3580 1057 3642 omnia
1077 3600 1187 3663 pecora
1206 3582 1380 3665 abegerunt,
1397 3575 1465 3638 dein
1484 3590 1518 3631 ex

327 3671 468 3755 agricolis
481 3672 641 3735 nonnullos
654 3674 864 3748 conciderunt,
874 3683 940 3738 tum
951 3676 1067 3739 adibus
1077 3678 1180 3761 ignem
1192 3678 1383 3759 subjecerunt
1394 3670 1518 3750 deniqne
