3225 4700
329 356 393 419 244
717 347 1119 416 ll'lNERARIUM.

332 506 470 568 soluerit.
521 504 589 566 Suae
613 522 731 584 quoque
754 501 908 583 Majestati
930 502 1077 583 imprimis
1099 500 1218 582 placere
1245 499 1437 571 Electores,
1460 496 1541 558 Priu-

334 603 425 683 oipes,
444 620 479 661 ac
497 610 589 661 status
607 599 714 679 partim
733 600 765 659 iu
785 598 920 658 Persona
937 598 1046 679 partim
1064 618 1117 679 per
1139 598 1273 680 Legatos
1294 594 1542 657 obedientissime

336 698 546 779 comparuisse.

375 796 476 873 Atque
491 802 524 854 ut
538 792 700 867 Electores,
717 791 888 873 Principes,
903 801 1055 864 costatus,
1069 791 1306 871 absentiumque
1322 787 1508 851 Consilinrii
1519 796 1544 847 et

338 890 443 970 Legati
471 889 556 950 Sacri
584 888 715 949 Romani
736 887 862 969 Imperii
882 888 1073 950 difficultates
1097 888 1204 949 melius
1223 885 1429 968 intelligant,
1459 884 1542 945 Suam

338 985 528 1067 Majestatern
543 1005 642 1047 coram
659 986 783 1066 proponi
800 986 999 1046 necessarium
1013 985 1178 1065 judicasse,
1196 985 1229 1044 in
1247 1002 1398 1062 eumque
1412 979 1504 1041 finem
1516 991 1545 1042 ut

336 1082 438 1143 omnia
455 1081 640 1143 articularios
658 1081 905 1162 exprimerentur,
926 1080 1047 1163 Scripto
1066 1080 1248 1163 consignari
1268 1098 1310 1139 ac
1331 1076 1460 1160 publice
1477 1096 1543 1156 pra·

337 1179 398 1261 legi
420 1178 560 1250 voluisse,
582 1176 811 1237 clementissime
829 1197 950 1258 sperans
969 1178 1006 1238 ab
1025 1178 1162 1238 omnibus
1179 1176 1385 1248 electoribus,
1406 1173 1544 1254 principi·

337 1276 404 1349 bus,
418 1276 555 1348 statibus,
571 1283 601 1336 et
621 1272 788 1333 absentium
808 1273 996 1335 consiliariis
1012 1294 1048 1335 ao
1068 1273 1198 1356 legatis,
1214 1294 1280 1333 non
1302 1280 1432 1333 tanturn
1451 1270 1543 1329 obedi·

338 1372 489 1434 entissime
508 1368 740 1451 propositionem
761 1369 952 1445 audiendam,
967 1371 1021 1431 sed
1041 1370 1131 1431 etiam
1146 1370 1188 1430 ita
1205 1369 1353 1430 consiliis
1371 1365 1544 1445 auxiliisque

339 1466 541 1549 adjuvandam
555 1466 862 1545 promovendumque,
876 1467 1129 1546 quemadmodum
1143 1476 1282 1527 extrema
1299 1463 1437 1545 Imperii
1453 1480 1542 1523 neces·

339 1563 410 1623 sitas
434 1562 544 1643 exiget.
588 1560 679 1632 Quod
700 1580 753 1623 sua
774 1560 929 1643 Majestas,
955 1563 1093 1624 Caesarea
1115 1563 1212 1645 grstia
1236 1561 1257 1622 a
1283 1582 1320 1622 se
1346 1560 1489 1642 cgnitum
1511 1556 1543 1615 iri

340 1657 505 1740 pollicetur.

380 1752 482 1814 Finita
494 1752 550 1814 bac
563 1752 647 1813 brevi
661 1753 836 1834 praefatione
851 1754 1065 1836 Imperatoriae
1078 1753 1291 1815 Cancellurius
1302 1752 1423 1815 Comes
1438 1750 1540 1818 Karta,

339 1850 481 1913 Caesareo
493 1849 661 1911 secretario
672 1848 787 1912 'Auliou
799 1852 1032 1932 propositionem
1044 1871 1082 1911 ex
1092 1851 1204 1932 scripto
1217 1846 1484 1931 promulgandam
1497 1864 1541 1903 ex·

338 1947 445 2019 hibuit,
457 1945 511 2027 qui
525 1946 557 2005 in
572 1946 704 2007 medium
720 1966 893 2029 progressas
906 1947 1130 2009 distinctissime
1146 1944 1387 2030 pronunciavit3
1410 1962 1447 2005 ea
1459 1941 1539 2021 bajas

341 2044 404 2105 iere
419 2043 477 2103 fuit
490 2042 614 2103 tenoris.

380 2140 450 2201 Suae
465 2136 564 2199 Sacrae
579 2138 724 2199 Caesarem
740 2138 894 2221 Msjestati
916 2140 1085 2223 Hungurioe
1106 2139 1178 2201 item
1196 2148 1226 2200 et
1246 2138 1416 2200 Bobemiae
1439 2132 1540 2214 Digni-

340 2236 394 2297 toti
420 2233 526 2315 Regia
555 2234 690 2294 Domino
710 2243 810 2295 nostro
834 2233 1075 2298 Clementissimo
1098 2256 1243 2318 magnum
1271 2234 1367 2296 affert
1390 2230 1536 2313 gaudium,

342 2332 601 2412 maximopereque
615 2330 767 2411 probatur,
782 2329 865 2410 quod
882 2330 974 2393 Sacro
988 2332 1127 2394 Romano
1147 2331 1286 2413 Imperio
1305 2328 1417 2390 fideles
1436 2336 1467 2387 et
1478 2324 1538 2384 obe·

344 2429 460 2490 dientes
474 2426 638 2500 Electores,
657 2427 826 2508 Principes,
845 2438 876 2488 et
893 2437 987 2489 status
1005 2431 1044 2490 ud
1062 2429 1291 2492 convocatories
1310 2446 1411 2508 nuper
1424 2425 1536 2490 litteras,

343 2524 427 2586 nullo
441 2523 541 2585 habito
555 2533 693 2605 respectu
705 2523 913 2586 bellicosorum
926 2533 1094 2607 temporum
1112 2535 1143 2586 et
1158 2525 1417 2586 difficillimorum
1435 2522 1466 2580 in
1483 2518 1537 2578 Ro

343 2641 432 2682 mano
447 2620 583 2702 Imperio
595 2629 744 2695 motuum,
758 2622 952 2703 repositisque
964 2623 1103 2684 omnibus
1116 2622 1183 2684 aliis
1192 2619 1424 2704 impedimentis
1437 2613 1535 2698 partim

345 2718 376 2778 in
391 2736 527 2798 persona.
541 2717 651 2798 partim
662 2737 716 2797 per
725 2717 901 2797 spectabiles
911 2719 990 2780 viros
1001 2719 1192 2780 Consiliarios
1202 2728 1232 2779 et
1241 2718 1364 2802 legatos
1374 2713 1537 2776 obedienter

345 2814 587 2896 comparuerint:
614 2812 695 2874 unde
718 2812 864 2895 Majestus
881 2835 936 2875 sua
953 2815 1040 2877 facile
1061 2825 1144 2878 notat
1164 2816 1353 2876 laudabilem
1374 2810 1469 2872 zelum
1488 2823 1535 2886 pro

343 2911 439 2992 patria
451 2907 650 2991 pacificanda,
665 2917 755 2989 atque
768 2929 806 2970 ex
821 2919 882 2971 tam
895 2911 994 2971 subito
1003 2921 1152 2973 conventu
1161 2912 1195 2971 iu
1205 2921 1269 2972 tam
1279 2909 1384 2972 brevis
1394 2901 1535 2987 proposito

342 3005 485 3088 temporis
498 3003 627 3066 termino
640 3003 733 3066 alium
747 3004 889 3088 colligere
900 3027 958 3068 non
971 3017 1077 3087 potest,
1088 3029 1179 3088 quam
1191 3007 1361 3080 Electores,
1374 2999 1531 3078 Principes,

344 3121 379 3162 ac
394 3110 488 3162 status
502 3100 533 3161 in
550 3101 611 3163 suis
624 3101 784 3183 deputatis,
806 3102 989 3164 instruendis
1007 3103 1253 3184 dimittendisqne
1272 3121 1395 3164 omnem
1415 3095 1532 3176 diligen·

344 3196 417 3257 tiam
432 3197 615 3268 adhibuisse,
627 3196 776 3278 simulque
790 3209 890 3280 sperat
902 3219 1006 3261 omnes
1018 3201 1183 3262 sufficiente
1199 3199 1412 3271 instructione,
1431 3205 1461 3254 et
1476 3187 1530 3270 ple·

344 3293 511 3372 uipotentia
524 3292 567 3354 ita
581 3293 750 3365 instructos,
766 3307 799 3356 ut
812 3295 853 3356 ad
865 3294 972 3356 borum
985 3295 1175 3357 comitiorum
1186 3297 1270 3356 omni
1284 3316 1324 3357 ex
1344 3302 1428 3376 parte
1446 3283 1531 3346 utilis·

345 3389 454 3450 simum
469 3408 591 3468 scopum
606 3390 756 3453 mediante
770 3391 876 3451 divina
894 3393 1060 3454 assistentia
1078 3393 1219 3475 pertingi,
1241 3403 1271 3454 et
1289 3393 1331 3454 ad
1348 3395 1479 3471 optatum
1497 3376 1528 3436 fi·

346 3505 415 3546 nem
430 3503 491 3565 quo
504 3485 604 3562 citius,
618 3486 676 3548 boc
690 3487 797 3548 melius
811 3488 961 3568 perveniri
975 3489 1078 3570 possit.

386 3581 427 3642 Et
439 3599 530 3661 qnam
545 3581 592 3641 vis
605 3582 772 3645 dubitator
786 3583 894 3644 litteris
907 3584 925 3647 i
938 3604 994 3646 sna
1007 3585 1146 3648 Caesarea
1158 3585 1320 3667 Majestate
1332 3582 1373 3644 ad
1384 3593 1469 3660 quem
1487 3566 1526 3628 vit

346 3677 532 3749 Electorum,
555 3675 744 3760 Principum,
763 3699 798 3742 ac
817 3689 946 3742 statuum
964 3684 1124 3764 separatim
1142 3683 1250 3758 missis,
1269 3679 1389 3743 abunde
1404 3662 1526 3753 quemvis

345 3773 526 3836 intellexisse
540 3795 644 3836 musas
657 3777 696 3836 ob
710 3797 783 3857 quas
796 3777 835 3838 ad
850 3778 974 3838 comitia
985 3778 1050 3839 haee
1064 3779 1227 3840 indicenda
1242 3784 1390 3839 commota
1404 3768 1449 3840 tiis
1463 3775 1522 3840 ‘lue
