3225 4700
490 349 802 419 1T1Nn'1ts1t1
812 352 898 419 ΠΜ.
1227 361 1291 425 235

140 494 239 557 Lubet
252 495 311 558 bno
324 506 481 561 annectere
495 499 663 565 Goesereem
679 504 911 585 propositionem
925 505 957 567 in
971 504 1113 570 Comitiis
1126 507 1289 571 Retisbon-

84 592 219 653 eusibus
239 592 414 657 Electorum
431 596 578 679 Collegio,
601 600 727 681 eliisque
748 601 943 682 Principibus
963 624 999 665 eo
1019 604 1143 667 statibus
1163 604 1290 687 Imperii

85 707 262 770 eorumque
280 690 467 753 consiliariis
487 713 522 755 ee
543 695 662 778 Legetis
681 696 801 771 fectum,
815 697 932 778 elinque
945 698 1091 761 nonnulle
1103 720 1171 780 qum
1184 700 1287 763 Comi·

85 784 208 846 tiorum
229 787 353 849 exordie
371 801 678 872 processeruntque
698 794 754 854 etsi
773 792 961 873 eliquentum
980 797 1074 861 serius
1093 798 1288 880 contigerint,

89 880 252 963 multaque
267 883 327 945 elie
343 904 412 965 quoe
429 886 623 966 sequentibus
642 888 789 969 capitibus
812 892 1065 969 memorabuntur,
1079 894 1289 975 praemittendo

90 978 208 1051 forent,
221 979 293 1058 quie
306 988 405 1041 nmen
425 983 659 1045 commodiorem
674 983 774 1046 locum
794 984 842 1046 his
862 989 1073 1067 percensendis
1088 990 1142 1051 vix
1158 990 1287 1073 reperie-

92 1094 176 1149 mus,
192 1094 228 1135 ee
241 1075 297 1137 boc
310 1075 377 1139 ioco
389 1076 479 1141 libuit
492 1088 654 1160 pertexere,
670 1087 741 1142 sunt
753 1090 854 1142 eutem
863 1082 925 1144 fere
938 1083 1006 1161 iste,
1019 1105 1087 1165 quae
1101 1106 1139 1147 ex
1151 1086 1224 1167 ipsis
1237 1108 1287 1149 co-

92 1170 192 1232 mitiis
205 1171 244 1233 ed
257 1172 388 1235 amicum
402 1174 584 1251 tmnsmisse,
599 1176 639 1236 ed
651 1184 766 1238 nostrus
780 1196 899 1258 qnoque
912 1198 1020 1242 munus
1032 1180 1226 1243 devenerunt

516 1438 873 1549 ruouooonnuu,

93 1599 237 1658 sictonam
252 1600 448 1659 tertiodecimo
461 1602 636 1677 Septembris
650 1606 737 1663 Anno
753 1603 947 1663 mnan.
964 1604 1134 1667 Rutirbcnae
1148 1616 1230 1683 cute,
1246 1609 1290 1681 iu,

299 1699 306 1709 '
426 1706 534 1775 etpost
551 1698 715 1759 Cesareum
723 1701 960 1779 propositionem.

164 1837 379 1911 OSPQUAM
392 1841 433 1902 sd
446 1840 580 1902 Comitis
590 1841 609 1902 b
619 1840 712 1903 Seors
721 1840 811 1903 Rom·
822 1842 961 1906 cesarea
970 1842 1109 1925 etRegie
1118 1843 1289 1927 Hungurim
1388 1906 1392 1912 .

182 1945 214 1997 et
226 1936 382 1998 Bohemiae
396 1938 557 2020 Mejestete
575 1960 644 2002 cum
659 1958 805 2001 consensu
824 1938 999 2000 Electorum
1013 1939 1193 2021 Principum
1206 1950 1291 2001 sexte

95 2040 128 2093 et
139 2032 285 2113 vigesimo
298 2032 322 2093 J
325 2031 390 2107 ulii,
403 2034 434 2093 in
450 2035 661 2097 duodecimam
680 2034 863 2117 Septembris
881 2034 964 2097 diem
980 2034 1104 2109 indicte,
1118 2034 1208 2097 totius
1225 2035 1288 2097 Im·

95 2128 175 2209 perii
190 2128 348 2209 Principes
360 2149 395 2189 ec
409 2139 503 2191 stetus
516 2130 565 2193 vel
583 2132 615 2193 in
633 2152 769 2213 persone,
783 2130 834 2193 vel
851 2151 905 2213 per
923 2130 1052 2213 Iegetos
1068 2131 1287 2207 convenissent,

95 2224 214 2305 plecuit
231 2222 300 2285 Suae
320 2224 466 2289 Caesereae
486 2226 641 2308 Mejesteti
661 2228 798 2308 sequenti
816 2227 867 2290 die
885 2228 939 2309 qui
957 2227 1016 2289 fuit
1033 2228 1137 2289 tertius
1154 2228 1289 2291 (lecimus

97 2319 293 2401 Septembris,
318 2320 500 2404 Septimenm
521 2323 586 2385 dies
607 2323 631 2387 J
632 2322 697 2385 ovis
719 2342 807 2406 porro
830 2322 871 2386 ed
892 2322 1017 2386 Curium
1039 2322 1288 2387 Retisbousnsem

96 2436 274 2491 convocare,
284 2426 315 2479 et
324 2417 523 2480 comitiorum
537 2440 668 2490 oenmm,
679 2440 731 2482 seu
745 2429 859 2502 punctu
870 2419 903 2480 in
916 2419 954 2481 iis
966 2419 1165 2482 consultando
1172 2430 1203 2482 et
1216 2441 1289 2483 uue-

95 2513 174 2574 nimi
187 2533 335 2575 consensu
346 2514 515 2576 decidenda
527 2535 701 2597 proponere.
743 2515 783 2576 In
793 2535 863 2577 eum
873 2514 965 2576 finem
975 2513 1132 2596 designato
1141 2516 1192 2577 die
1199 2516 1223 2579 J
1223 2517 1288 2579 ovis

95 2611 178 2670 intre
190 2609 347 2692 septimum
360 2619 391 2672 et
402 2620 540 2672 octavum
556 2612 732 2672 matutinum
746 2610 933 2692 collegerunt
949 2630 981 2671 se
995 2610 1103 2694 Iegeti
1117 2611 1148 2672 iu
1162 2611 1289 2694 Episco-

96 2705 159 2788 peli
177 2705 256 2782 sule,
277 2707 310 2768 in
327 2726 387 2787 qne
404 2706 544 2768 Coeseree
561 2706 706 2788 Mejestes
720 2728 780 2768 une
793 2727 864 2768 oum
876 2706 984 2768 culicis
995 2708 1057 2769 suis
1069 2707 1232 2784 hebitsbet,
1244 2719 1289 2772 st·

96 2823 156 2884 que
170 2803 202 2862 in
215 2803 285 2866 enti
294 2823 414 2864 comere
426 2805 467 2866 ed
485 2825 577 2866 unum
590 2805 710 2866 circiter
726 2805 832 2866 borum
844 2824 930 2865 suem
944 2803 1136 2886 Mejeststem
1148 2815 1288 2886 expects·

96 2911 178 2964 runi.

139 2997 226 3058 Hinc
245 2997 338 3079 igitur
354 3005 420 3079 post
434 2997 540 3059 horem
553 3006 622 3058 ente
640 2997 796 3058 meridiem
814 3017 926 3059 nonem
939 2996 1069 3072 circiter,
1083 3017 1138 3059 sun
1151 2998 1289 3066 Goeseree

97 3093 256 3176 Modestus,
278 3094 394 3156 directo
409 3115 447 3156 ex
463 3095 546 3156 dicte
564 3094 739 3176 Episcopeli
757 3095 827 3157 sule
841 3096 959 3172 itinere,
973 3095 1013 3156 ed
1031 3114 1178 3156 summum
1192 3095 1289 3157 sedem
1408 3106 1410 3113 '

96 3200 168 3251 ente
182 3190 282 3250 omniu
295 3211 326 3252 se
339 3190 476 3254 conferre
495 3190 609 3266 statuit,
624 3199 659 3252 ut
675 3191 787 3252 ibidem
809 3201 997 3254 secrosnncto
1014 3192 1119 3254 Missse
1139 3191 1288 3253 sacrificio

96 3305 241 3368 magnum
255 3285 383 3348 Consilii
396 3287 553 3369 Angelum
566 3286 759 3367 propitiaret:
778 3287 1050 3369 largissimamque,
1063 3288 1166 3349 omnis
1181 3286 1239 3348 rite
1254 3288 1286 3349 in

97 3383 188 3444 dictis
201 3383 340 3445 Comitiis
353 3383 539 3465 suspicandi,
554 3383 751 3464 persequendi
763 3404 799 3445 eo
814 3383 951 3458 liniendi,
966 3384 1104 3467 gretiam,
1114 3383 1133 3446 ὰ
1144 3385 1288 3465 Principe

97 3479 182 3560 pacis
195 3478 300 3560 (quem
321 3480 451 3542 mundus
464 3481 536 3542 dere
549 3499 610 3540 non
625 3477 734 3561 potest)
749 3479 872 3544 Christo
884 3480 1081 3558 solliciteret3
1103 3481 1135 3543 in
1149 3501 1210 3562 que
1222 3480 1289 3561 qui·

99 3576 169 3637 dem
187 3576 384 3656 processione,
402 3576 453 3638 hic
470 3577 531 3639 iere
548 3576 622 3637 ordo
640 3586 774 3639 servatus
793 3585 847 3639 est.
888 3577 1028 3639 Primum
1041 3577 1142 3639 locum
1155 3577 1213 3638 sibi
1223 3577 1290 3637 vin·

99 3671 216 3734 dicavit
236 3671 407 3754 Imperielis
431 3671 578 3756 Megisten
598 3693 652 3736 seu
675 3672 843 3736 Praeiectus
863 3673 1091 3747 Querteriorum
1110 3676 1157 3750 (ut
1172 3680 1293 3761 vocent)

99 3780 243 3832 consueto
257 3771 418 3834 instructus
432 3772 521 3833 officii
540 3771 585 3833 sui
604 3769 720 3846 baculo,
736 3791 787 3832 sen
806 3770 894 3851 pedo.
936 3770 1015 3831 Eum
1034 3769 1128 3832 secuti
1146 3778 1217 3830 suut
1231 3768 1293 3828 Im·
