3225 4700
470 337 890 415 ITINERARIUM.
1230 354 1273 419 66

56 492 186 557 Gallos
205 496 418 574 ostenderunt3
440 500 623 581 praecipuam
641 510 741 562 tamen
755 500 814 562 huc
829 502 861 565 in
876 502 942 562 acie
957 500 1078 564 laudem
1089 502 1214 565 meritus
1228 512 1276 565 est

57 592 254 653 Colonellus
269 591 391 654 Priston
410 610 481 655 cnm
495 595 557 656 suis
572 595 701 670 Ibemis,
714 597 767 677 qui
782 597 874 678 primi
890 596 996 659 Gallos
1009 600 1027 661 e
1039 598 1190 661 fortalitiis
1204 618 1275 661 exe·

59 698 199 770 gerunt.
1182 700 1187 709 '

108 786 238 858 Quinto
249 786 324 848 Idus
334 788 357 849 J
359 786 413 849 ulii
422 787 445 849 J
446 788 538 849 oanni
551 788 590 850 de
600 788 707 851 Wertlr
716 788 921 871 significatum
932 789 991 852 fuit
1001 790 1113 852 Gallici
1125 790 1276 853 exercitus

62 882 384 964 cataphractariorum
393 884 581 965 manipulum
595 885 626 946 in
637 888 768 967 quodam
778 906 924 967 pegonon
938 887 1042 967 procul
1052 886 1183 949 icastris
1191 886 1232 948 de
1244 887 1274 947 la

64 976 185 1053 Force,
201 998 301 1061 agere,
315 988 420 1041 contra
432 1000 506 1059 qnos
522 1000 577 1061 per
589 979 742 1060 sylvarum
760 981 862 1043 abdita
874 982 1024 1042 curriculo
1041 982 1205 1059 contendit,
1219 984 1273 1044 sed

63 1074 222 1153 quoniam
235 1075 378 1136 excubias
390 1075 516 1137 sollicite
529 1077 696 1152 servabant,
707 1097 767 1137 nou
781 1077 840 1138 nisi
852 1096 964 1157 paucos
976 1077 1090 1138 nobiles
1100 1076 1231 1141 Francos
1240 1078 1273 1137 in

66 1166 177 1231 reditu
193 1190 296 1233 secum
311 1171 447 1233 abduxit.
489 1170 604 1233 Parum
620 1170 669 1233 hlc
683 1172 779 1233 abfuit
794 1182 829 1234 ut
844 1182 875 1234 et
887 1170 1044 1234 Wimariio
1060 1172 1181 1234 Ducem
1196 1172 1273 1233 Ber·

66 1266 208 1326 nardum
221 1275 253 1328 et
261 1266 453 1328 cardinalem
467 1268 506 1329 de
519 1268 550 1329 lo
559 1266 676 1329 Valette
687 1266 887 1350 interciperet,
899 1269 953 1347 qai
962 1268 982 1330 a
991 1269 1103 1331 rustico
1115 1268 1273 1329 commode

66 1362 197 1430 moniti,
212 1382 358 1443 equorum
375 1364 515 1445 prasidio
530 1372 697 1425 evaseruut.
739 1364 843 1425 Stabat
855 1377 928 1425 tune
945 1384 1036 1444 penes
1051 1363 1221 1425 Gallassnm
1239 1373 1275 1425 at

67 1468 156 1520 totus
171 1459 332 1521 Gallorum
350 1460 497 1522 exercitus
511 1460 630 1543 periret.
673 1460 778 1542 Hujus
795 1461 877 1521 enim
891 1480 931 1521 an
948 1458 1133 1543 negligentil
1146 1480 1186 1520 an
1201 1480 1273 1541 pm-

68 1556 167 1615 ‹lente
181 1555 382 1631 cunctatione,
396 1556 507 1631 nescio,
520 1556 707 1618 adversarius
720 1556 868 1619 exercitus
881 1556 993 1618 relictis
1005 1556 1161 1618 tormentis
1173 1565 1205 1617 et
1217 1556 1273 1617 im-

69 1651 258 1731 pedimentis
273 1652 412 1713 omnibus
429 1662 460 1713 et
478 1652 593 1733 aliquot
610 1652 740 1713 militnm
758 1650 891 1712 millibus
909 1652 1009 1713 Metus
1025 1653 1131 1713 evasit.
1172 1649 1272 1723 Quem

69 1748 152 1808 dum
165 1748 261 1808 nostri
273 1758 355 1809 recto
367 1748 487 1809 uamite
500 1748 665 1831 fugientem
677 1758 844 1827 sequuntur
856 1746 1057 1828 snspIeionem
1069 1748 1222 1828 ingerunt,
1236 1768 1272 1808 ae

70 1844 98 1904 si
112 1845 155 1905 de
172 1844 245 1905 urbe
258 1843 422 1905 obsidendi
438 1844 625 1926 cogitarent:
645 1843 728 1923 quod
740 1850 774 1903 ut
787 1840 932 1922 impediat
945 1840 1103 1902 Gallorum
1116 1842 1190 1917 dux,
1205 1862 1273 1903 nos·

69 1950 137 2001 tros
147 1960 203 2001 suo
216 1942 349 2003 exercitu
357 1940 454 2023 cingit
465 1950 495 2002 et
504 1941 584 2001 intra
596 1938 678 2000 urbis
687 1938 799 1999 moeuis
807 1948 838 1998 et
846 1957 879 1998 se
887 1936 1065 1998 concludere
1075 1936 1230 2013 annititur,
1239 1938 1273 1999 id

70 2038 150 2099 vero
161 2036 279 2099 consilii
288 2056 359 2098 cum
368 2046 484 2097 nostros
493 2036 585 2097 latere
595 2055 654 2095 non
664 2044 771 2115 posset,
782 2053 852 2095 mox
861 2032 986 2094 emisere
996 2032 1050 2113 qui
1058 2034 1086 2094 ei
1095 2033 1273 2096 facesoerent

72 2133 244 2216 negotium.
287 2132 394 2213 Itaque
408 2152 477 2193 cum
492 2130 690 2193 Marescallns
704 2129 743 2190 de
756 2129 787 2190 le
800 2128 896 2190 Force
905 2128 1021 2190 videret
1033 2138 1148 2191 nostros
1158 2130 1273 2193 viribus

73 2229 250 2310 praevalere,
264 2230 419 2291 nocturnis
432 2228 463 2289 in
481 2227 610 2290 tenebris
622 2228 725 2309 iugum
741 2225 877 2307 capessit,
889 2244 979 2306 quem
993 2224 1144 2287 Wertlrius
1156 2226 1174 2291 i
1187 2236 1272 2309 tergo

76 2334 197 2389 secutus
208 2326 389 2409 quingentos
401 2322 489 2386 facile
502 2323 613 2386 milites
627 2322 748 2386 cecidit.

118 2421 180 2484 His
190 2423 234 2484 ita
241 2421 399 2484 transactis
406 2421 619 2483 serenissimus
627 2418 830 2501 Intharingiae
840 2418 914 2478 Dux
921 2417 1049 2480 Carolus
1056 2417 1272 2480 Romervillam

76 2520 200 2602 migrat,
209 2519 423 2599 tormentisque
433 2517 665 2598 majoribustum
674 2525 794 2577 strenuo
803 2515 917 2596 impetu
927 2523 1058 2594 quassat,
1067 2523 1101 2575 ut
1111 2515 1191 2575 intre
1200 2535 1273 2594 pau·

77 2635 129 2676 cas
141 2615 230 2676 horas
242 2613 418 2696 praesidium
431 2613 585 2676 Gallicum
598 2612 656 2675 sibi
665 2611 835 2694 subjecerit.
855 2610 986 2670 Tantum
996 2609 1054 2672 fuit
1066 2610 1098 2670 in
1110 2610 1185 2671 urbe
1197 2630 1271 2692 gau·

78 2712 164 2772 dium
181 2711 220 2772 on
241 2709 338 2771 Ducis
354 2709 401 2770 sni
417 2710 596 2792 ingressum,
614 2717 648 2770 nt
665 2707 814 2790 gregatim
830 2705 942 2768 summi
960 2704 1129 2785 infimique,
1145 2708 1222 2768 sacri
1241 2715 1273 2768 et

79 2806 224 2888 prophani
236 2827 300 2868 sese
312 2805 345 2866 in
358 2807 488 2889 compita
499 2804 696 2880 effunderent,
711 2814 742 2865 et
753 2812 944 2864 occurrerent
956 2802 1023 2882 ejus
1038 2801 1219 2882 postliminio
1232 2803 1272 2862 ad

79 2925 110 2965 se
123 2903 254 2964 reditum
267 2911 330 2964 toto
343 2903 442 2964 cordis
451 2899 560 2962 affectu
573 2900 767 2982 gratulantes.
795 2899 878 2961 Data
890 2897 941 2958 hic
953 2897 1012 2960 fuit
1022 2897 1149 2980 legioni
1162 2908 1271 2958 nostrie

77 3019 152 3062 cura
163 2999 346 3080 occupantis
360 2999 436 3061 arcis
449 2997 617 3060 munitione
629 3007 660 3059 et
672 2994 822 3058 structuri
836 2993 979 3077 proealtoe,
994 3002 1025 3056 et
1036 3013 1089 3056 sex
1103 2994 1272 3055 fortissimis

81 3097 206 3158 turribus
223 3095 421 3157 formidabilis
439 3095 479 3156 ad
497 3093 712 3175 Episcopatum
729 3091 898 3152 Metensem
915 3090 1087 3171 sperantis
1103 3109 1193 3170 quam
1209 3107 1272 3150 acu

81 3192 173 3254 multo
187 3203 254 3274 post
266 3192 362 3254 multo
375 3191 497 3273 quidem
514 3190 626 3264 labore,
640 3186 807 3270 compilatis
822 3187 961 3248 omuibus
976 3187 1041 3268 ejas
1054 3186 1141 3248 bonis
1157 3206 1226 3266 qnoe
1239 3186 1271 3246 in

82 3309 178 3351 arcem
193 3297 377 3370 comportata
394 3287 523 3360 luerem,
539 3285 572 3346 in
589 3293 764 3366 potestatem
782 3283 936 3365 redegere.
979 3281 1050 3343 Hoc
1066 3302 1168 3344 mense
1184 3283 1208 3344 J
1209 3281 1272 3343 ulio

83 3397 204 3448 exeunte
217 3386 321 3448 Caesar
333 3403 404 3448 oum
416 3384 504 3445 Duco
520 3381 658 3446 Suoniae
671 3381 797 3462 aliisque
812 3377 985 3441 Germaniae
997 3378 1192 3460 Principibus
1203 3379 1271 3460 qui·

83 3483 204 3546 busdam
216 3481 287 3543 iniit
300 3481 338 3542 de
352 3501 430 3544 noro
442 3499 557 3562 pacem.

121 3578 245 3640 Interim
266 3577 340 3638 dum
359 3577 457 3638 hostes
473 3579 583 3638 coeunt
602 3574 633 3636 in
651 3593 772 3649 cuneos,
786 3571 955 3652 nostrisque
967 3591 999 3632 se
1014 3570 1054 3632 ad
1068 3570 1204 3652 pralium
1222 3589 1272 3650 pa·

86 3673 358 3752 tantimodo
372 3671 478 3736 Werth
492 3672 525 3734 in
539 3671 643 3734 Gallos
656 3691 694 3732 ex
707 3669 861 3751 inopinato
875 3668 963 3730 irruit
975 3667 1182 3749 legionemque
1195 3665 1272 3726 inte-¹

642 3787 664 3826 a
