3225 4700
315 334 373 395 108
704 320 1109 391 ITINERARIUM.
1228 321 1233 330 '

311 501 495 545 summorum
503 466 756 559 'infimorumquet
777 478 882 560 plausu
892 478 1013 560 Βθςὶιιει
1023 474 1192 557 Hungarioe
1205 483 1250 536 est
1258 481 1409 550 coronula,
1422 482 1513 557 post-

312 598 402 659 quem
415 598 518 639 omues
532 575 701 659 Huugariae
714 583 807 636 status
820 576 861 637 ad
874 573 1035 636 Generalis
1047 572 1133 655 regni
1148 570 1280 633 Comitia
1291 570 1419 632 fuissent
1432 590 1512 631 ero·

312 675 389 735 cati:
412 674 534 735 Dehinc
552 673 656 735 Coesar
677 672 811 755 Prsgam
826 672 917 732 abiit:
939 670 1098 731 Generalis
1113 667 1219 730 Gallus
1235 676 1302 749 post
1318 666 1408 749 hujus
1429 668 1512 727 anni

312 771 523 832 varicscoutra
534 769 632 830 hostes
642 768 855 849 expeditiones,
863 764 1205 847 postquamomnialoca
1214 784 1317 825 recens
1324 763 1512 825 adversariis

312 875 414 948 erepta
426 866 640 928 sufficientibus
652 864 799 947 presidiis
812 862 971 938 munierat,
982 862 1134 923 Oaesereas
1143 860 1244 942 copias
1254 860 1287 920 iu
1297 860 1396 921 varios
1408 860 1511 921 duca·

312 970 360 1022 tus
368 982 423 1043 pro
434 962 574 1043 hybernis
583 963 708 1043 partitus
719 969 773 1022 est.
802 959 841 1019 Iu
851 959 995 1020 ducatum
1008 956 1153 1019 Holsatioe
1161 956 1259 1019 varias
1268 956 1352 1017 misit
1357 955 1506 1037 legiones,

315 1056 398 1119 Duci
410 1058 583 1121 Florentino
594 1058 776 1138 assignatum
786 1063 833 1116 est
841 1054 1022 1117 territorium
1034 1054 1207 1126 Bremeuse,
1217 1053 1312 1134 quiin
1321 1073 1357 1114 eo
1366 1073 1405 1114 ue
1414 1052 1507 1113 deses
1584 1116 1593 1127 ‚

312 1165 388 1216 esset
400 1153 516 1237 hospes,
531 1155 678 1216 munitam
693 1170 804 1225 arcem,
819 1151 949 1231 expulsis
961 1150 1032 1211 iude
1046 1150 1162 1222 Suecis,
1174 1150 1343 1231 occuparit.
1384 1148 1507 1210 Comiti
1600 1137 1601 1148 ¹

313 1251 351 1313 de
374 1251 512 1333 Ridberg
533 1250 704 1331 obtigerunt
726 1248 958 1310 Bruusricensis
975 1257 1006 1309 et
1027 1247 1268 1330 Luueburgensis
1287 1247 1398 1328 aliique
1415 1246 1506 1327 adja-
1600 1269 1601 1272 ¹

312 1355 413 1409 centes
428 1347 596 1420 comitatus,
614 1345 681 1406 aliis
704 1354 857 1407 cesserunt
876 1343 1121 1427 Hamburgeuses
1138 1352 1170 1405 et
1191 1343 1377 1405 Lubecenses
1399 1352 1503 1405 terras.
1600 1425 1601 1428 Ἴ

314 1442 404 1503 Goltu
413 1440 712 1521 Archiepiscopatum
724 1440 991 1523 Moguutiueusem
1001 1451 1032 1501 et
1044 1440 1073 1501 ei
1083 1439 1300 1501 vicinioraloco
1312 1438 1434 1501 sortitus
1441 1450 1504 1513 est,

313 1537 612 1619 Mechleburgeusem
624 1537 779 1599 Ducatum
791 1537 921 1598 obtinuit
930 1536 1088 1598 Generalis
1100 1536 1273 1618 vigiliarum
1283 1536 1431 1618 Magister
1444 1534 1504 1597 Su·
1600 1583 1601 1610 ,

311 1633 359 1705 lis,
374 1634 423 1695 cul
437 1634 596 1695 commissa
608 1654 682 1695 cura
694 1634 901 1717 supprimendi
914 1644 945 1696 et
956 1634 988 1696 iu
1002 1633 1100 1695 officio
1117 1634 1290 1694 continendi
1307 1634 1504 1706 Bacchium,
1600 1615 1601 1684 l

310 1731 778 1813 siquatentssseterigerecaput.
806 1731 902 1792 Nobis
910 1729 1225 1812 proficiscendumfnit
1234 1730 1505 1813 Dauneubergam,

311 1827 363 1887 ubi
383 1847 451 1889 cum
469 1828 666 1889 tenuissemus
683 1846 794 1909 paucos
811 1827 886 1901 dies,
900 1826 1125 1909 Wolfsburgum
1141 1826 1342 1898 transivimus,
1360 1837 1450 1908 atque
1468 1829 1504 1887 in

310 1923 450 1985 desoletis
462 1924 547 2005 pagis
557 1924 639 1985 omni
652 1922 783 1985 humaui
792 1943 848 2005 ope
858 1922 1016 1995 destitutis,
1028 1921 1172 2004 hospitari
1181 1922 1276 1983 coacti
1288 1942 1392 1984 sumus
1405 1943 1505 2004 usque

311 2020 351 2081 ad
373 2021 510 2102 quintam
532 2021 680 2081 decimam
702 2018 827 2099 Aprilis,
844 2038 905 2099 qua
924 2018 1062 2080 discum
1079 2018 1172 2080 fames
1192 2038 1247 2079 uos
1264 2020 1319 2081 diu
1336 2020 1505 2102 pressisset,
1598 2075 1600 2097 ,

314 2116 518 2198 Bruusrigam
535 2118 683 2178 movimus
699 2116 853 2177 civitatem
873 2114 1004 2195 amplam
1020 2126 1051 2175 et
1065 2115 1226 2195 spetiosum
1241 2116 1352 2197 optime
1371 2116 1506 2178 circum-

311 2212 471 2275 vallatam:
493 2214 604 2275 dicitur
619 2213 684 2275 haec
700 2214 772 2275 urbs
789 2212 808 2273 t
829 2213 974 2273 Bruuoue
989 2212 1120 2291 quodum
1136 2213 1201 2294 ejus
1219 2214 1372 2274 conditore
1388 2234 1502 2274 uomen
1598 2277 1599 2284 χ

311 2308 430 2384 habere,
449 2318 655 2391 exstructaque
673 2329 735 2372 esse
752 2310 844 2370 Auno
857 2315 924 2391 post
945 2306 1099 2370 Christum
1114 2328 1204 2390 supra
1218 2309 1504 2393 octingentesimum

312 2406 496 2488 sexagesimo
516 2407 631 2487 primo;
654 2406 735 2467 circa
756 2405 810 2468 has
830 2415 927 2486 partes
950 2407 1025 2467 dues
1051 2409 1142 2488 prope
1162 2407 1342 2489 septimanas
1365 2417 1502 2469 nostram

311 2502 561 2563 contributiouem
579 2503 781 2583 pecuniariam
799 2503 1032 2584 expectavimus.
1074 2503 1278 2564 Inhumanum
1288 2501 1381 2584 :nobis
1394 2505 1503 2586 impri-

311 2597 369 2658 mis
391 2598 490 2659 risum
506 2607 560 2673 est,
578 2598 660 2680 quod
681 2619 751 2660 cum
769 2599 842 2659 Dux
862 2599 1055 2681 Brunsvigiae
1076 2608 1107 2660 et
1123 2599 1296 2683 Luneburgi
1313 2621 1415 2662 coram
1432 2604 1504 2664 istic

311 2696 437 2770 adesset,
452 2694 529 2755 nibil
546 2695 631 2756 nobis
645 2696 661 2755 e
675 2694 795 2756 civitate
809 2696 858 2757 vel
870 2697 902 2756 iu
918 2717 1060 2783 equorum
1075 2696 1123 2757 rel
1137 2695 1168 2756 iu
1186 2696 1341 2757 hominum
1354 2709 1502 2760 sustente-

311 2791 423 2853 tionem
436 2791 617 2854 dimitteret:
639 2791 692 2852 scd
705 2799 735 2852 st
754 2792 990 2854 Bruusviceuses
1004 2793 1108 2854 rustici
1127 2793 1249 2874 impune
1261 2803 1396 2855 nostrum
1409 2795 1503 2857 infes-

312 2891 416 2951 tabant
428 2889 565 2965 militem,
580 2897 610 2949 et
622 2888 648 2948 si
661 2907 736 2969 quos
752 2886 829 2950 solos
847 2889 1118 2971 deprehendebaut,
1137 2889 1244 2950 miseri
1261 2900 1356 2952 morte
1373 2893 1502 2954 mulcta·

312 2987 394 3061 baut,
415 2986 491 3047 sdeo
507 2994 542 3046 ut
558 3005 614 3046 neo
638 2984 709 3065 ipsis
726 2983 878 3045 officiariis
892 2994 1058 3066 parcerent,
1071 2984 1096 3046 si
1114 3005 1189 3066 quos
1207 2987 1292 3068 panis
1311 2987 1428 3067 aliquid
1447 3000 1503 3052 aut

311 3082 415 3144 farine
430 3081 470 3142 ed
482 3082 598 3143 rictum
611 3081 785 3142 necessarie
803 3081 973 3161 quaesivisse
985 3081 1158 3162 reperirent,
1173 3083 1254 3144 uude
1269 3083 1381 3145 factum
1395 3096 1452 3162 est,
1468 3098 1502 3148 ut
1600 3092 1601 3131 l

312 3179 328 3239 ὲ
341 3178 485 3240 militibus
498 3178 632 3260 plurimi,
647 3177 725 3240 fame
739 3187 769 3240 et
782 3176 915 3240 extremi
927 3178 1101 3241 necessitate
1114 3187 1249 3262 cogente,
1254 3180 1456 3264 diffugerent.
