3225 4700
458 349 897 418 ITINERARIUM.
1249 354 1270 418 9

85 513 152 565 aute
164 503 252 565 militi
267 503 297 565 iu
312 502 462 585 stipendia
479 513 673 588 negaverant,
686 505 835 586 simulque
852 503 1033 566 munitiones
1049 499 1196 585 urbesque
1208 504 1270 566 tor·

85 600 216 676 tissimus,
228 601 293 662 solo
303 621 375 663 auro
385 611 568 683 argentoque
579 601 736 662 instructas
746 601 811 662 siue
821 601 916 662 milite
924 600 1085 662 loedissime
1096 599 1268 660 destituere.

85 695 152 756 Dux
165 697 238 758 verb
253 697 393 759 Saxouite
407 716 476 758 curu
488 717 543 758 suo
556 697 689 758 exercitu
703 698 734 758 in
750 697 927 759 Bohemism
941 717 1064 758 movens
1080 697 1190 756 bonam
1203 697 1269 777 ejus

83 803 191 872 partem
209 813 281 855 cum
298 794 490 856 nobilissimis
510 794 631 855 urbibus
651 803 680 854 et
699 795 818 855 arcibus
838 793 943 868 Brixia,
966 791 1059 874 ligrd,
1079 791 1266 874 Elenbogen,

83 889 262 962 Brundusio,
277 891 399 972 ipsoque
413 889 568 952 Bohemias
589 890 686 970 capite
705 889 809 972 Pragd
826 890 991 953 victoriosis
1009 889 1100 950 umis
1117 890 1179 950 suis
1196 889 1267 950 sub·

77 984 157 1066 jecit.
190 986 264 1048 Fuit
275 987 333 1048 hoe
348 996 498 1048 tantorum
512 986 543 1047 in
558 986 725 1048 Germanii
738 986 942 1048 calamitatum
954 986 1084 1066 primum
1097 984 1265 1061 exordium,

81 1083 158 1160 quod
175 1103 213 1143 ex
231 1082 297 1144 sold
315 1103 469 1144 armorum
490 1082 726 1164 precipitatione
747 1079 861 1157 uatum,
883 1083 914 1143 iu
934 1082 1111 1144 staduimus
1133 1081 1266 1141 miserias
1328 1122 1332 1130 »

82 1179 217 1240 excrevit.
273 1178 307 1240 Si
329 1178 412 1240 euim
434 1178 598 1240 Caesariani
623 1188 786 1240 sustentare
809 1178 972 1266 voluisseut
993 1177 1142 1258 praelium,
1167 1178 1267 1257 quoad

81 1275 183 1337 Comes
196 1277 237 1338 de
256 1275 449 1338 Tieffeubacb
467 1285 498 1338 et
511 1275 668 1338 Generalis
684 1277 851 1358 Aldriuger
868 1285 994 1356 uterque
1009 1294 1079 1336 eum
1097 1274 1159 1334 suis
1172 1273 1267 1355 copiis

82 1373 258 1447 aceniam,
271 1372 345 1434 illuc
358 1393 405 1434 res
420 1372 545 1455 Imperii
563 1392 717 1453 uunquam
735 1373 967 1435 descendissent.
1010 1372 1073 1434 Sed
1089 1372 1134 1433 ita
1152 1379 1216 1432 erat
1232 1370 1270 1456 iu⁸

81 1468 153 1529 sutis.

117 1565 195 1627 Haec
207 1566 282 1628 duur
296 1567 335 1626 ad
347 1565 481 1647 Lipsiam
495 1574 626 1648 aguntur
635 1564 827 1627 'licffeubach
841 1565 948 1628 Silesii
964 1567 1084 1628 excedit
1102 1585 1156 1646 per
1170 1565 1265 1626 Lusa-

81 1661 158 1735 tiam,
167 1671 197 1722 et
210 1683 283 1724 cum
297 1663 389 1724 tribus
403 1662 536 1724 millibus
548 1661 725 1724 selectorum
736 1661 867 1723 militum
877 1672 1004 1745 occupat
1012 1662 1140 1736 Gdrlitz,
1152 1661 1263 1735 Sittau‚

83 1769 109 1818 et
127 1757 261 1819 Bautaen
280 1759 415 1820 civitates
434 1757 546 1819 Saxoui
564 1758 635 1819 duci
654 1757 812 1838 subjectos,
831 1756 1006 1838 fecissetque
1022 1757 1176 1819 ulteriores
1197 1777 1264 1837 pro-

81 1875 202 1934 gressus,
211 1855 270 1915 nisi
282 1853 430 1936 insperati
440 1853 532 1934 Tyllii
543 1853 628 1914 clade
639 1852 792 1934 perculsus
800 1853 881 1912 viam
894 1852 927 1913 iu
942 1852 1118 1914 Bohemism
1132 1853 1264 1934 relegere

81 1949 177 2012 fuisset
197 1961 329 2012 coactus.
382 1951 489 2031 Itaque
512 1969 582 2010 cum
606 1948 700 2029 copiis
728 1949 788 2008 suis
813 1949 1090 2030 equo-pedestribus
1115 1948 1264 2029 Lymbur·

83 2065 197 2125 gennem
207 2047 360 2107 civitatem
374 2046 552 2128 ingreditur.
595 2045 651 2106 Est
669 2044 879 2126 Lymburgum
897 2045 968 2105 urbs
982 2045 1105 2105 omuino
1117 2045 1263 2106 venustis·

84 2142 163 2215 sima,
177 2141 290 2223 duplici
306 2163 392 2204 muro
408 2142 517 2217 cincta,
531 2161 621 2221 quam
639 2141 873 2222 circumquaque
891 2141 980 2201 Albis
997 2141 1147 2203 allabitur.
1190 2141 1263 2202 Huc

84 2237 231 2300 saxonico
255 2240 350 2319 copiae
372 2239 475 2300 decem
496 2237 593 2299 millia
615 2236 744 2298 militum
767 2238 886 2318 magnis
908 2237 1044 2318 passibus
1065 2238 1263 2313 contendunt,

84 2333 300 2417 citerioremque
320 2335 408 2397 Albis
426 2335 522 2417 ripam
542 2334 684 2410 insident,
702 2355 737 2396 eo
755 2333 823 2395 loco
844 2354 905 2415 quo
921 2344 1012 2415 ponte
1028 2334 1129 2417 ligneo
1150 2333 1263 2395 fluvius

84 2430 255 2494 insternitur.
300 2431 450 2505 Quoniam
464 2452 536 2493 vero
551 2430 732 2492 Saxonicum
751 2432 915 2493 exercitum
929 2431 948 2492 d
962 2431 1134 2493 Caesariano
1147 2430 1261 2491 flumen

85 2526 235 2604 dividebat,
249 2528 362 2591 Comes
375 2530 413 2591 de
427 2527 619 2589 Tieffenbach
632 2528 746 2589 aditum
761 2527 861 2609 pontis
873 2528 1083 2608 occupandum
1097 2537 1189 2603 ratus,
1203 2546 1263 2607 quo

85 2622 155 2683 Saxo
166 2646 202 2686 ue
215 2626 246 2686 in
262 2625 435 2687 ulteriorem
448 2626 544 2705 ripam
558 2644 626 2685 suos
646 2633 825 2705 exponeret:
847 2624 940 2685 mittit
953 2624 1047 2705 igitur
1059 2644 1130 2683 cum
1143 2623 1262 2705 legione

86 2716 290 2798 Hybemorum
304 2722 472 2784 Dominum
487 2720 658 2793 Butlerum,
667 2721 720 2800 qui
733 2720 929 2782 tumultuario
939 2740 1027 2801 opere
1037 2718 1263 2801 propugnacula

85 2816 293 2900 turriculnsque
308 2818 482 2879 humiliores
495 2816 615 2879 excitat.
658 2815 749 2889 Quod
762 2817 835 2878 duur
849 2816 955 2877 vident
967 2816 1077 2889 hostes,
1089 2834 1178 2895 quam
1191 2834 1262 2875 mox

86 2914 190 2995 maguis
211 2915 429 2999 aggrediuntur
451 2914 560 2975 animis
583 2914 699 2975 dictam
725 2913 887 2995 legionem,
911 2914 966 2973 sed
992 2912 1073 2973 baud
1094 2912 1260 2973 minoribus

85 3010 264 3089 repelluntur.
309 3010 453 3071 Erexerat
470 3010 493 3071 J
495 3009 604 3071 acubus
619 3010 650 3069 iu
665 3009 762 3091 primo
775 3008 865 3090 hujus
879 3009 979 3090 pontis
992 3008 1076 3069 aditu
1090 3028 1260 3091 propugna-

86 3105 186 3183 culum,
199 3128 326 3189 parvum
344 3107 378 3169 id
395 3108 528 3187 quidem,
544 3108 597 3168 sed
612 3107 733 3189 egregie
749 3106 832 3167 omui
849 3104 958 3167 bellica
971 3114 1034 3166 arte
1052 3106 1213 3176 munitum,
1227 3105 1260 3167 iu

85 3202 156 3279 quod
168 3203 359 3267 subsidiarios
373 3204 528 3265 abdiderat
538 3202 699 3284 plusculos,
712 3222 787 3283 quos
800 3202 897 3263 vetuit
909 3199 1062 3283 subposui
1074 3202 1259 3284 capitisaute

87 3316 230 3361 exonerare
245 3300 364 3361 fistulas
381 3299 597 3375 tormentatum,
616 3319 706 3379 quam
722 3296 817 3359 bostis
834 3298 932 3359 curuis
947 3298 978 3357 iu
997 3298 1113 3360 dictum
1129 3320 1260 3381 propug-

86 3395 212 3457 naculum
222 3398 331 3458 enixus
343 3406 438 3458 esset:
453 3396 512 3457 huc
526 3397 601 3457 dum
616 3394 748 3457 Saxones
760 3393 855 3455 multo
866 3414 937 3455 euru
949 3395 1054 3456 ardore
1066 3406 1260 3468 concurrunt,

86 3488 123 3548 uil
140 3488 195 3552 tdle
216 3502 391 3565 metuentes,
412 3492 503 3554 semel
525 3491 692 3572 iterumque
713 3488 845 3551 maximd
865 3510 936 3551 curu
956 3489 1041 3551 clade
1064 3492 1258 3573 repelluntur.

88 3581 156 3654 Quia
167 3596 265 3650 umen
283 3590 410 3671 impetus
429 3588 606 3651 adversaria
620 3588 713 3670 pertis
731 3585 940 3662 invalescebat,
953 3587 1048 3648 coacti
1063 3597 1133 3648 sunt
1151 3586 1259 3648 Butle-

25 3670 27 3683 ’
88 3680 153 3743 risui
172 3684 286 3747 desertd
302 3684 428 3747 statione
448 3694 570 3766 pontem
588 3684 725 3759 trausim,
744 3702 834 3763 quem
855 3692 923 3765 post
942 3702 974 3745 se
993 3684 1109 3769 partin
1122 3682 1260 3747 demoliti

654 3800 672 3842 c
