3225 4700
300 306 362 372 184
697 305 1104 375 ITINERARIUM.

298 459 355 522 etsi
374 460 406 522 in
423 459 525 522 animo
541 459 634 523 fuerit
655 459 830 523 Hetafeldio
848 461 954 524 ulcisci
975 460 1007 524 in
1025 478 1154 541 eumque
1175 458 1267 520 finem
1288 477 1359 519 cum
1380 457 1514 538 aliquot

298 557 431 619 millibus
444 557 535 619 luerit
546 577 682 641 egressus
694 556 739 618 nil
752 567 852 619 tamen
867 557 991 639 perfecit
1000 578 1036 619 eo
1047 556 1127 637 quod
1141 554 1234 617 hostis
1241 555 1307 637 jam
1320 554 1417 616 multo
1427 563 1514 615 ante
1599 564 1603 634 l

298 654 337 715 de
351 674 405 715 suo
418 654 549 716 adventu
562 654 694 716 monitus
705 664 793 727 esset,
806 663 913 716 contra
925 674 1016 735 quem
1035 654 1126 716 etiam
1144 652 1288 734 postridie
1305 671 1454 734 egressus,
1470 659 1516 711 et
1598 688 1604 787 p

299 750 474 812 redeuntem
487 751 566 813 bona
578 750 694 813 itineris
706 759 792 833 parte
805 750 957 813 insecutus
974 770 1032 812 neo
1049 758 1149 812 tamen
1167 756 1336 811 essecutus:
1360 746 1513 809 Hatnt'el-

299 847 361 909 dici
375 866 446 909 vero
460 868 498 909 ne
511 848 635 909 omnino
646 847 735 909 vacui
748 848 874 910 domum
888 856 1070 909 reverterent
1082 844 1225 929 pauculos
1238 864 1329 926 equos
1338 844 1393 925 qui
1403 843 1513 925 pabu-
1604 840 1606 917 l

297 942 391 1005 latum
414 944 526 1026 egressi
550 942 671 1005 luerent
692 963 795 1006 seeum
819 943 1019 1005 abduxerunt.
1061 941 1206 1005 Feliciore
1227 961 1289 1003 non
1311 938 1408 1001 multo
1430 948 1511 1021 post

297 1039 398 1101 omine
411 1040 522 1123 egressi
535 1050 606 1103 sunt
620 1040 750 1114 Oroatae,
763 1041 817 1122 qui
830 1060 901 1103 cnm
916 1042 955 1103 de
967 1040 1124 1103 hostilibus
1140 1039 1235 1122 copiis
1254 1036 1511 1120 comprehendis-

298 1146 364 1198 sent
375 1135 535 1200 nonnullos
548 1137 581 1198 in
595 1157 646 1199 eos
661 1137 776 1219 impetu
788 1137 869 1200 facto
881 1146 1051 1199 mactarunt
1063 1136 1219 1219 plurimos,
1230 1144 1260 1197 et
1271 1136 1348 1196 inter
1362 1132 1510 1215 captivos

298 1252 351 1293 sex
364 1252 482 1313 quoque
496 1233 632 1315 equitum
648 1232 753 1295 Duces
766 1232 900 1315 aliosque
913 1233 1071 1315 primarios
1085 1232 1219 1314 Pragam
1233 1231 1438 1293 adduxerunt.

340 1329 431 1391 Circa
443 1329 509 1391 haee
522 1340 658 1411 tempora
665 1328 774 1390 Comes
784 1329 985 1391 Mansfeldins
1003 1329 1036 1391 in
1052 1328 1190 1391 Silesiam
1204 1349 1274 1390 eum
1287 1327 1415 1408 imperio
1429 1328 1507 1391 mit·
1600 1146 1607 1435 i

298 1424 382 1501 titur,
400 1425 454 1505 qni
475 1425 543 1487 istic
562 1424 684 1488 hostiles
704 1427 879 1489 retunderet
899 1426 1039 1508 impetus.
1081 1426 1190 1489 Comes
1207 1444 1280 1488 uero
1293 1424 1332 1487 de
1351 1424 1504 1487 Hatzfeld

298 1542 369 1583 cum
387 1520 520 1583 millibus
538 1522 672 1604 quinque
693 1523 826 1586 militum
844 1524 1024 1587 selectorum
1037 1523 1069 1585 in
1086 1522 1249 1585 Saxoniam
1264 1521 1369 1593 movit,
1383 1530 1419 1582 nt
1430 1542 1504 1582 snc-

299 1618 431 1680 cessibus
451 1618 608 1681 hostilibus
630 1620 838 1684 intercederet.
881 1620 951 1695 Quo
969 1621 1120 1683 intellecto
1138 1619 1314 1697 Banuirius,
1338 1620 1369 1681 iu
1392 1640 1503 1681 recens

298 1714 391 1776 lectas
413 1715 630 1797 Hungarorum
653 1717 754 1799 copias
773 1726 857 1779 extra
877 1716 995 1779 Moenia
1011 1726 1144 1799 egentes,
1163 1716 1317 1799 expedivit
1335 1736 1429 1791 arma,
1444 1718 1503 1779 sed

298 1810 420 1892 strophe
441 1811 473 1872 iu
495 1811 593 1874 hostes
614 1821 724 1876 retorta
744 1822 799 1889 est,
823 1834 893 1876 cum
917 1814 1000 1875 enim
1023 1813 1166 1896 Hungari
1186 1811 1302 1874 hostem
1325 1813 1501 1887 sensissent,

299 1908 493 1971 incinuerunt
504 1909 663 1971 classicum
676 1930 712 1971 ao
725 1911 874 1991 persecuti
887 1930 948 1971 non
962 1930 1085 1992 ραπαω
1099 1910 1260 1972 ediderunt
1272 1918 1413 1992 stragem.
1445 1910 1502 1971 In-

299 2003 453 2080 tellexerat
472 2003 530 2066 hoe
548 2014 684 2087 tempore
707 2006 747 2067 ad
772 2005 956 2068 Bannirium
977 2006 1074 2068 multe
1095 2014 1232 2069 comeatu
1256 2016 1363 2069 onusta
1385 2007 1502 2069 deduci
1606 2058 1607 2067 ,

298 2099 442 2182 plaustra,
457 2101 488 2162 in
501 2122 571 2182 quas
583 2102 649 2184 ipse
666 2102 813 2184 impetum
826 2102 948 2165 molitus
965 2112 1020 2165 est.
1061 2103 1141 2165 Tum
1158 2102 1202 2165 ita
1219 2102 1313 2165 nostri
1329 2103 1361 2163 in
1380 2101 1502 2165 hostem

299 2206 331 2257 et
342 2196 435 2258 hostis
447 2195 580 2259 vicissim
593 2198 626 2260 in
639 2208 756 2260 nosnos
768 2207 933 2281 grassatur,
943 2219 1025 2261 saeva
1037 2219 1157 2281 quoque
1170 2200 1262 2281 pestis
1273 2200 1373 2261 dirum
1386 2200 1419 2260 in
1435 2220 1502 2261 mo-

299 2292 373 2354 dum
388 2293 557 2377 Progenses
569 2295 710 2378 exagitat,
729 2295 772 2358 ita
785 2306 820 2359 ut
836 2295 931 2358 multa
948 2295 1045 2358 millia
1062 2305 1125 2358 tam
1143 2316 1180 2358 ex
1200 2295 1412 2360 Ecclesiastico
1429 2306 1502 2359 cetu
1605 2357 1607 2366 ,

300 2409 392 2469 quam
411 2391 537 2472 profana
552 2393 640 2454 turba
656 2401 812 2470 sterneret,
830 2414 866 2456 ao
884 2392 995 2455 indies
1011 2391 1144 2477 singulos
1157 2393 1323 2477 quingenta
1338 2393 1500 2456 hominum

300 2485 400 2568 capita
412 2487 572 2569 sepulturus
587 2488 760 2552 destinaret.
1607 2561 1608 2572 χ

341 2582 427 2644 Inter
438 2582 505 2644 base
516 2584 595 2645 seria
606 2584 735 2647 Viennae
749 2584 882 2648 Austriae
896 2586 1047 2668 agitantm
1060 2586 1194 2665 consilia,
1209 2587 1248 2650 de
1263 2585 1500 2650 Generalissimo

299 2678 508 2740 substituendo
520 2700 573 2741 seu
586 2679 782 2761 preficiendo
795 2683 975 2744 exercitibus
989 2683 1144 2760 Cessareis,
1159 2685 1256 2765 quiet
1272 2684 1434 2765 prudentie
1446 2703 1498 2745 ra·

299 2773 386 2851 leret,
407 2784 438 2837 et
458 2775 632 2838 auctoritate
653 2796 718 2838 rem
741 2775 882 2838 bellicam
906 2778 1130 2840 moderaretur:
1158 2779 1292 2842 delectus
1311 2788 1356 2842 est
1376 2779 1498 2860 utrique

300 2873 418 2934 muneri
439 2873 619 2954 peridoneus
641 2871 855 2936 Serenissimns
874 2874 1034 2936 Archidux
1052 2875 1223 2958 Leopoldns
1241 2875 1414 2938 Gulielmns
1431 2878 1499 2938 Au·

300 2970 464 3052 gustissimi
486 2970 681 3052 Imperatoris
698 2969 902 3032 Fannrnsnnr
923 2970 990 3034 111.
1034 2972 1139 3035 Frater
1155 2972 1327 3035 Germanus
1349 2972 1499 3054 Princeps

300 3068 439 3130 omnibus
460 3066 564 3151 gratiis
586 3066 762 3141 instructus,
779 3066 831 3128 hic
850 3066 976 3148 septimo
995 3068 1113 3130 decimo
1128 3067 1269 3132 Octobris
1286 3069 1498 3132 comitantibus

303 3162 460 3224 Bohemioe
478 3163 684 3244 optimatibus,
707 3162 833 3244 aliisque
853 3163 1026 3226 Germania
1048 3166 1220 3246 proceribus
1245 3165 1378 3248 Pregnm
1400 3166 1495 3242 venit,

301 3279 391 3340 quem
404 3259 561 3321 Generalis
575 3259 742 3332 Gallaecos,
755 3259 916 3321 militarem
934 3260 1142 3342 praefecturam
1160 3262 1251 3344 paulo
1267 3273 1334 3344 post
1346 3263 1497 3344 depositu-

301 3375 363 3427 rus,
377 3354 409 3415 in
424 3355 505 3416 Albo
518 3365 620 3417 monte
637 3355 720 3417 omni
737 3356 921 3418 exercituin
940 3357 1192 3420 ordinatissimam
1209 3360 1306 3422 aciem
1325 3359 1495 3436 distributo,
1605 3355 1608 3380 ⁴

300 3454 376 3515 sesto
393 3451 541 3534 majorum
563 3460 780 3514 tormentorum
795 3471 881 3529 sono,
900 3455 1147 3535 concrepantibus
1166 3456 1298 3519 militum
1317 3456 1496 3539 Catapultis,

301 3549 509 3629 concinneque
522 3549 704 3610 Tubieiuum
716 3549 1038 3632 Tympenistarumque
1052 3551 1196 3634 clangore
1209 3553 1317 3616 iterum
1328 3573 1364 3615 uc
1374 3554 1496 3614 tertium

301 3646 426 3729 repetito
439 3644 562 3708 militari
575 3645 637 3708 ritu
649 3644 776 3726 excepit.
820 3645 894 3708 Dici
907 3647 1013 3728 nequit
1026 3648 1147 3728 quantis
1160 3649 1280 3731 gaudiis
1299 3648 1396 3712 omnis
1409 3649 1496 3710 miles
