3225 4700
321 358 385 422 234
719 350 1109 417 lTINERARIUM.

325 518 565 591 comparuerunt.
608 508 739 571 Nomine
765 508 953 571 Sereuissimi
975 506 1129 588 Principis
1148 525 1184 567 uc
1208 503 1306 565 Ducis
1327 500 1518 583 Nsoburgici

327 607 478 668 Dominus
490 605 668 667 Francisous
680 604 771 667 Giese
785 606 824 665 de
837 603 1058 687 Simmeringen
1068 604 1143 664 dicti
1158 599 1346 664 serenissimi
1360 597 1518 677 Principis

327 702 535 778 Consilisrius,
550 701 692 763 Director
706 701 844 764 Cumuroe
857 708 888 761 et
900 720 1056 781 supremus
1069 699 1284 772 Cenosllnrius,
1299 717 1335 757 so
1350 694 1521 755 Praefectus

327 797 583 860 Burckeiniensis.
622 796 754 859 Nomine
774 795 963 857 serenissimi
979 795 1132 877 Principis
1144 815 1179 855 uo
1194 794 1292 854 Ducis
1312 789 1520 871 Lnneburgici

329 893 479 954 Dominus
500 893 616 955 Dootor
639 892 728 955 Bshn
751 892 947 955 serenissimo
968 890 1051 952 Duci
1071 889 1297 972 Luneburgensi
1318 897 1349 949 et
1367 886 1521 949 Brnusui-

329 989 410 1049 oensi
423 988 441 1049 l
452 990 572 1050 secretis
581 988 722 1050 consiliis.
764 987 898 1049 Nomine
911 987 1041 1048 civitatis
1050 986 1203 1048 Ulmensis
1214 984 1365 1046 Dominus
1374 982 1521 1044 Albertns

328 1083 457 1146 stumler
470 1106 626 1167 supremus
638 1085 662 1147 J
666 1084 753 1158 udex,
775 1072 934 1145 Dominus·
945 1081 1106 1165 Philippus
1125 1083 1262 1144 Androm
1284 1078 1436 1152 Friihliclr‚
1453 1078 1523 1137 Do-

328 1182 428 1242 minus
443 1181 558 1243 Doctor
572 1180 688 1242 Paulus
702 1178 873 1241 sohdrmer.
916 1177 1048 1239 Nomine
1070 1178 1201 1240 oiritutis
1221 1174 1394 1238 Bremensis
1410 1172 1523 1234 Domi-

327 1294 384 1337 nus
397 1277 421 1339 J
423 1296 533 1338 oannes
547 1276 739 1336 Gornemun:
760 1275 882 1335 nomine
894 1274 1025 1337 civitatis
1036 1272 1256 1355 Nordlingsnse
1271 1268 1423 1331 Dominus
1437 1266 1522 1328 Mel-

327 1372 411 1433 chior
426 1371 558 1442 walach,
574 1370 724 1431 Dominus
738 1370 855 1433 Dootor
867 1371 1069 1453 Wolfgsngus
1081 1371 1105 1433 J
1106 1370 1217 1431 ocobus
1232 1366 1338 1428 sotler.
1381 1364 1522 1426 Nomine

327 1468 456 1529 civitatis
475 1466 700 1529 Retisbonensie
715 1466 868 1528 Dominus
886 1466 910 1528 J
911 1486 1021 1528 ounues
1037 1465 1190 1548 Georgius
1209 1463 1347 1535 schem,
1362 1460 1521 1523 sindicus.

328 1562 461 1624 Nomine
481 1561 608 1624 Coronae
632 1562 762 1625 Gelliooe
786 1563 945 1625 Monsieur
965 1563 1004 1625 de
1028 1562 1140 1644 Hoppe
1162 1559 1392 1624 Commissurius
1415 1557 1521 1639 Regni

329 1657 508 1719 Galliarum.
898 1684 904 1693 ·
1308 1687 1312 1693 ·

368 1754 483 1826 Quarto
490 1753 514 1815 J
516 1753 571 1814 ulii
586 1753 706 1836 Legstis
717 1752 891 1815 Electorum
904 1774 941 1815 uo
954 1753 1134 1835 Principum
1145 1773 1230 1815 sucre
1244 1752 1375 1833 Lipssnu
1386 1757 1417 1811 et
1429 1769 1521 1809 ssnc-

326 1860 424 1911 torum
436 1869 512 1924 ossa,
526 1849 644 1930 slioqne
658 1848 797 1929 quaedsm
812 1848 1026 1930 redemptionis
1038 1859 1146 1911 nostrie
1161 1850 1368 1914 instrumenta,
1383 1845 1518 1907 nesciod

325 1962 387 2024 quo
407 1939 479 2003 olim
501 1941 621 2004 Caessre
644 1941 851 2027 Norimbergae
871 1946 904 2006 in
926 1946 958 2007 s.
981 1946 1097 2027 Spiritu
1117 1946 1262 2027 deposito,
1286 1955 1404 2005 ostenso
1429 1952 1520 2003 sunt:

326 2040 405 2101 inter
428 2038 487 2100 ulis
509 2038 574 2099 haec
594 2038 655 2101 fers
676 2058 745 2101 cum
764 2041 974 2123 plerorumque
992 2063 1109 2104 summu
1125 2042 1332 2111 admiratione,
1353 2038 1521 2099 multorum

327 2135 438 2198 eximis
452 2135 569 2216 pietatis
582 2134 801 2218 significatione
819 2138 1002 2199 visebantur.
1045 2140 1074 2199 I.
1096 2140 1216 2201 Lsnoes
1228 2158 1288 2219 qus
1300 2136 1422 2199 Christo
1435 2136 1458 2199 J
1460 2157 1520 2198 ssu

329 2232 525 2314 Redemptori
545 2242 647 2294 nostro
669 2242 889 2295 sacrosanctum
907 2233 985 2295 lutus
998 2234 1016 2297 i
1029 2234 1155 2317 longino
1170 2235 1322 2316 qnondam
1343 2232 1440 2294 fueret
1452 2253 1522 2313 per·

325 2328 455 2392 fossum:
489 2328 537 2390 11.
570 2328 619 2390 Ex
640 2337 768 2410 quatuor
788 2328 883 2392 oleris
904 2350 992 2408 unns,
1014 2350 1075 2413 quo
1093 2331 1232 2395 Christus
1253 2329 1395 2393 servator
1416 2339 1521 2391 noster

327 2427 412 2488 cruci
433 2427 505 2488 olim
529 2425 560 2486 in
587 2425 766 2508 Golgothoeo
786 2427 863 2488 oollo
884 2427 942 2490 fuit
962 2427 1079 2490 affixus.
1130 2429 1198 2491 ΙΙΙ.
1227 2427 1305 2489 Purs
1324 2445 1442 2506 meppie
1464 2445 1521 2488 seu

329 2522 420 2606 panni
433 2523 464 2583 in
476 2543 536 2603 qne
546 2521 684 2583 Christus
692 2523 947 2584 conviveturcum
958 2523 1173 2605 discipulorum
1181 2521 1366 2586 duodenario
1380 2521 1520 2583 ultimum

327 2639 443 2680 coenom
458 2619 630 2690 celebravit,
647 2639 795 2699 suumque
814 2639 923 2701 corpus
943 2621 975 2681 in
989 2621 1090 2682 cibum
1108 2621 1165 2681 sub
1179 2619 1264 2702 punis
1276 2618 1385 2701 specie,
1404 2630 1435 2681 st
1451 2641 1521 2682 sun·

327 2717 450 2800 guinem
465 2715 497 2776 in
512 2724 615 2797 potum
628 2716 683 2776 snb
697 2715 762 2775 viui
775 2714 876 2797 figure
890 2716 1035 2778 Ecclesiae
1050 2716 1131 2777 velut
1144 2716 1366 2797 Mnemosynon
1381 2717 1518 2798 reliquit.

327 2813 384 2874 IV.
406 2812 486 2874 Pers
499 2809 749 2873 incunabulorum
760 2831 813 2873 seu
826 2812 965 2893 presepii
977 2832 1038 2893 quo
1047 2813 1190 2894 purvulos
1201 2812 1375 2874 benedictus
1386 2814 1522 2875 Inteme-

328 2918 401 2971 rstm
414 2909 551 2992 Virginis
565 2907 671 2983 Filius,
686 2908 718 2968 in
732 2909 831 2990 primo
844 2929 899 2969 suo
919 2909 951 2969 in
964 2910 1112 2971 mundum
1125 2909 1262 2992 ingressu
1274 2909 1333 2970 fuit
1345 2911 1518 2972 reclinatus.

326 3006 367 3067 V.
389 3007 473 3069 Crux
487 3006 525 3068 de
539 3005 623 3087 ligno
637 3004 735 3065 crucis
752 3004 784 3066 in
797 3025 858 3086 quo
871 3025 966 3087 ugnus
980 3006 1241 3067 innocentissimus
1254 3006 1346 3068 totius
1358 3007 1438 3068 orbis
1450 3027 1521 3088 pec·

327 3111 394 3164 cetu
407 3102 474 3175 luit,
489 3101 683 3182 debitumque
700 3111 836 3162 nostrum
849 3121 904 3162 sus
915 3111 1011 3164 morte
1023 3111 1054 3163 st
1066 3103 1210 3185 sunguine
1224 3102 1323 3163 diluit.
1363 3103 1424 3165 VI.
1444 3104 1520 3165 Tres

327 3197 431 3259 onnuli
449 3197 536 3260 ferrei
558 3199 596 3260 de
617 3198 730 3258 ostonis
749 3195 804 3258 ss·
821 3197 1035 3279 Apostolorum
1050 3198 1137 3260 Petri
1150 3207 1180 3260 et
1195 3197 1296 3262 Psuli.
1336 3199 1417 3261 v11.
1438 3200 1519 3262 Psrs

326 3293 437 3354 tuuioae
460 3293 564 3355 dilecti
587 3293 730 3376 discipuli
750 3294 833 3357 Jsso
855 3294 994 3356 Josnnis.
1035 3295 1135 3356 v111.
1159 3295 1236 3356 Purs
1259 3296 1374 3357 bruchii
1396 3295 1518 3359 sunotae

326 3389 427 3450 Anum
437 3388 552 3452 Christi
565 3391 642 3451 avim
655 3410 774 3472 mugnus
789 3390 892 3450 matris
905 3389 1043 3472 Virginis
1056 3391 1159 3452 mutuis
1171 3391 1369 3473 dignissimus.

328 3485 340 3490 “
367 3483 480 3546 Merito
492 3485 618 3547 miretur
631 3485 739 3566 uliquis
752 3505 867 3547 ssorum
879 3486 957 3548 hunc
968 3487 1203 3569 suppellectilem
1213 3488 1292 3548 inter
1304 3487 1430 3550 Lutheri
1438 3507 1518 3549 usse-

326 3581 389 3643 clss
404 3589 465 3642 tom
484 3580 538 3643 diu
557 3581 648 3643 fuisse
668 3582 731 3644 sine
751 3581 827 3642 vitio
843 3592 1033 3658 summotum,
1048 3583 1179 3645 maxime
1192 3603 1261 3644 cnm
1275 3603 1376 3646 eorum
1390 3585 1521 3665 psendo-

324 3679 478 3760 pmphem,
492 3697 577 3744 suoru
589 3687 760 3740 sauctorum
770 3697 838 3740 osso
849 3679 925 3740 &ot
946 3679 1094 3760 ejusmodi
1112 3690 1267 3761 tantopere
1279 3681 1410 3742 execrari
1425 3680 1443 3742 d
1457 3681 1520 3741 suis

326 3775 461 3836 voluerit.
