3225 4700
323 343 387 407 aso
719 338 1119 408 lurnesianus.

325 504 390 555 tum
406 495 561 557 instituere
583 503 663 556 terra
682 493 819 573 marique
840 492 1008 567 mandavit,
1030 491 1174 573 omnique
1190 495 1310 559 conatu,
1331 494 1393 547 tam
1416 479 1537 564 apertis

325 591 438 672 rapinis
451 592 593 653 obsistere
608 591 709 673 jussit.
752 590 820 651 Nec
834 600 992 653 cunctatus
1006 590 1133 650 multum
1149 587 1277 659 Prorex,
1291 594 1417 663 accepto
1434 578 1537 659 Regis
1598 564 1601 711 p

327 688 470 771 Imperio,
491 698 526 750 ut
542 690 672 771 primum
687 689 810 750 domum
824 688 957 762 revertit,
976 698 1006 749 et
1019 698 1159 769 portuum
1174 686 1316 769 praesidia
1330 678 1493 764 duplicari
1508 688 1539 738 et

326 785 359 846 iu
372 786 497 847 rebelles
513 786 660 848 hostiliter
673 786 788 847 moveri
798 785 900 867 jussit.
932 784 1170 896 Comprehensos
1180 785 1218 845 de
1229 782 1384 844 rebellium
1398 794 1539 839 numero
1600 820 1601 827 ,

326 883 449 945 vicenos
465 884 594 954 circiter,
609 882 777 965 captivitati
793 882 922 957 addixit,
945 902 980 943 ac
1000 883 1032 943 in
1051 882 1125 945 alios
1143 882 1288 963 quosdam
1308 876 1540 961 pervicaciores
1600 838 1601 893 l

326 979 434 1060 capitis
446 980 625 1042 senteutiam
639 979 861 1061 pronunciavit
904 980 964 1041 His
978 980 1184 1061 nequidquam
1196 978 1292 1040 territi
1309 975 1402 1045 Scoti,
1416 982 1538 1055 quarto
1600 996 1601 1063 p

327 1075 446 1137 decimo
455 1076 639 1158 Septembris
653 1096 724 1136 anns
715 1074 886 1137 millesimi
900 1076 1106 1137 sexcentesimi
1120 1075 1352 1159 quadragesimi,
1367 1081 1537 1154 postquam
1600 1064 1601 1135 l

328 1192 520 1235 communem
530 1171 801 1254 comprecationem
813 1172 1000 1245 indixissent,
1015 1194 1077 1233 non
1090 1173 1196 1255 procul
1207 1170 1339 1235 Castello
1352 1171 1443 1231 Novo
1457 1186 1535 1229 cnm

328 1270 461 1331 exercitu
482 1278 725 1350 comparuerunt,
740 1289 776 1330 ac
795 1290 849 1351 per
866 1269 981 1331 flumen
997 1271 1156 1331 transitum
1167 1270 1263 1331 moliti
1286 1279 1368 1329 sunt.
1409 1266 1537 1335 Quibus

329 1367 471 1429 obstitum
485 1367 568 1427 missi
581 1367 642 1427 duo
657 1366 792 1445 equitum
806 1366 979 1448 Anglorum
994 1366 1099 1442 millia,
1118 1367 1171 1447 qui
1187 1388 1225 1427 ex
1245 1364 1408 1446 improviso
1429 1362 1536 1422 hostes

329 1464 438 1533 adorti,
450 1461 597 1543 plurimos
609 1462 875 1524 contrucidarunt:
898 1463 972 1523 dum
986 1464 1058 1524 verb
1073 1463 1211 1546 fugitivis
1229 1462 1371 1523 insistunt
1388 1460 1503 1529 acrius,
1515 1476 1538 1515 a

331 1560 490 1622 Scotomm
504 1560 659 1621 tormentis
671 1558 798 1632 bellicis,
806 1568 890 1621 certo
901 1559 970 1621 loco
982 1562 1147 1641 opportune
1161 1559 1324 1642 dispositis,
1338 1554 1535 1619 acerbissime

330 1656 455 1739 accepti,
478 1676 539 1717 non
561 1657 712 1718 modicam
731 1656 848 1717 cladem
863 1665 894 1717 et
913 1657 971 1737 ipsi
989 1658 1132 1733 tulerunt,
1150 1678 1187 1719 ac
1210 1667 1290 1718 retro
1311 1656 1418 1716 cedere
1431 1650 1535 1714 coacti
1600 1678 1601 1683 ¹

331 1766 411 1815 sunt.
453 1752 575 1814 Dehinc
591 1753 675 1816 Scoti
689 1753 814 1814 Novum
822 1752 988 1815 Castellum
1002 1756 1229 1838 aggrediuntur,
1241 1772 1298 1813 neo
1311 1752 1407 1811 multo
1420 1747 1536 1810 laboris
1600 1746 1601 1759 ¹

332 1849 486 1930 impendio
499 1859 667 1931 occupant:
688 1870 724 1911 ac
737 1870 809 1911 mox
823 1871 876 1931 per
892 1850 1028 1913 Scoticos
1042 1852 1126 1913 verbi
1140 1852 1292 1912 ministros
1307 1848 1483 1910 concionem
1500 1846 1534 1904 in

330 1958 458 2030 quatuor
471 1948 621 2028 primariis
634 1946 754 2028 templis
767 1956 945 2021 convocant,
959 1958 990 2009 et
1001 1948 1161 2030 justissimi
1177 1948 1250 2009 belli
1267 1966 1372 2009 causas
1390 1942 1535 2026 speciosis

330 2046 516 2127 argumentis
533 2054 704 2125 arpennum
725 2045 778 2124 qui
797 2044 946 2126 imprimis
961 2046 979 2106 e
997 2045 1083 2126 plebe
1102 2044 1315 2128 benignissime
1336 2042 1433 2105 auditi
1448 2050 1533 2101 sunt.

333 2144 519 2224 Repererant
537 2142 622 2203 Secti
640 2142 672 2201 in
690 2141 822 2203 Castello
848 2142 938 2202 Novo
958 2143 998 2203 ad
1019 2144 1172 2225 octoginta
1191 2142 1298 2222 partim
1319 2159 1405 2202 aenea
1421 2138 1535 2219 partim

331 2240 429 2301 ferrea
441 2249 589 2300 tormenta
600 2238 719 2308 bellica,
730 2238 792 2299 une
805 2258 875 2299 cum
889 2239 1001 2299 eximio
1015 2256 1158 2321 apparatu
1173 2239 1281 2300 bellico
1293 2248 1324 2299 et
1336 2247 1460 2299 eentum
1475 2236 1536 2296 cir·
1600 2224 1601 2267 3

332 2336 408 2398 citer
421 2335 559 2398 navibus.

372 2434 495 2516 Agebat
514 2441 589 2494 tunc
611 2432 687 2492 forte
700 2431 874 2515 Auglorum
898 2453 950 2493 rex
963 2431 1084 2493 Jorchii
1102 2432 1269 2494 delectibus
1292 2430 1422 2491 militnm
1441 2449 1535 2490 occu·
1600 2479 1601 2488 2

333 2539 431 2612 patus,
443 2533 633 2610 jusseratquc
653 2528 727 2591 illuc
746 2529 869 2590 aliunde
886 2529 997 2592 advehi
1010 2530 1229 2612 quinquaginta
1245 2527 1368 2590 omuino
1384 2537 1536 2588 tormenta

336 2647 431 2691 aenea.

374 2722 456 2786 Cum
468 2742 538 2784 ecce
551 2723 701 2783 accedunt
712 2722 817 2804 legati
832 2723 1080 2796 londinensium,
1094 2734 1124 2784 et
1137 2723 1312 2806 gravamina
1325 2741 1389 2795 sua,
1400 2719 1418 2782 b
1428 2720 1536 2802 praeci-

335 2841 464 2903 puorum
475 2819 588 2881 civium
601 2820 829 2900 subscriptione,
842 2833 871 2882 et
884 2821 1111 2904 consignatione
1125 2821 1272 2894 roborata,
1285 2819 1366 2901 Regi
1380 2817 1535 2879 exhibent.

337 2918 429 2991 Quod
445 2919 543 2998 ipsum
558 2925 588 2976 et
601 2917 694 2990 Secti,
710 2917 904 2997 quantumvis
917 2917 1043 2978 sollicite
1056 2918 1221 2978 muniendo
1236 2917 1325 2978 Novo
1338 2915 1471 2978 Castello
1485 2935 1537 2975 oc·

337 3023 530 3096 cuperentur,
539 3014 645 3076 eodem
658 3033 751 3095 prope
761 3024 894 3094 ternpore
908 3014 1033 3074 faciunt.
1075 3015 1125 3075 Ac
1139 3014 1237 3096 primb
1251 3014 1376 3094 quidem
1390 3013 1538 3095 rogabunt

338 3111 456 3193 Regem
469 3110 665 3191 pro'antiquis
674 3109 852 3192 privilegiis,
864 3119 893 3172 et
903 3111 1154 3186 immunitatibus,
1169 3111 1286 3193 gratiis,
1300 3121 1330 3172 et
1337 3111 1460 3193 juribus
1474 3120 1536 3170 tam

337 3208 470 3288 politicis
487 3207 579 3287 quem
600 3206 809 3269 ecclesiasticis
830 3227 891 3268 nou
909 3211 1028 3268 tantem
1049 3229 1103 3269 suo
1119 3208 1218 3290 vigori
1240 3207 1457 3288 relinquendis,
1483 3205 1537 3266 sed

337 3304 432 3369 etiam
441 3323 521 3364 novo
535 3303 698 3384 diplomate
712 3303 938 3378 confirmandis,
950 3305 1030 3366 nolle
1040 3305 1121 3365 enim
1136 3325 1167 3366 se
1181 3305 1376 3385 imposterum
1389 3303 1538 3386 guberna·

339 3401 452 3464 tionem
466 3400 701 3462 ecclesiasticam
712 3420 803 3481 penes
817 3400 973 3482 episcopos
981 3421 1055 3476 esse,
1065 3402 1119 3462 sed
1133 3401 1172 3463 sd
1188 3400 1395 3482 Presbyteros,
1409 3400 1469 3462 hoc
1482 3409 1536 3474 est,

339 3499 471 3562 seniores
483 3495 597 3578 populi,
609 3495 773 3570 transferri,
787 3517 824 3558 eo
837 3497 962 3558 omnino
975 3499 1074 3572 modo,
1090 3519 1150 3579 quo
1162 3497 1234 3559 olim
1245 3498 1412 3579 imperante
1420 3497 1539 3558 Jacobo

340 3597 399 3659 lv.
414 3595 501 3678 Rege
520 3594 664 3657 usitatum
682 3594 796 3656 fnisset.
839 3594 961 3656 Deinde
982 3597 1121 3676 petebant
1138 3617 1191 3676 per
1213 3596 1380 3677 praecipuas
1403 3594 1540 3656 universi

341 3694 426 3777 regni
440 3694 530 3754 urbes
542 3691 706 3754 disasteria
716 3690 844 3766 institui,
859 3690 891 3752 iu
910 3692 1021 3773 quibus
1033 3693 1086 3774 jus
1099 3693 1160 3755 dici
1175 3693 1285 3774 cuique
1298 3701 1408 3772 posset,
1426 3701 1458 3753 et
1470 3690 1556 3866 liteq

1573 3886 1596 3944 ”s
