3225 4700
805 458 821 474 ο
1839 440 1871 468 δ-

767 483 808 532 t
908 515 915 516 f
1114 481 1173 563 k
1482 455 1540 561 ff
1637 474 1906 579 ’ῧᾞε
2122 450 2276 556 ηῇῑ
2546 472 2701 579 ip
3038 465 3084 514 ³

1489 796 1868 873 CAPUT
1940 794 2240 871 XLVI.

735 980 969 1046 Felicia
997 978 1275 1065 auspicia
1310 973 1692 1043 serenissimi
1721 974 2093 1041 Archiduris
2124 971 2423 1059 Leopoldi
2457 969 2823 1039 Gulielmi
2856 981 3099 1034 contra

1724 1077 1971 1143 Succos.

909 1309 981 1401 r}
1027 1305 1047 1382 -J
1127 1365 1179 1429 ,ἐξ
1251 1338 1338 1399 nil
1382 1337 1578 1419 potius
1619 1336 1853 1398 curavit
1896 1334 2316 1397 Serenissimus
2358 1333 2717 1396 Archidux
2769 1334 3130 1415 Laopoldus

946 1450 959 1466 ‘
975 1454 1031 1502 ῃ,
1111 1417 1187 1510 ἢ·
1254 1434 1617 1508 Gulielmus,
1649 1431 2147 1494 Generalissimus
2176 1430 2747 1511 Imperatoriarum
2773 1431 3118 1513 copiarum,

879 1580 882 1588 ,
922 1534 946 1610 ᾗ
987 1594 995 1606 J
1045 1540 1047 1542 ’
1171 1566 1191 1606 ·,
1253 1548 1433 1610 quam
1471 1538 1542 1590 ut
1580 1529 1785 1588 omnia
1821 1528 1980 1587 recte
2014 1524 2094 1586 ad
2133 1525 2247 1585 iter
2282 1524 2808 1605 disponerentur,
2848 1544 2934 1585 ne
2970 1524 3119 1604 quid

759 1679 761 1681 ,
870 1674 873 1678 .
1047 1654 1055 1670 1
1107 1626 1143 1662 -1
1179 1617 1199 1662 Γ
1253 1623 1405 1685 foret
1429 1625 1669 1705 quando
1695 1623 1920 1684 hostem
1953 1622 2237 1702 impetere
2268 1620 2697 1681 necessarium
2728 1629 2921 1695 esset,
2953 1619 3114 1700 quod

685 1738 914 1780 moram
935 1719 1149 1780 nostris
1170 1719 1460 1781 militibus
1477 1720 1770 1800 injiceret,
1791 1738 1895 1779 seu
1914 1717 2239 1799 pugnando
2257 1736 2360 1777 seu
2381 1715 2630 1777 hostem
2651 1716 3110 1797 persequendo.

688 1815 896 1895 anue
922 1823 1161 1895 propter
1184 1835 1324 1877 cum
1353 1816 1644 1876 Ductores
1669 1813 1961 1875 exercitus
1993 1812 2284 1893 imprimis
2315 1812 2608 1874 viderent
2641 1832 2852 1893 aquas
2887 1811 3108 1893 trajici·

686 1910 872 1973 endas
897 1910 1149 1972 subinde
1177 1910 1324 1982 fore,
1352 1931 1428 1972 ne
1454 1930 1576 1991 qua
1599 1910 1843 1991 navigia
1867 1919 2200 1991 opportuno
2226 1908 2358 1969 loco
2379 1916 2439 1971 et
2463 1917 2763 1989 tempore
2784 1907 3100 1981 deflerent,

687 2014 1127 2087 suggesserunt,
1159 2015 1226 2067 ut
1250 2005 1454 2067 multae
1481 2005 1721 2067 levioris
1747 2006 1943 2086 operis
1968 2006 2202 2085 cymbae
2229 2013 2615 2085 pararentur,
2648 2025 2803 2087 quae
2829 2004 3100 2066 curribus

686 2100 944 2182 injectoe‚
978 2121 1120 2161 cum
1155 2100 1272 2161 alia
1306 2100 1637 2161 munitione
1670 2100 1995 2161 exercitum
2022 2119 2264 2180 quoquo
2290 2100 2404 2161 iret
2431 2110 2875 2179 sequerentur,
2905 2108 3095 2160 nautoe
3176 2037 3178 2155 l

688 2216 924 2277 quoque
966 2195 1141 2276 periti
1175 2194 1406 2278 scaphis
1441 2196 1538 2277 adj
1549 2196 1713 2256 uncti
1746 2204 1904 2270 sunt,
1941 2215 2195 2275 quorum
2237 2215 2418 2276 opera
2444 2197 2554 2257 ubi
2585 2216 2746 2257 usus
2768 2196 2930 2257 foret
2952 2202 3095 2256 esset

688 2302 963 2374 prompta
989 2300 1049 2354 et
1073 2293 1386 2374 expedita:
1432 2313 1579 2375 pons
1603 2311 1842 2374 quoque
1870 2312 1988 2354 non
2016 2292 2214 2354 minus
2238 2292 2479 2375 elegans
2505 2313 2710 2374 quam
2730 2292 3088 2356 artificiosus
3177 2314 3178 2330 ³

689 2407 835 2450 cura
858 2387 1058 2449 fabrili
1090 2389 1385 2469 perfectus
1411 2400 1498 2450 est
1522 2409 1698 2470 opere
1724 2398 1786 2450 et
1812 2388 2067 2452 artificio
2090 2408 2231 2450 sane
2258 2410 2575 2471 nunquam
2616 2399 2769 2452 ante
2803 2389 2921 2451 hoc
2948 2388 3082 2460 viso,
3177 2340 3181 2479 l

691 2505 810 2565 quo
834 2483 1056 2545 flumen
1085 2484 1280 2545 subito
1300 2483 1484 2546 sterni
1504 2493 1718 2566 posset,
1740 2485 1791 2546 si
1812 2486 2053 2566 quando
2068 2486 2366 2566 equitatus
2385 2494 2544 2546 esset
2562 2485 3081 2557 transmittendus,
3179 2485 3180 2513 ¹

689 2600 834 2642 saxa
871 2580 1050 2641 etiam
1094 2578 1383 2661 ingentia,
1426 2601 1564 2642 cum
1613 2581 1816 2642 ferreis
1854 2580 2013 2642 ansis
2051 2581 2251 2641 navali
2294 2581 2668 2664 supellectili
2711 2579 3076 2663 adjacebant,

691 2695 826 2755 quae
854 2677 912 2735 in
943 2674 1178 2737 defectu
1201 2674 1595 2736 anchorarum
1620 2676 1781 2737 vices
1806 2675 2087 2738 subirent.
2170 2677 2327 2738 Haec
2352 2676 2564 2738 omnia
2588 2687 2654 2739 et
2677 2678 2732 2738 si
2760 2674 3074 2737 multorum

690 2781 1034 2853 sumptuum
1060 2781 1276 2846 essent,
1304 2772 1663 2851 perexiguus
1688 2781 1882 2832 tamen
1912 2772 2289 2851 postmodum
2313 2792 2517 2833 eorum
2553 2773 2680 2834 fuit
2704 2792 2871 2834 usus.

775 2867 957 2929 Sexto
984 2866 1217 2930 decimo
1246 2865 1513 2927 Ianuarii
1543 2865 1835 2928 Proceres
1859 2866 2129 2927 omnium
2158 2866 2466 2929 Bohemiae
2495 2869 2796 2930 ordinum
2826 2862 3070 2929 Comitia

693 2961 1039 3024 indixerunt
1075 2963 1138 3023 in
1180 2961 1318 3024 aula
1355 2961 1522 3043 regia
1556 2961 1875 3045 Pragensi,
1916 2962 1982 3023 in
2008 2963 2222 3044 quibus
2248 2964 2717 3044 disquirendum
2746 2973 2894 3033 erat,
2921 2958 3063 3021 unde

692 3066 857 3120 tanto
881 3057 1062 3121 militi
1087 3077 1181 3120 res
1208 3057 1554 3119 necessarias
1580 3057 1662 3118 ad
1686 3057 1800 3147 iter
1825 3058 2099 3139 petendae
2124 3069 2338 3134 essent,
2377 3059 2629 3140 quidve,
2669 3068 2959 3140 quantum
2989 3051 3058 3112 ad

693 3173 1005 3235 personam
1034 3152 1409 3215 Serenissimi
1437 3152 1826 3229 Archiducis,
1853 3154 2343 3234 procurandum?
2384 3155 2506 3217 His
2534 3154 2841 3220 conclusis
2872 3151 3060 3213 ultimo

693 3247 937 3309 demum
978 3248 1248 3310 Ianuarii
1281 3248 1380 3310 die
1416 3269 1523 3331 per
1556 3248 1752 3311 varias
1793 3249 2071 3331 ambages
2110 3249 2317 3332 Praga
2342 3250 2825 3334 Guttenbergam
2850 3246 3053 3329 optimo

695 3343 903 3404 ordine
930 3343 1045 3405 iter
1070 3343 1407 3408 institutum
1435 3354 1562 3407 est:
1605 3345 1767 3406 unde
1795 3355 2022 3406 turmas
2044 3345 2343 3427 plusculas
2376 3348 2714 3411 emissarius
2751 3349 2813 3409 in
2838 3346 3045 3406 hostem

693 3438 991 3520 proficisci
1031 3440 1334 3522 praecepit,
1373 3459 1508 3521 quoe
1548 3460 1668 3501 non
1709 3439 2053 3521 poenitendo
2079 3441 2300 3504 damno
2340 3444 2505 3506 illato
2541 3447 2862 3508 redierunt.
2940 3437 3044 3500 His

695 3534 976 3617 auspiciis
1000 3533 1254 3598 laetiores
1278 3556 1351 3598 ac
1377 3534 1758 3597 animosiores
1785 3535 2005 3597 milites
2030 3537 2264 3618 reliqui,
2292 3539 2369 3600 ab
2400 3541 2843 3606 excursionibus
2874 3534 3043 3599 conti·

695 3631 833 3693 uuis
857 3630 1047 3693 arceri
1072 3631 1176 3692 vix
1202 3639 1537 3713 potuerunt.
