3225 4700
328 328 393 392 374
734 330 758 396 Ι
763 329 1051 401 TINERARI
1059 329 1143 398 ΠΜ.

328 480 447 544 saniora
457 480 583 545 consilia
596 481 742 548 cohortati
752 496 832 550 suut
874 486 1001 549 videret
1008 485 1101 546 etism
1116 493 1207 564 etque
1220 483 1310 545 etiam
1323 483 1402 564 quid
1415 496 1534 565 egeret,

329 579 395 661 etin
403 575 1062 664 quantaeeecalamitatesenimreetcorporis
1071 581 1254 664 precipitem
1264 592 1378 664 ageret.
1416 581 1534 644 Memi-

331 674 424 738 nisset
442 675 551 756 prioris
566 676 638 738 vitta
656 677 838 742 Christiane
856 679 1060 742 laudatissima
1073 679 1160 740 initia
1177 689 1208 740 et
1223 699 1406 761 progressus,
1427 699 1534 742 mcor-

329 771 451 834 daretur
463 793 557 838 sacre
579 793 725 853 synaxeos
741 795 834 856 quam
854 776 953 858 pridie
970 795 1080 858 magno
1098 776 1193 838 animi
1210 777 1328 852 ardore,
1348 777 1388 838 ad
1407 776 1532 838 felicem

328 867 444 930 exitum
458 868 897 953 exbacvitaeedispoeiturus,
909 883 1087 953 susceperat.
1128 871 1191 934 Sed
1203 871 1417 936 eardofabula.
1459 873 1532 954 Ipse

329 964 409 1026 enim
422 965 526 1029 animo
544 967 693 1034 obstinato
711 978 743 1032 et
759 969 840 1033 traci
854 989 926 1033 voce
948 968 1122 1050 pernegavit
1134 989 1166 1030 se
1186 969 1354 1050 quidquam
1369 969 1450 1030 sacri
1464 989 1531 1050 per-

327 1060 452 1141 cepisse,
467 1082 537 1123 eam
552 1063 643 1140 enim,
659 1065 712 1144 qui
725 1075 880 1145 porrectus
890 1065 1004 1135 fuisset,
1019 1063 1121 1125 bolum
1136 1065 1304 1148 regessieee,
1319 1075 1350 1126 et
1362 1064 1531 1147 strophiolo

327 1169 487 1240 exceptum
503 1159 534 1219 in
555 1158 697 1222 latrinam
715 1181 800 1222 suam
820 1161 973 1243 dejecisse,
994 1161 1062 1224 istie
1082 1173 1263 1241 qnaererent,
1280 1183 1312 1224 se
1329 1174 1449 1222 certum
1465 1183 1529 1222 csse

326 1254 396 1316 istic
409 1256 500 1316 etiam
519 1276 600 1318 nunc
619 1267 796 1337 reperturos.
835 1253 863 1318 0
881 1252 1056 1336 plusquam
1077 1255 1234 1318 burburam
1250 1255 1382 1316 hominis
1396 1276 1459 1318 non
1474 1255 1529 1316 ho·

327 1352 418 1413 minis
435 1351 639 1433 impietatem!
660 1355 864 1414 dmonstrum
882 1351 1023 1414 omnibus
1038 1341 1116 1414 diris
1136 1351 1366 1414 devovenduml
1388 1353 1460 1432 quis
1479 1351 1529 1412 luo

326 1449 539 1530 substringeret
558 1449 656 1512 iram?
677 1451 746 1530 quis
762 1450 859 1512 furori
875 1456 1028 1530 parceret!
1057 1460 1213 1510 senserunt
1230 1448 1311 1510 certe
1331 1458 1450 1510 tantam
1471 1461 1529 1510 trc-

327 1545 443 1606 mendis
464 1545 650 1608 Sanatissimi
663 1546 852 1608 Sacramenti
870 1546 1020 1627 mysteriis
1036 1546 1197 1628 irrogatam
1212 1545 1422 1627 ignominiam,
1438 1558 1528 1626 quot-

326 1651 401 1722 quot
422 1642 562 1722 bipedum
582 1644 870 1725 quadrupedumque
893 1642 1137 1706 scelestissimum
1159 1651 1323 1725 apostatam
1350 1643 1525 1716 audierunt,

326 1747 415 1816 atque
432 1738 505 1818 agre
528 1746 692 1818 temperare
721 1751 948 1821 potueruntne
969 1741 1000 1801 in
1021 1739 1235 1800 minutissimas
1254 1749 1352 1820 partes
1372 1739 1452 1800 inter
1473 1739 1527 1800 lic-

325 1843 425 1896 torum
449 1854 555 1894 manns
579 1834 793 1899 convellerent.
835 1836 928 1898 Multi
949 1836 1073 1897 amnino
1099 1835 1251 1917 propalam
1276 1855 1469 1898 communem
1492 1837 1525 1897 in

325 1930 348 1991 J
351 1930 452 1992 udoeoe
468 1931 647 1994 sententiam
664 1931 816 2008 dixerunt,
836 1934 982 2016 ejusmodi
997 1933 1113 1994 scilicet
1125 1932 1246 1994 inutilia
1259 1933 1390 2012 pondera
1405 1935 1527 2015 penitus

325 2026 367 2087 ita
383 2028 618 2102 exterminanda,
633 2039 668 2089 ut
683 2049 721 2090 ne
734 2025 894 2108 vestigium
912 2033 1088 2098 remaneret,
1103 2024 1165 2084 ime
1182 2025 1309 2106 pedibus
1329 2026 1527 2106 proterendos

325 2143 361 2183 ac
374 2123 510 2204 stirpitus
527 2123 732 2185 excindendae
751 2143 827 2184 esse.
869 2119 1169 2202 Feunaturjnterea
1180 2121 1217 2181 sb
1236 2120 1273 2180 iis
1289 2141 1417 2202 quorum
1432 2122 1526 2183 inter·

323 2232 387 2283 erat
398 2219 552 2302 explorare
566 2223 609 2282 rei
623 2222 790 2294 veritatem,
803 2239 895 2300 quam
909 2218 947 2279 de
962 2217 1018 2278 SS.
1036 2216 1231 2280 Sacramento
1242 2217 1442 2280 Eucharistiae
1455 2241 1527 2302 pro·

323 2317 440 2380 locutus
459 2318 557 2380 fuerat
575 2317 720 2395 lavernio,
738 2317 779 2379 ad
796 2335 943 2387 carceres,
960 2327 990 2377 et
1008 2335 1079 2377 cum
1099 2335 1217 2377 summa
1238 2315 1331 2378 auimi
1351 2327 1526 2379 consterna-

323 2416 405 2477 tione
425 2416 579 2496 reperiunt
596 2436 712 2477 sacram
732 2413 861 2477 hostiam
882 2412 984 2473 eodem
1005 2411 1071 2473 loco
1091 2422 1121 2473 et
1141 2413 1232 2475 modo
1249 2413 1341 2493 impie
1361 2414 1523 2495 dejectam.

325 2512 417 2584 Quod
440 2512 490 2573 ubi
507 2513 718 2594 augustissimo
741 2510 856 2573 Caesari
880 2509 1012 2571 innotuit
1034 2509 1211 2592 gravissime
1232 2521 1265 2573 ut
1282 2510 1396 2584 debuit,
1418 2513 1522 2587 sensit,

324 2618 437 2669 etcum
452 2608 483 2668 in
499 2618 638 2690 promptu
655 2628 717 2669 non
735 2617 820 2681 esset,
837 2606 919 2687 quod
938 2606 969 2668 iu
990 2616 1050 2667 tarn
1070 2606 1227 2688 inopinato
1243 2627 1314 2669 casu
1330 2619 1523 2681 statueretur,

322 2706 362 2767 ad
375 2704 491 2785 aliquot
507 2705 573 2767 dies
582 2704 676 2766 dilata
688 2717 733 2767 est
746 2704 905 2777 sententia,
919 2704 1038 2765 interim
1054 2703 1094 2765 ad
1107 2704 1229 2767 uincula
1245 2706 1459 2768 custodiendus
1475 2728 1523 2767 re-

323 2802 446 2863 ducitur
459 2822 538 2863 reue.
579 2800 750 2882 complices
761 2800 832 2863 verb
843 2800 915 2863 furti
925 2800 1117 2863 constitutam
1132 2822 1252 2882 poenam
1263 2803 1389 2864 subiere.
1433 2804 1522 2867 Nou·

323 2899 395 2960 dum
410 2897 559 2980 supplicio
572 2898 673 2959 affecti
686 2906 771 2960 eraut
785 2897 839 2971 rei,
851 2917 920 2958 cum
935 2896 1039 2978 magui
1052 2897 1082 2957 iu
1094 2898 1183 2957 turba
1196 2898 1318 2959 excitati
1328 2910 1399 2961 sunt
1409 2913 1518 2977 motus,

323 2995 489 3077 indignitas
509 2996 590 3057 enim
607 2994 662 3067 roi,
682 3015 773 3075 quam
793 3015 830 3057 ex
852 2994 917 3075 ipso
937 2992 1084 3076 sacrilego
1105 2995 1264 3056 audierant
1282 2996 1518 3065 circumstantes,

321 3092 421 3153 variae
440 3092 554 3173 peperit
575 3092 607 3153 in
625 3091 736 3153 animis
755 3090 996 3153 Christianorum
1017 3090 1222 3172 cogitationes,
1248 3113 1324 3173 quas
1347 3093 1422 3155 dum
1444 3093 1518 3157 alter

322 3188 408 3251 alteri
433 3188 538 3270 aperit,
566 3188 723 3252 suscitavit
753 3186 1004 3269 indignationem,
1032 3189 1181 3251 manifesti
1212 3190 1358 3251 tumultus
1384 3210 1516 3253 caumm.

322 3284 521 3347 concurritur
537 3286 636 3365 itaque
652 3285 817 3357 turmatim,
838 3294 868 3345 et
885 3282 967 3343 obvii
983 3282 1096 3363 quique
1111 3284 1149 3345 de
1167 3285 1189 3346 J
1193 3286 1288 3347 udaeie
1301 3286 1340 3347 ad
1354 3287 1476 3349 verbera
1490 3301 1518 3350 st

321 3381 447 3445 vulnera
460 3382 628 3463 rapiuntur,
647 3392 735 3443 terrae
753 3380 943 3464 affligantur,
961 3380 1125 3441 saevissime
1143 3382 1370 3443 diverberantur
1385 3395 1415 3445 et
1430 3386 1516 3445 semi·

320 3499 409 3542 neces
422 3478 626 3553 dimittuntur,
641 3489 791 3540 exuuntur
804 3476 926 3558 insuper
938 3486 1031 3551 veste,
1046 3488 1076 3537 et
1088 3478 1170 3541 omni
1185 3478 1244 3540 alio
1259 3480 1359 3561 precio
1374 3481 1456 3560 quod
1472 3502 1514 3543 se·

321 3597 392 3639 cum
406 3576 566 3658 gerebantz
588 3574 720 3655 plurium
734 3575 824 3635 etiam
839 3574 970 3635 tabarnae
989 3575 1183 3651 mercatoriae,
1199 3587 1228 3637 et
1241 3576 1346 3657 criptae
1360 3597 1514 3639 concame-

320 3684 393 3737 ratae
407 3672 439 3734 vi
452 3672 619 3753 perfracta,
634 3680 664 3733 et
677 3671 825 3733 mercibus
839 3671 969 3747 nudate,
984 3690 1040 3733 nea
1053 3671 1212 3753 quisquam
1226 3692 1258 3735 sc
1276 3674 1405 3737 audebat
1422 3674 1512 3736 furori
