3225 4700
316 323 384 390 404
720 316 1130 387 ITINERARIUM.

257 526 265 542 .
322 476 433 550 stituit,
459 481 492 536 ut
512 474 553 535 ad
574 481 701 536 mortem
722 473 772 555 pie
792 483 823 536 et
843 473 944 555 quiete
966 475 1134 537 obeundam
1155 473 1266 536 rectius
1288 492 1320 534 se
1347 470 1553 553 disponeret.

327 573 409 634 Eum
424 571 456 632 in
470 571 564 632 finem
577 571 736 632 accersivit
744 591 837 652 quem
848 572 999 633 bsecretis
1009 572 1066 633 sibi
1080 593 1144 634 esse
1157 571 1303 646 voluerat,
1314 570 1403 649 eique
1416 567 1552 628 ultimae

205 743 208 749 Ι
327 667 493 730 voluntatis
507 686 569 729 suoe
584 667 765 729 documenta
777 667 893 730 calamo
904 668 1083 751 excipienda
1094 678 1125 730 et
1138 666 1250 730 chartas
1260 665 1455 728 inscribenda
1470 683 1550 746 pro·

328 764 438 847 posuit.
479 763 539 825 Illa
551 763 659 826 eddam
671 764 732 846 qud
744 764 915 846 accepimus
928 764 1001 838 fide,
1016 765 1076 826 hae
1090 764 1305 826 adscribamus.

371 861 547 924 Lndovicus
556 861 617 922 Dei
625 863 724 944 gratia
732 862 801 924 Rex
810 862 948 924 Francia
958 873 989 925 et
1000 861 1232 933 Navarrae,&c:
1254 859 1393 921 omnibu
1403 876 1548 938 praesen·

332 958 412 1021 tibus
431 968 462 1018 et
478 958 625 1019 secuturis
643 958 769 1020 salutem
787 969 818 1020 et
838 959 1077 1041 prosperitatem.
1120 959 1169 1019 Ex
1185 977 1246 1038 qno
1264 956 1303 1017 ad
1321 955 1410 1037 regni
1424 954 1549 1036 guber-

332 1053 443 1116 nacula
455 1054 570 1116 admoti
586 1076 700 1129 snmus,
715 1065 777 1116 tam
792 1055 955 1137 propitium
976 1074 1094 1138 semper
1107 1055 1243 1117 divinum
1260 1053 1407 1114 sensimus
1422 1071 1547 1112 numen

335 1162 369 1212 ut
380 1172 417 1213 ex
438 1152 579 1214 omnibus
598 1152 766 1214 actionibus
778 1153 889 1215 nostris
910 1153 975 1235 ejus
994 1152 1278 1233 bonitatemaperte
1298 1151 1474 1212 elucentem
1490 1169 1549 1230 ag·

336 1248 520 1309 noverimus.

374 1345 489 1406 Verdm
508 1345 590 1405 enim
611 1345 684 1407 verb
702 1345 773 1406 edm
796 1346 815 1408 a
835 1345 970 1428 pauxillo
989 1365 1083 1427 puero
1104 1345 1206 1408 nmcio
1229 1345 1282 1428 qui
1309 1343 1432 1426 publica
1455 1344 1547 1425 pacis

335 1442 554 1524 perturbatores
571 1461 675 1503 summ
691 1442 888 1526 arripuissent
902 1443 1072 1505 communis
1093 1443 1327 1506 interturbandae
1345 1441 1471 1522 qnietis,
1495 1461 1547 1501 ecs

336 1559 405 1598 mox
424 1538 549 1598 dextera
569 1538 695 1599 Domini
714 1540 833 1616 evertit,
852 1539 1026 1622 priusquam
1044 1540 1102 1621 ipsi
1122 1540 1370 1622 tranquillitatem
1384 1537 1477 1619 regni
1499 1537 1546 1598 ls-

335 1635 530 1708 befactarent,
547 1635 638 1716 idque
656 1636 790 1698 maximo
805 1646 907 1700 nostro
922 1637 1093 1709 commodo,
1107 1646 1138 1698 et
1151 1636 1293 1719 potentiae
1313 1644 1425 1696 uostrae
1439 1635 1547 1694 incre-

338 1740 451 1792 mento.
493 1730 561 1794 Nea
578 1731 676 1795 multd
695 1743 762 1815 post
775 1734 899 1795 modum
919 1755 990 1794 cum
1007 1732 1219 1795 haereticorum
1239 1732 1322 1795 l‘uror
1338 1731 1370 1791 in
1383 1731 1475 1814 regni
1490 1751 1546 1813 po-

336 1828 466 1890 tissimas
479 1839 577 1910 partes
595 1840 626 1890 at
639 1830 810 1911 provincias
828 1830 1029 1894 debacchatus
1047 1840 1133 1908 essct,
1149 1850 1185 1892 ac
1200 1830 1393 1911 Majestatem
1408 1829 1546 1912 Regiam

336 1926 522 2007 supprimere
540 1925 752 1997 adlaborassct,
766 1947 836 1988 eum
855 1928 964 1988 noenia
984 1927 1118 1990 consiliis
1130 1927 1306 1988 dexteritate
1319 1937 1349 1989 et
1364 1927 1462 1988 armis
1477 1949 1547 1988 ma-

337 2023 403 2084 ture
414 2023 631 2104 praevertimus,
647 2034 677 2084 et
690 2024 809 2086 veritati
823 2025 934 2087 eversis
948 2024 1049 2107 impiis
1061 2024 1320 2106 superstitionibus
1333 2023 1526 2108 subegimus.

380 2118 480 2179 Simili
494 2119 586 2180 modo
599 2140 670 2181 cum
684 2121 819 2181 animum
834 2121 872 2181 ad
886 2140 969 2182 arma
982 2119 1194 2201 adjecissemus
1207 2141 1262 2202 pro
1280 2120 1400 2182 tuendis
1417 2141 1548 2203 oppres·

336 2216 377 2278 sis
390 2225 421 2278 et
438 2215 650 2277 confoederatis
668 2217 842 2290 nostrised
860 2217 983 2278 oculum
1004 2216 1245 2278 manifestissime
1265 2217 1400 2279 divinam
1423 2221 1546 2299 experti

337 2334 441 2375 sumus
451 2313 703 2388 benedictionem,
719 2314 841 2395 qnando
856 2323 899 2377 tot
912 2334 966 2376 nos
979 2313 1065 2375 auxit
1078 2312 1223 2385 victoriis,
1232 2323 1268 2377 ut
1278 2313 1409 2377 bostium
1423 2327 1546 2379 nostro·

337 2431 405 2471 rum
429 2411 633 2493 arrogantiam
660 2410 772 2473 elidere
796 2430 959 2493 possemus.
1001 2410 1055 2472 Ad
1076 2422 1244 2473 extremum
1272 2432 1342 2473 cum
1368 2412 1545 2475 Galliarum

241 2549 245 2557 -
338 2527 465 2589 regnum
479 2518 686 2589 postmortem
700 2519 835 2569 nostram
852 2507 1006 2569 videretur
1020 2507 1145 2569 viduum
1159 2506 1331 2571 haeredibus
1347 2519 1377 2571 et
1390 2531 1544 2573 successo·

338 2604 422 2666 ribus
447 2605 581 2666 futurum
605 2626 643 2665 es
665 2604 831 2686 improviso
857 2603 1054 2665 afflictissime
1080 2604 1251 2667 valetudine
1279 2605 1354 2668 mihi
1382 2607 1543 2685 laboranti,

339 2700 462 2784 gemina
475 2700 557 2781 prole
571 2700 703 2762 masculi
714 2721 770 2763 nos
783 2702 884 2763 beavit
898 2710 928 2763 et
938 2702 1033 2777 auxit,
1043 2722 1110 2783 qnae
1121 2702 1247 2786 vestigia
1257 2712 1358 2767 nostra
1370 2718 1544 2788 premerent

339 2807 370 2859 et
383 2806 508 2879 paterna
515 2797 587 2877 jura
599 2806 765 2859 tuerentur.

382 2893 503 2955 Interea
515 2903 547 2953 et
559 2892 666 2954 divina
682 2892 845 2955 clementia
857 2914 911 2955 nos
926 2893 957 2953 in
972 2893 1213 2975 potentissimum
1229 2896 1360 2979 Europae
1373 2900 1540 2983 principem

339 2988 481 3070 elegerat,
495 2988 610 3069 placuit
622 2998 724 3049 tamen
738 2988 838 3050 eidem
853 2989 939 3051 nobis
952 2989 1109 3051 ostendere
1123 2992 1209 3073 teque
1227 2993 1357 3077 Regiam
1372 2995 1541 3077 Majestatis

339 3085 544 3147 conditionem
571 3084 711 3147 humanis
730 3086 886 3167 subjacere
905 3085 1073 3161 eventibus,
1095 3096 1126 3148 et
1149 3091 1358 3153 communibus
1383 3090 1538 3154 hominum

341 3183 479 3258 miseriis,
498 3185 589 3265 quam
606 3182 729 3245 infimos
745 3183 777 3245 iu
796 3183 883 3267 plebe
900 3185 1107 3247 mediastinus.
1150 3185 1286 3266 ideoque
1300 3208 1337 3249 na
1354 3188 1433 3269 quid
1450 3211 1538 3272 supra

340 3280 476 3342 homines
484 3301 656 3363 saperemus
665 3280 766 3356 dnus,
778 3280 925 3363 permisit,
935 3292 969 3343 ut
979 3281 1119 3345 humanis
1127 3281 1277 3364 periculis,
1286 3284 1415 3358 casibus,
1424 3296 1538 3348 etmer-

340 3378 446 3438 borum
460 3375 679 3439 calamitatibus
701 3377 829 3439 aliorum
848 3397 932 3439 more
945 3379 1118 3441 mortalium
1131 3380 1384 3443 submittercmur.
1421 3381 1539 3455 Quibus

341 3474 420 3535 docti
439 3494 542 3534 sumus
559 3474 666 3555 quanti
684 3484 785 3536 nostra
799 3483 831 3534 et
850 3474 944 3537 totius
964 3476 1051 3559 regni
1068 3477 1161 3538 nostri
1182 3496 1218 3539 ac
1238 3476 1428 3540 subditorum
1450 3481 1538 3543 inter-

340 3582 418 3631 esset
431 3581 466 3632 ut
479 3572 595 3631 mature
609 3570 641 3632 in
654 3591 775 3633 omnem
790 3570 860 3633 vitae
874 3572 1037 3653 mortisque
1051 3585 1193 3637 eventum
1207 3575 1397 3657 prosperitati
1410 3587 1441 3639 et
1452 3578 1537 3640 saluti

339 3668 474 3728 omnium
488 3668 736 3751 prospiceremus.
