3225 4700
510 356 914 425 ITINERARIUM.
1236 358 1299 423 331

97 524 207 567 omnes
225 508 404 587 compendio
418 508 555 591 transigi,
575 530 613 571 ne
630 528 706 590 opus
724 510 801 571 foret
821 510 861 571 ad
875 528 985 592 paucos
998 521 1029 571 et
1044 508 1134 592 longe
1150 508 1296 570 dismntes

91 604 229 684 judices,
243 624 347 665 musas
359 604 528 667 transferre.
614 604 617 611 ’

140 699 342 762 Postulabaut
359 720 450 782 porro
464 700 630 763 absolutam
647 711 822 784 potestatem
840 701 1022 783 procedendi
1039 710 1145 763 contra
1160 710 1294 762 auctores

95 796 211 857 turbati
224 796 322 878 regui,
330 817 440 878 eosque
449 818 504 877 pro
516 796 604 859 libitu
618 798 780 879 plectendi,
791 798 872 859 unde
882 797 940 858 sibi
953 798 1031 858 tradi
1041 797 1180 859 volebant
1190 816 1294 859 omnes

94 912 151 953 eos
163 912 240 973 quos
251 894 310 973 ipsi
323 896 405 976 pacis
418 895 584 956 turbatores
596 896 813 978 designassent.
855 894 970 967 Quarto
980 894 1109 975 denique
1122 895 1295 976 repetebant

94 987 315 1051 restitutionem
326 1001 500 1072 sumptuum
509 991 688 1052 durantibus
700 991 797 1052 turbis
807 991 1011 1071 impensorum
1024 990 1055 1050 in
1065 1010 1127 1051 rem
1141 990 1291 1051 bellicam.

138 1084 301 1147 Conseusit
314 1088 382 1149 Rex
395 1086 427 1149 in
440 1089 686 1152 convocationem
702 1099 835 1151 statuum
853 1099 883 1149 et
897 1086 1066 1149 Primatum
1088 1087 1178 1148 totius
1196 1088 1292 1170 regni.

95 1182 142 1243 Et
154 1184 286 1262 primdm
298 1185 420 1265 quidem
435 1196 618 1247 conventum
633 1186 763 1247 Londiui
778 1185 882 1247 baberi
895 1185 1001 1259 voluit,
1017 1186 1103 1266 cnjus
1123 1184 1243 1245 initium
1258 1184 1289 1244 in

38 1312 45 1323 =
95 1279 278 1361 vigesimum
297 1282 420 1343 tertium
436 1281 614 1343 Decembris
628 1282 748 1342 indixit
790 1281 861 1354 Quo
885 1300 955 1342 cum
978 1281 1017 1342 ad
1035 1280 1208 1341 condictum
1228 1288 1292 1340 tota

94 1376 239 1438 nobilitas
254 1388 284 1439 et
301 1399 405 1440 omues
424 1380 558 1462 deputati
578 1380 710 1440 maximo
730 1389 875 1461 apparatu
896 1390 927 1440 et
943 1392 1085 1440 consueto
1102 1386 1220 1451 omatn,
1236 1397 1291 1456 pro

95 1492 181 1534 more
194 1474 310 1555 patriae,
325 1477 571 1557 comparuissent,
587 1476 693 1537 eodem
714 1476 778 1557 ipse
792 1476 882 1536 etism
899 1476 976 1549 Rex,
991 1495 1060 1537 cam
1075 1475 1184 1556 exiguo
1197 1471 1290 1533 comi-

94 1578 172 1640 tatu,
181 1572 322 1651 perrexit,
332 1572 729 1652 etadutramquecsmeram
738 1582 835 1633 certos
843 1572 1162 1645 articulosdestinavit,
1171 1588 1290 1649 unaque

94 1665 224 1728 tradidit
243 1667 487 1749 plenipotentiam
508 1668 703 1729 Parlamento
729 1668 926 1729 dissensiones
948 1688 1051 1728 omnes
1078 1667 1290 1750 componendi,

94 1763 274 1845 monuitque
286 1765 364 1825 serib
379 1775 414 1825 ut
430 1785 477 1825 res
493 1763 561 1825 illas
576 1764 692 1825 sincera
711 1764 772 1825 fide
787 1765 1034 1847 aggrederentur,
1056 1764 1172 1846 sibique
1193 1751 1288 1839 cordi,

94 1861 243 1922 ducerent
255 1862 346 1923 totius
358 1862 446 1945 regni
458 1862 704 1923 incolumitatem.
748 1862 819 1935 Quo
832 1863 911 1923 facto
923 1860 1061 1922 similiter
1075 1862 1179 1923 Scotos
1187 1862 1289 1923 Eden-

94 1958 229 2039 burgum
242 1957 404 2039 diplomate
416 1958 501 2041 regio
513 1960 699 2031 convocarit,
713 1960 810 2039 iisque
823 1958 985 2041 pollicitus,
1003 1958 1084 2039 quod
1098 1957 1209 2032 omnia,
1221 1978 1290 2037 qnae

94 2054 242 2135 primores
254 2055 435 2130 statuissent,
449 2068 513 2118 rata
525 2056 635 2118 babem
648 2055 749 2118 vellet.

136 2152 222 2213 Inter
230 2152 296 2213 baec
310 2153 436 2233 Mylord
449 2154 626 2236 Gottington
637 2152 842 2217 cancellarius
852 2152 958 2235 Regias
972 2152 1109 2215 Cameren
1118 2150 1167 2213 vir
1178 2150 1289 2213 Catho-

91 2250 162 2311 licoe
177 2249 331 2332 Religioni
348 2250 498 2322 addictus,
511 2260 651 2331 tanquam
666 2252 770 2333 pstriae
789 2251 933 2332 proditor,
948 2250 979 2311 in
993 2248 1115 2311 vincula
1132 2248 1287 2329 conjectus

93 2361 150 2423 est,
164 2367 255 2428 quam
269 2348 395 2410 eandem
409 2362 519 2412 sortem
532 2348 603 2410 tulit
617 2348 785 2430 Hybemioe
802 2347 928 2420 Proser,
943 2369 1033 2429 quem
1045 2345 1128 2408 velut
1142 2345 1287 2407 latronem

93 2445 184 2527 nigm
201 2444 294 2506 fascia
307 2467 413 2508 manns
426 2447 575 2528 pedesque
588 2445 727 2528 ligatum,
748 2446 788 2506 ad
804 2465 938 2506 carceres
957 2445 1073 2506 indicta
1089 2461 1179 2504 caasa
1190 2455 1288 2524 rapta·

94 2552 177 2602 runt.
205 2543 300 2604 Hand
313 2543 409 2606 multb
422 2543 525 2605 mitibs
537 2551 703 2604 tractarunt
713 2541 834 2602 vicenos
847 2561 932 2602 senos
940 2540 1201 2624 Archiepiscopos,
1213 2563 1288 2624 quos

94 2639 228 2721 primdm
245 2639 392 2723 dignitate
405 2661 460 2702 sus
472 2649 628 2712 exuerunt,
643 2637 753 2699 deiude
765 2639 864 2699 reditu
878 2657 978 2698 annuo
990 2637 1165 2718 spoliarunt,
1176 2650 1288 2700 arresto

93 2738 218 2816 insuper
230 2735 361 2798 londini
372 2736 575 2807 detinuerunt,
590 2753 626 2795 ac
639 2734 770 2815 deniqne
780 2734 859 2803 bona
870 2733 990 2794 illorum
1004 2735 1105 2795 omnia
1118 2737 1201 2816 regio
1214 2736 1288 2798 fisco

94 2833 287 2894 addixemnt.
328 2833 412 2906 Quid
430 2834 462 2893 in
483 2842 566 2894 tauta
587 2830 751 2892 furentium
771 2829 926 2890 bominum
946 2830 1067 2892 licentia
1085 2831 1195 2893 faceret
1208 2833 1286 2907 Rex,

93 2949 187 3012 qnam
199 2940 235 2992 ut
246 2951 277 2991 se
291 2931 384 2992 furori
398 2929 562 3011 opportune
580 2929 768 3000 subduceret,
788 2947 825 2988 ac
843 2927 866 2989 J
869 2926 1007 2988 orclsium
1026 2927 1287 3008 proficisceretur?

94 3028 137 3088 Id
151 3027 237 3109 quod
253 3025 337 3102 iecit,
352 3026 483 3088 dimissis
498 3026 587 3086 rebus
600 3025 740 3085 omuibus
758 3023 883 3085 arbitrio
897 3034 927 3084 et
943 3025 1075 3085 consiliis
1089 3024 1286 3089 Parlameuti.

94 3123 448 3185 IntereaParlamentum
462 3122 585 3183 Thomae
595 3121 708 3184 Comiti
716 3122 754 3182 de
765 3119 913 3181 Strafford
925 3120 1092 3201 Hybemiae
1103 3121 1231 3205 Proregi
1243 3145 1288 3184 se·

5 3235 10 3260 ’
93 3222 218 3302 quentia
229 3231 343 3302 septem
356 3221 455 3301 capita
468 3219 631 3301 proposuit,
647 3218 687 3279 sd
697 3238 765 3298 quar
779 3216 876 3298 primb
890 3237 1009 3298 quoque
1024 3227 1154 3299 tempore
1167 3239 1287 3302 respon·

93 3319 190 3393 deret,
205 3337 241 3378 ac
254 3317 312 3378 nisi
326 3337 358 3378 se
370 3315 578 3397 liquidissimis
596 3314 780 3397 argumentis
797 3331 926 3395 purgare
945 3323 1053 3393 posset,
1075 3315 1188 3375 crimen
1210 3315 1287 3378 lasa
1418 3387 1420 3392 ¹

94 3413 265 3495 Majestatis
278 3422 463 3496 agnosceret,
476 3422 507 3474 et
520 3411 639 3473 sceleris
651 3431 770 3492 poenam
779 3410 829 3472 vel
841 3409 954 3470 invitus
967 3411 1147 3474 admitteret.

135 3511 164 3571 1.
186 3511 294 3592 Capite
314 3510 491 3592 arguebant,
514 3508 598 3590 quod
625 3508 755 3568 Thomas
777 3507 902 3586 antiqua
918 3507 990 3588 jura
1012 3509 1167 3590 utriusque
1190 3512 1288 3592 regnis
1354 3511 1360 3522 '

94 3607 265 3688 Hybernioe
276 3607 400 3682 scilicet,
415 3616 446 3667 et
456 3605 580 3688 Angliar
587 3604 767 3685 corrupisset
776 3603 1032 3683 pervertissetque,
1048 3623 1084 3666 ac
1098 3607 1288 3686 tyrannidem

94 3705 287 3766 introducere
295 3703 416 3764 molitus
425 3713 512 3776 esset,
524 3701 662 3783 cogendo
675 3712 706 3762 et
717 3701 869 3782 adigendo
882 3701 937 3761 sub
952 3699 1058 3782 capitis
1071 3722 1170 3783 poena,
1181 3703 1291 3766 invitos

6 3836 10 3852 ι
92 3813 124 3863 et
137 3801 298 3862 illabentes
312 3800 446 3862 subditos
460 3798 500 3861 sd
514 3819 609 3860 arma.
