3225 4700
333 359 399 424 256
723 351 1144 424 ITINERARIUM.

333 510 407 572 toris
429 509 487 570 loci
508 507 602 583 illius,
627 507 756 571 Comitis
781 508 820 569 de
844 508 974 578 Arcese,
993 504 1152 568 fortissime
1175 503 1312 585 repulsus
1334 510 1391 576 cst,
1413 501 1473 583 qui
1499 521 1544 562 ex

335 606 494 669 Gallorum
512 605 606 687 copiis
626 615 748 667 centum
767 604 855 666 facile
873 623 1025 666 unacum
1044 603 1181 663 Ductore
1202 601 1351 681 equitatus
1369 599 1544 662 Mousieur

334 703 454 765 Mainet
465 703 667 764 internecione
678 702 800 777 delevit,
812 712 843 763 et
850 709 961 782 praeter
969 697 1065 761 scales
1078 699 1195 771 decem,
1209 697 1339 760 multum
1351 706 1543 778 apparatum

334 797 558 878 Pyrobolorum
571 809 602 860 et
613 797 746 880 pulveris
760 797 930 879 sulphurati
943 795 1054 878 praedae
1067 795 1136 857 loco
1149 794 1182 855 in
1194 795 1299 856 urbem
1313 792 1454 856 adduxit.

372 895 508 957 Multum
522 895 644 958 interim
657 894 797 958 Marchio
812 895 851 956 de
865 895 1000 977 Leganes
1018 892 1233 955 sollicitabatur
1249 901 1281 953 et
1300 890 1356 952 diu
1376 899 1541 970 noctuque

331 992 532 1054 meditabatur
545 991 725 1055 solutionem
739 990 906 1052 obsidionis
919 987 1122 1064 Tauriuensis,
1136 987 1315 1069 nullumque
1324 1008 1386 1050 non
1396 987 1539 1070 lapidem

330 1089 479 1166 movebat,
490 1099 524 1151 ut
537 1089 697 1151 minimum
715 1087 832 1151 civitati
850 1086 973 1169 pulvere
992 1094 1189 1158 succurreret,
1206 1085 1348 1166 qnoniam
1362 1085 1396 1146 in
1409 1105 1539 1146 annona

329 1185 445 1268 reliqna
463 1186 565 1250 nullus
582 1186 682 1248 adhuc
699 1193 764 1247 erat
784 1183 932 1257 deiectus,
946 1194 1036 1264 atque
1054 1202 1093 1244 ne
1110 1183 1150 1243 oh
1170 1181 1302 1244 militum
1320 1183 1441 1264 copiam
1459 1183 1538 1244 urbs

329 1284 419 1346 etiam
432 1285 516 1346 victu
530 1283 674 1366 paulatim
688 1281 911 1354 destitueretur,
925 1280 1054 1343 Carolus
1067 1280 1107 1341 de
1126 1278 1157 1341 la
1175 1280 1271 1342 Getta
1282 1279 1419 1342 Consilio
1433 1279 1536 1340 Prin·

329 1380 405 1462 cipis
426 1380 551 1442 'l'homae
575 1377 735 1442 Gallorum
754 1388 853 1441 castre
867 1378 968 1440 denuo
985 1378 1171 1462 perfringere
1186 1377 1313 1452 studuit,
1330 1397 1366 1438 ac
1379 1377 1536 1460 vigesima

329 1497 411 1539 noua
422 1476 446 1538 J
449 1477 504 1538 ulii
518 1495 636 1538 summo
649 1495 737 1536 mene
750 1475 817 1536 siue
830 1474 958 1556 strepitu
972 1473 1132 1536 Gallorum
1147 1474 1307 1537 stationem
1324 1475 1533 1556 Porporaten·

326 1593 390 1634 aem
403 1571 593 1654 pertentavit,
608 1592 644 1633 ac
657 1571 755 1654 primo
767 1571 892 1653 quidem
906 1570 1064 1634 Gallorum
1076 1572 1222 1654 plurimos
1230 1571 1321 1647 fudit,
1331 1591 1368 1633 ac
1376 1571 1534 1653 quinqua·

327 1667 412 1752 ginta
435 1669 557 1731 circiter
582 1669 671 1749 cepit,
697 1669 751 1731 sed
774 1689 845 1730 cum
867 1667 953 1731 Galli
975 1689 1014 1730 ex
1035 1669 1158 1751 reliquis
1178 1668 1355 1730 stationibus
1374 1667 1531 1730 curriculo

325 1764 414 1826 sociis
427 1764 631 1843 subvenirent,
646 1765 811 1827 multorum
824 1766 974 1848 sauguine
988 1775 1020 1828 et
1031 1766 1187 1849 octogiuta
1202 1765 1334 1827 militurn
1350 1765 1530 1846 captivitate

328 1861 427 1924 redire
447 1861 478 1923 iu
497 1861 651 1925 civitatem
667 1862 781 1938 debuit,
800 1882 838 1923 ex
858 1862 968 1944 quibua
985 1863 1124 1925 omnibus
1143 1883 1204 1923 non
1224 1860 1284 1923 uisi
1301 1861 1529 1944 qninquaginta

326 1958 456 2033 circiter,
471 1957 590 2022 Oroatae
606 1959 751 2040 plerique,
763 1959 816 2038 qui
830 1979 900 2020 cum
914 1958 1034 2021 levioris
1044 1967 1202 2022 armaturae
1212 1959 1298 2041 equis
1307 1959 1399 2020 fomes
1408 1959 1528 2020 emensi

325 2055 455 2128 suerent,
469 2076 531 2117 uua
544 2075 615 2117 cum
630 2055 785 2118 colonello
800 2055 895 2117 Petro
907 2057 948 2118 de
960 2056 991 2118 la
1004 2057 1125 2118 Peenta
1137 2077 1174 2118 ac
1187 2055 1349 2118 Francisco
1361 2056 1400 2117 de
1414 2055 1527 2117 Mene·

324 2171 371 2214 scs
385 2151 510 2232 aliisque
524 2152 661 2233 pauculis
673 2150 850 2213 officialibus
864 2153 897 2214 in
912 2152 1081 2234 Hispaniea
1096 2162 1196 2215 castra
1207 2152 1248 2214 ad
1261 2153 1471 2215 Marchionem
1483 2153 1526 2214 de

325 2247 673 2330 Iegaues'trausierunt,
691 2248 745 2329 qni
766 2267 828 2309 uon
843 2248 940 2311 multo
956 2258 1033 2331 post,
1050 2270 1122 2312 cnm
1139 2251 1179 2312 ob
1197 2249 1307 2312 multos
1324 2248 1469 2332 fugitivos
1489 2269 1524 2310 se

326 2343 448 2408 Gallica
468 2356 565 2408 castra
586 2345 666 2409 ultra
683 2345 827 2429 impetere
845 2346 910 2410 siue
929 2368 1048 2411 summo
1065 2348 1178 2410 damrm
1194 2368 1255 2409 non
1272 2358 1371 2430 posset
1387 2357 1523 2411 montem

325 2442 503 2507 Callicrium
516 2445 619 2523 (quem
629 2458 731 2526 postea
745 2444 830 2506 Galli
839 2464 901 2533 una
912 2465 982 2506 cnm
996 2445 1109 2527 templo
1126 2444 1309 2526 expilarunt)
1327 2445 1470 2517 decant,
1484 2465 1523 2505 ac

325 2563 396 2607 cum
409 2543 543 2623 quinque
555 2541 688 2604 millibus
702 2542 858 2606 Ohierium
871 2562 903 2603 se
916 2542 1079 2617 transtulit,
1093 2553 1128 2604 ut
1140 2541 1190 2604 vel
1202 2542 1274 2603 inde
1284 2541 1396 2603 auxilio
1407 2543 1519 2623 pontis,

324 2659 415 2721 quem
436 2658 491 2721 per
513 2639 635 2701 Padum
652 2639 842 2715 moliebatur,
861 2639 986 2701 obsessis
1006 2639 1213 2720 opitularetur.
1256 2639 1318 2702 Sed
1335 2660 1393 2700 nec
1408 2639 1467 2702 hoc
1482 2660 1522 2701 ex

323 2735 417 2797 animi
431 2736 580 2799 sententia
592 2734 690 2811 cessit,
705 2756 777 2798 cnm
788 2737 870 2797 enim
885 2735 970 2799 Galli
983 2756 1021 2797 ex
1034 2736 1169 2819 opposita
1182 2746 1266 2818 parte
1275 2757 1418 2821 aggerem
1427 2737 1521 2799 eruis·

325 2841 400 2906 sent‚
423 2836 612 2915 quatuorque
635 2832 792 2894 tormentis
820 2833 984 2916 majoribus
1010 2834 1201 2909 excubarent,
1225 2854 1262 2895 ac
1286 2834 1408 2897 Gallica
1429 2833 1520 2897 etiam

323 2938 421 2992 cestra
433 2930 538 2991 decem
553 2928 685 2991 millibus
697 2928 834 3010 peditum
843 2942 874 2992 et
882 2931 1016 3012 quinque
1026 2930 1159 2993 millibus
1168 2931 1303 3012 equitum
1312 2941 1403 2993 aucta
1410 2941 1519 3006 ament,

322 3026 402 3089 iutra
414 3036 530 3089 montes
543 3034 610 3088 octo
623 3026 724 3087 decim
738 3025 902 3089 Galleones
915 3028 948 3089 iu
962 3028 1071 3109 quibua
1083 3028 1142 3089 tria
1155 3028 1252 3090 millia
1266 3028 1427 3112 quingenti
1444 3028 1518 3091 His·

323 3119 394 3202 paui
408 3118 604 3193 vehebantur,
618 3119 797 3201 expectavit,
811 3128 846 3181 ut
857 3122 905 3183 vel
920 3120 1027 3183 horum
1042 3123 1155 3186 auxilio
1173 3144 1294 3206 quoquo
1311 3126 1402 3190 modo
1415 3146 1516 3189 nenes-

323 3215 402 3277 saria
413 3215 501 3276 sociis
514 3206 686 3278 adveheret.

363 3311 485 3372 Interea
497 3311 607 3374 Οοωοι
621 3312 660 3373 de
675 3311 864 3375 Harreconrt
877 3313 1037 3377 Gallorum
1051 3316 1221 3397 Generaliq
1235 3322 1320 3383 omui
1329 3330 1439 3384 ocuatn
1452 3341 1513 3383 mo·

321 3406 444 3471 leudina
457 3407 497 3468 ad
511 3406 676 3471 Palletium
690 3409 874 3472 'l'euriuense
886 3422 1019 3474 evertere
1037 3414 1227 3493 moliebatur,
1245 3417 1279 3478 in
1292 3439 1384 3500 quem
1397 3439 1511 3500 quoque

322 3502 415 3567 linem
428 3522 522 3565 novos
534 3524 659 3587 aggeres
672 3506 740 3587 ejici
754 3506 836 3581 fecit,
848 3516 882 3568 nt
894 3509 1057 3589 majoribus
1070 3512 1226 3575 tormentis
1244 3517 1431 3579 commodine
1443 3536 1511 3578 con·

230 3640 241 3667 .
322 3608 447 3676 caleret,
458 3600 513 3662 sed
527 3600 675 3685 Princeps
687 3601 817 3664 monas
830 3613 934 3667 contre
950 3609 1145 3689 exaggeravit
1161 3610 1343 3673 munitiones
1355 3614 1508 3696 oppositas,

321 3708 354 3760 ut
368 3718 404 3759 ae
419 3698 494 3778 quid
509 3695 592 3759 Galli
607 3720 713 3762 nocere
729 3709 857 3779 possent,
871 3710 902 3762 et
914 3699 1003 3764 simul
1016 3704 1259 3786 vigesima-none
1276 3708 1299 3769 J
1302 3709 1355 3771 ulii
1369 3710 1467 3791 erupit
1479 3710 1507 3769 iu
