3225 4700
493 322 517 387 1
524 321 807 390 TINERARI
814 323 899 388 UM.
1216 328 1279 398 247

75 470 260 552 gustissima
272 491 326 532 sua
339 471 484 552 Majestns
497 485 582 537 curet
595 475 776 557 interpositis
794 475 884 536 etiam
901 475 1164 555 sumptuosissimis
1182 477 1278 561 legu-

74 567 218 629 tionibus
229 589 239 644 3
268 588 358 648 quam
379 589 439 649 qua
459 570 572 632 ratione
592 572 701 652 cuique
723 573 755 633 in
775 571 922 633 altissima
941 591 1015 652 paee
1034 572 1079 632 fas
1098 593 1278 656 aequumque

73 664 225 726 distribui
238 684 273 726 ac
287 664 463 746 dispensari,
484 668 586 748 possit,
607 689 767 750 omnesque
785 667 907 729 hostiles
926 667 1093 729 inimicitiae
1110 679 1141 730 et
1154 671 1279 751 iniquia·

74 762 164 824 sima
181 761 317 844 tyrannis
335 782 396 843 qua
414 762 581 826 Germania
596 765 776 845 opprimitur
793 764 927 826 amoveri
939 766 976 826 ab
996 764 1129 846 Imperio
1145 769 1278 848 possint3

76 858 116 919 in
140 878 202 939 quo
222 858 344 940 quidem
361 860 482 942 negotio
501 880 539 922 ue
557 860 708 922 tentillnm
726 860 928 923 desideratum
948 861 1040 922 fuerit
1057 881 1095 922 ex
1112 872 1196 943 parte
1215 884 1278 928 ause

78 955 267 1036 Majestatis,
281 955 364 1036 quod
377 957 417 1018 ad
431 975 552 1018 auream
566 977 671 1040 pacem
684 957 834 1039 longeque
846 956 1063 1037 optatissimam
1079 959 1280 1039 tranquillita·

79 1061 150 1115 tem
164 1051 353 1114 conduceret.

127 1148 199 1210 Hoc
218 1168 307 1230 quem
325 1149 490 1212 admodum
508 1149 640 1212 universi
658 1151 712 1231 qni
731 1149 762 1210 iu
780 1149 837 1210 boc
858 1149 1073 1229 spectatissimo
1092 1147 1278 1225 Electorum,

84 1245 284 1326 Principum,
299 1245 449 1322 Statuam,
465 1255 495 1308 et
509 1245 691 1308 Absentiam
702 1243 951 1308 consiliariorum
964 1263 1000 1305 aa
1014 1245 1197 1327 legatorum
1210 1265 1281 1308 con·

77 1362 167 1404 sessu
180 1362 297 1403 summo
311 1363 381 1404 cum
395 1344 487 1405 animi
501 1343 547 1405 sui
558 1343 663 1405 solatio
676 1351 788 1414 notant,
803 1341 896 1403 Suam
907 1339 1075 1402 Caesaream
1088 1341 1279 1423 Majestatem

79 1440 123 1502 de
144 1448 278 1520 tempore
296 1439 329 1500 in
348 1449 464 1523 tempus
482 1442 513 1503 in
532 1441 565 1504 id
583 1439 745 1513 collimare,
765 1459 826 1519 que
842 1437 957 1498 ratione
974 1439 1092 1501 sublato
1109 1450 1234 1503 cruento
1251 1450 1282 1503 et

81 1536 191 1598 omnia
204 1547 398 1598 consumente
416 1537 495 1599 bello
508 1557 612 1600 secura
626 1557 684 1619 pax
702 1534 828 1608 restitui,
846 1533 940 1615 possit
960 1534 1087 1596 Sacrum
1107 1535 1281 1598 Romanum

83 1631 255 1714 Imperium
275 1633 315 1696 ad
335 1634 466 1714 quietem
482 1634 597 1709 reduci,
619 1653 655 1696 ac
672 1633 737 1714 ejus
756 1640 849 1694 statiis
864 1639 896 1695 et
915 1630 1039 1706 subditi,
1057 1651 1126 1692 cum
1147 1633 1280 1714 pauxillo

80 1727 170 1806 quod
189 1727 207 1788 ὲ
226 1734 271 1787 tot
290 1727 434 1788 bellorum
455 1737 485 1790 st
508 1735 644 1788 motuum
668 1725 888 1788 calamitatibus
911 1725 1062 1807 reliquum
1084 1727 1152 1804 fuit,
1178 1749 1281 1792 secure

82 1822 275 1897 commorari,
303 1833 334 1884 et
360 1823 660 1904 quantulumcunque
686 1821 743 1883 boc
766 1821 867 1901 quiete
892 1821 1043 1903 possidere
1065 1823 1198 1903 possint3
1232 1824 1282 1884 Ita

84 1917 257 1980 Praesentes
271 1937 373 1980 omnes
388 1919 551 1994 Electores,
565 1916 736 1999 Principes,
749 1917 861 1994 Status,
872 1917 1098 1999 absentiumque
1108 1916 1282 1980 Consiliarii

83 2024 118 2076 et
139 2015 256 2097 legati,
276 2034 331 2095 pro
348 2023 410 2077 tam
429 2014 546 2096 prolixa
564 2034 638 2076 cura
655 2023 685 2075 et
704 2024 830 2095 paterna
847 2013 1051 2076 sollicitudine
1070 2014 1282 2110 demississimo

83 2110 201 2172 affectu
217 2111 398 2174 immortales
419 2132 481 2174 suae
501 2110 657 2194 Majestuti
678 2111 789 2174 babent
804 2112 927 2195 gratias,
944 2119 1107 2193 optantque
1121 2112 1139 2172 la
1154 2112 1223 2174 Deo
1235 2121 1282 2173 ter

86 2207 206 2288 optimo
226 2215 330 2288 terque
344 2209 476 2272 maximo
494 2219 557 2272 tota
574 2208 674 2271 cordis
693 2209 876 2284 extensione,
897 2211 967 2286 (nec
984 2209 1125 2271 dubitant
1142 2209 1281 2270 divinam

85 2303 262 2377 bonitatem,
275 2325 360 2367 suam
375 2304 543 2369 Caesaream
559 2305 751 2387 Majestatem
771 2304 894 2385 ejusque
911 2305 1081 2369 institutum
1100 2305 1283 2387 amplissima

84 2402 126 2463 de
147 2402 223 2463 coelo
242 2402 451 2465 benedictione
471 2404 687 2485 promoturum)
714 2410 747 2462 ut
764 2400 873 2463 borum
893 2402 1082 2464 comitiorum
1105 2402 1283 2465 consultatio

85 2498 153 2559 sine
179 2497 281 2562 fructu
310 2519 369 2559 non
396 2498 539 2561 elabatur.
588 2498 786 2578 offeruntque
805 2498 846 2559 ad
866 2496 924 2559 boc
944 2498 1156 2560 demississime
1173 2500 1283 2561 mentis

83 2593 289 2672 contentione,
313 2594 445 2657 consiliis
468 2594 656 2675 auxiliisque,
677 2613 731 2675 pro
752 2603 886 2655 extremo
906 2614 1004 2675 posse,
1026 2614 1089 2657 sum
1110 2595 1282 2677 Majestatis

85 2692 272 2774 propositum
286 2692 330 2754 ita
343 2694 391 2774 adj
397 2712 497 2768 uvare,
512 2701 547 2753 ut
560 2693 601 2755 ad
614 2700 747 2773 optatum
762 2691 939 2771 felicemque
952 2691 1044 2753 linem
1057 2701 1103 2754 tot
1114 2694 1192 2755 votis
1204 2693 1283 2755 desi·

85 2790 200 2851 derassa
218 2789 301 2869 pacis
319 2790 477 2865 decurram
508 2790 591 2870 quod
609 2789 708 2870 superi
726 2808 857 2849 annuere
874 2797 904 2849 et
920 2788 1051 2871 benigno
1065 2789 1166 2872 favore
1183 2797 1282 2852 ratum

88 2884 200 2947 babere
213 2885 319 2947 uelint.

130 2981 223 3054 Quod
237 3002 307 3044 vero
321 2981 459 3044 nonnulli
471 3003 508 3043 ex
521 2982 707 3064 principibus
720 2990 750 3043 et
763 2981 889 3043 statibus
904 2981 1031 3062 Imperii
1047 2982 1100 3062 qni
1114 2981 1133 3044 a
1146 3000 1200 3043 sua
1213 2980 1282 3043 Ma·

81 3080 196 3160 jestete
217 3098 302 3159 mque
320 3098 355 3139 ac
374 3078 425 3140 alii
444 3080 483 3141 ad
496 3077 561 3141 haec
580 3078 701 3140 comitia
718 3098 772 3159 pro
788 3079 868 3139 bono
880 3098 988 3159 pressae
1003 3086 1034 3139 et
1046 3098 1122 3159 pena
1135 3096 1281 3160 oppressa

89 3174 196 3255 petrioe
209 3174 357 3249 instituta,
372 3174 483 3255 scripto
497 3174 725 3235 clementissime
744 3176 911 3251 convocati,
930 3174 1030 3236 adbuc
1044 3175 1146 3237 necin
1159 3176 1281 3258 propria

88 3289 216 3351 persona
236 3290 292 3331 nec
311 3290 364 3352 per
384 3270 511 3354 legatos
529 3290 700 3352 comparere
718 3271 878 3352 potuerint.
920 3271 960 3333 Id
977 3292 1032 3333 sua
1050 3271 1192 3353 Majeetas
1209 3272 1281 3352 (nisi

89 3386 157 3447 spes
170 3366 268 3444 fallat)
283 3386 363 3449 aegre
377 3388 437 3429 non
448 3366 532 3443 feret,
545 3368 598 3429 sed
607 3366 707 3449 potius
718 3366 809 3429 simul
818 3387 921 3429 omnes
931 3376 962 3430 et
971 3368 1105 3451 singulos
1116 3368 1281 3451 speciatim,

88 3464 127 3525 ob
148 3472 337 3547 pregnantes
350 3464 489 3547 jamdum
507 3473 592 3526 notes
609 3483 713 3526 causas
734 3462 962 3525 clementissime
977 3473 1132 3527 excusatos
1148 3464 1280 3539 habebit,

89 3580 161 3621 cum
174 3559 208 3622 id
217 3580 277 3622 nou
291 3580 329 3621 ex
341 3561 460 3623 defectu
474 3559 712 3641 propensissimae
725 3580 831 3622 eorum
842 3560 1003 3623 voluntatis
1015 3570 1046 3623 et
1056 3562 1165 3625 debitae
1178 3559 1280 3621 obedi-

21 3644 24 3733 l
90 3656 190 3730 entioe,
204 3656 257 3719 sed
270 3656 369 3737 potius
382 3658 419 3719 ob
435 3656 606 3719 calamitosa
619 3666 763 3738 tempora,
779 3656 943 3737 infestaque
957 3657 1066 3738 passim
1079 3656 1162 3721 hoste
1172 3656 1280 3719 itinera
