3225 4700
311 280 388 346 ’408
699 275 1115 344 ITINERARIUM.
1465 262 1472 273 ⁸
1575 203 1581 268 l

358 428 537 512 Augebatur
550 429 665 490 interea
678 428 821 491 intestine
831 427 876 489 vis
891 427 986 488 morbi
1001 437 1031 490 et
1043 428 1112 489 Rex
1126 427 1273 510 paulatim
1286 430 1326 491 ad
1336 429 1458 492 obitum
1475 430 1536 491 de·
1572 467 1581 518 4

316 525 457 587 elinabat.
487 523 673 586 Profectioni
687 546 723 586 ex
737 525 845 586 mundi
859 524 949 606 hujus
963 523 1193 600 calamitatibus,
1208 527 1249 587 ad
1262 525 1409 588 laetiorem
1421 529 1535 608 (quod

316 621 404 704 plane
424 620 621 697 confidimns)
641 621 733 683 vitam
751 623 770 682 b
786 622 858 684 vitae
879 621 1043 702 mortisque
1064 621 1213 695 Domino,
1231 643 1350 684 summo
1368 622 1440 686 coeli
1467 635 1533 684 ter·

316 738 418 799 raeque
444 718 602 790 dictatore,
612 718 675 778 dies
697 729 804 798 quartu
826 718 942 780 decima
965 717 1045 777 Maii
1070 721 1232 781 constituta
1262 729 1318 795 est,
1346 720 1421 781 hora
1449 722 1533 781 verb

315 826 381 897 post
399 816 557 877 meridiem
576 815 680 890 altera,
700 815 805 876 eadem
828 814 943 876 scilicet
963 834 1032 895 quae
1050 813 1148 875 fatalis
1169 815 1228 877 fuit
1248 837 1358 900 magno
1378 817 1531 878 Henrico

315 912 405 994 bnjus
422 913 553 974 nominis
570 923 678 995 quarto
698 911 814 994 parenti
833 912 980 973 Lndovici
1000 913 1106 995 Regis,
1124 914 1177 993 qui
1195 916 1288 976 Anno
1303 914 1417 976 Christi
1443 917 1530 974 1610

314 1010 445 1072 violenti
461 1021 556 1072 morte
571 1011 650 1072 vivis
668 1032 721 1093 per
739 1008 922 1091 parricidam
939 1017 1058 1090 ereptus
1073 1009 1139 1070 fuit.
1181 1011 1259 1092 Ejus
1277 1011 1393 1086 obitum
1410 1032 1527 1073 conse-

313 1116 424 1186 quente
437 1107 487 1169 die
499 1108 605 1189 junior
618 1109 686 1170 Rex
700 1107 875 1169 Ludovicus
889 1106 982 1168 XIV.
997 1116 1026 1168 et
1042 1107 1163 1190 Regina
1180 1109 1283 1180 vidua,
1302 1108 1525 1170 comitantibus

314 1203 398 1286 regio
416 1203 507 1266 fratre
528 1205 653 1287 aliisque
675 1204 761 1288 regni
781 1203 969 1286 principibus
985 1223 1021 1266 ac
1041 1204 1220 1266 consiliariis
1237 1205 1370 1266 Parisios
1386 1205 1522 1288 ingressi

296 1311 384 1371 ,sunt
406 1322 516 1384 magna
537 1302 749 1385 gratulatione,
770 1311 802 1364 et
824 1305 940 1384 accepti
963 1301 1092 1384 plurima
1114 1302 1218 1384 populi
1244 1303 1465 1364 acclamatione
1490 1317 1522 1366 et
1580 1311 1581 1332 l

312 1398 430 1481 plausu.
471 1399 669 1462 conducebat
683 1399 801 1482 Regem
815 1397 1036 1461 Marcscballus
1050 1400 1087 1460 de
1102 1399 1222 1462 Guicbe
1232 1419 1302 1460 cum
1312 1399 1432 1482 legione
1445 1421 1520 1462 cns-

312 1497 401 1558 todiae
423 1496 515 1579 regiae
535 1497 686 1579 assignata
706 1496 847 1576 equestri,
870 1497 958 1579 cujus
979 1497 1108 1558 dimidia
1127 1517 1196 1578 pars
1215 1497 1369 1578 praecessit
1389 1496 1519 1559 rhedam

312 1591 408 1654 altera
424 1594 569 1655 medietas
588 1603 693 1654 secuta
711 1602 766 1654 est.
803 1592 985 1674 Priusquam
1005 1593 1073 1656 ltux
1091 1594 1194 1655 urbem
1212 1594 1374 1677 attingeret
1387 1595 1518 1656 obvium
1580 1667 1581 1672 η

313 1709 366 1770 pro
380 1711 462 1752 more
476 1689 581 1752 hebuit
598 1692 817 1774 magistratum,
832 1691 884 1771 qui
898 1691 998 1753 clares
1014 1691 1097 1752 urbis
1110 1691 1235 1768 detulit,
1247 1699 1277 1753 et
1292 1691 1365 1752 alias
1382 1689 1518 1751 solenni·
1580 1697 1581 1774 l

312 1797 384 1848 tates
398 1797 532 1868 receptas
545 1800 721 1870 prosecutus
735 1798 796 1848 est:
817 1787 920 1848 omnia
933 1797 1069 1869 optatum
1084 1787 1215 1849 habuere
1227 1808 1410 1850 successum.

350 1885 451 1946 Tertio
461 1885 581 1947 decimo
590 1885 668 1945 Maii
677 1883 850 1946 Cardinalis
861 1883 991 1945 Infantis
1001 1885 1128 1946 cadaver
1139 1885 1266 1946 Parisiis
1279 1885 1310 1946 in
1325 1884 1514 1966 Hispaniam
1580 1891 1581 1926 ³

311 1981 445 2044 delatum
464 1991 521 2043 est.
563 1983 624 2044 Cui
640 1981 717 2044 nlius
734 1981 831 2042 bonos
846 2001 907 2044 non
927 1991 972 2044 est
990 1981 1119 2058 habitus,
1136 1981 1195 2044 nisi
1211 1984 1294 2064 qnod
1308 1985 1348 2042 25
1366 1982 1468 2045 rhedis
1486 1991 1517 2044 et

309 2079 465 2161 manipulo
478 2080 612 2161 equitum
627 2080 840 2142 comitantibus
854 2079 1045 2142 introductus
1058 2079 1161 2142 fuerit.

351 2177 455 2239 Biduo
478 2187 546 2258 post
566 2177 793 2240 Aurelianensis
814 2178 887 2238 Dux
909 2179 1069 2262 conjugem
1090 2198 1173 2240 suum
1195 2177 1361 2240 honorilice
1381 2181 1512 2261 excepit,

310 2275 484 2357 nuptiisque
500 2273 575 2335 alids
593 2274 677 2334 initis
691 2273 946 2358 Arebiepisoopus
969 2276 1150 2338 Parisiensis
1171 2277 1279 2336 iterum
1301 2277 1468 2348 benedixit,
1483 2289 1514 2339 et

310 2374 407 2435 denuo
420 2372 622 2434 confirmavit.
653 2372 803 2455 Princeps
815 2383 910 2455 nupta
918 2374 1041 2435 divertit
1051 2374 1081 2435 iu
1092 2374 1163 2435 auid
1171 2394 1262 2457 quarn
1275 2374 1511 2457 Lunenburgen-

263 2503 265 2506 ·
310 2491 373 2531 sem
387 2470 551 2552 appellant.

349 2567 506 2649 Vigesima
519 2566 617 2649 prima
629 2566 652 2629 J
654 2568 718 2629 nnii
732 2568 828 2651 Regis
841 2567 1090 2630 christianissimi
1104 2566 1234 2629 cadaver
1250 2567 1282 2629 iu
1303 2566 1336 2629 S.
1359 2566 1510 2649 Dionysio

308 2664 477 2747 depositum
492 2675 536 2725 est
549 2664 581 2724 id
593 2664 673 2745 qnod
685 2686 746 2726 non
760 2665 927 2726 minoribus
941 2664 1100 2744 impendiis
1112 2663 1204 2745 quam
1215 2674 1360 2746 apparatu
1370 2665 1509 2747 eontig't

308 2770 444 2823 asserunt
456 2761 538 2822 enim
553 2761 583 2821 in
598 2781 663 2821 eom
677 2781 740 2822 rem
755 2781 816 2822 non
829 2761 929 2822 minus
942 2761 1066 2843 triginta
1079 2780 1235 2823 aureorum
1248 2762 1382 2824 millibus
1395 2762 1508 2843 impen-

308 2877 374 2919 sum
389 2878 462 2929 esse,
476 2858 516 2918 ad
529 2875 617 2937 quem
631 2866 732 2918 actum
747 2858 902 2939 praecipua
915 2856 1056 2919 nobilitas
1069 2857 1161 2918 totins
1176 2856 1288 2919 Galliae
1301 2858 1483 2921 convolavit.

350 2955 470 3017 Interea
491 2956 522 3015 in
547 2954 670 3015 Artesia
692 2954 712 3015 d
733 2954 833 3017 Galba
856 2976 903 3017 res
926 2954 1045 3017 fortiter
1066 2956 1226 3036 gerebatur
1245 2956 1507 3018 succumbentibus

310 3052 458 3134 Hispanis
474 3051 512 3112 ad
526 3050 678 3113 civitatem
695 3052 829 3133 Rocroy.
872 3051 1062 3113 Obsederant
1083 3052 1217 3134 Hispani
1234 3052 1411 3129 Rocroium,
1425 3062 1455 3115 et
1470 3055 1506 3115 ab

308 3149 424 3230 aliquot
438 3150 544 3211 diebus
562 3150 639 3210 serio
654 3149 837 3231 premebant.
880 3148 919 3209 Iu
939 3148 974 3209 ed
993 3148 1150 3210 obsidione
1165 3158 1199 3211 ut
1214 3148 1281 3210 lieri
1295 3164 1377 3211 amat
1392 3150 1505 3212 emitte·

307 3246 381 3309 bant
394 3247 412 3307 b
425 3246 531 3307 castris
548 3246 714 3308 identidem
728 3246 862 3309 diversos
878 3245 1048 3329 manipulos
1064 3247 1172 3327 partim
1194 3245 1379 3327 explorandi,
1394 3258 1504 3329 partem

307 3342 438 3405 bostium
453 3343 530 3406 fines
544 3343 705 3407 infestandi
720 3343 826 3426 gratid,
841 3345 950 3425 quibus
965 3344 1205 3426 expeditionibus
1219 3354 1279 3405 tam
1295 3345 1404 3426 praedis
1416 3344 1503 3425 qndm

307 3440 458 3501 incendiis
468 3442 625 3503 vastabant
634 3441 746 3523 oppida
755 3454 785 3504 et
796 3462 899 3525 pagos.
930 3442 1023 3516 Quod
1035 3454 1067 3503 ut
1076 3454 1288 3522 compererunt
1300 3442 1395 3519 Galli,
1409 3444 1504 3525 copias

308 3556 376 3598 suas
393 3537 492 3599 subito
512 3548 718 3601 convocarunt
737 3549 771 3599 ut
790 3538 907 3601 civitati
923 3558 1034 3620 pressae
1054 3548 1085 3600 et
1106 3538 1253 3601 deditioni
1276 3540 1421 3621 proximae
1440 3562 1502 3603 suc·

308 3644 472 3697 currerent.
516 3635 655 3697 Ducebat
671 3636 770 3717 copias
788 3636 996 3698 serenissimus
1010 3638 1256 3719 Anguinensinm
1279 3638 1354 3700 Dux
1372 3639 1500 3701 milesio
