3225 4700
328 303 393 369 388
721 301 1125 370 ITINERARIUM.

332 457 471 519 Marchio
491 459 707 537 Noirmautier,
723 459 865 522 Murolrio
878 460 917 522 de
935 459 1113 544 Mangirou,
1128 459 1269 522 Marchio
1286 460 1325 522 de
1343 455 1543 528 Mum-oller,

330 575 432 616 omnes
447 555 641 619 Maresohalli
653 558 763 640 campi.

371 651 419 712 Ex
435 652 646 716 Gnebricnicis
664 653 824 732 Generalis
842 653 1080 730 Sehdnbeckius,
1101 654 1260 717 Generalis
1276 653 1424 729 Ohmius,
1447 651 1548 713 Colu-

330 748 427 810 nellns
453 749 551 834 Klng,
574 751 747 815 Colouellus
769 753 933 827 Chambre,
957 751 1131 815 Colonellus
1156 751 1322 826 Folleville,
1352 748 1549 813 Colonellus

331 843 479 921 Kohllras‚
495 845 669 908 Colouellus
688 847 838 920 nothart,
852 849 1025 912 Colouellus
1045 849 1170 930 quidam
1188 849 1308 912 natione
1326 848 1462 918 Scotus,
1482 846 1547 908 Ge·

330 941 438 1002 neralis
453 944 586 1006 Auditor
597 945 756 1028 pluresque
768 945 985 1008 commissarii.

372 1037 421 1100 Ex
434 1039 551 1122 legione
565 1043 649 1124 regia
665 1042 795 1124 equestri
812 1052 939 1123 quatuor
957 1042 1145 1105 centuriones
1159 1043 1305 1124 equitnm,
1318 1063 1372 1104 sex
1388 1039 1546 1102 officiarii

330 1145 360 1197 et
372 1135 478 1199 decem
491 1138 652 1201 voluntarii
665 1160 702 1200 ex
714 1139 809 1200 nobili
823 1138 948 1200 familia.

371 1231 418 1293 Ex
431 1232 618 1296 Kolhusiaua
627 1235 745 1318 legione
754 1235 854 1298 locum
866 1247 971 1298 tenens
980 1235 1107 1320 legionis
1115 1247 1145 1299 et
1154 1257 1312 1320 supremus
1323 1236 1448 1320 vigiliis
1462 1253 1546 1318 prm·
1580 1275 1581 1288 η

329 1329 426 1392 fectus
439 1351 508 1391 cum
523 1331 659 1411 pluribus
671 1332 739 1393 aliis
751 1331 941 1394 officialibus.

371 1424 418 1486 Ex
430 1425 605 1488 Simauiana
619 1425 739 1508 legione
754 1428 854 1491 locum
873 1438 978 1492 tenens
990 1429 1116 1513 legionis
1131 1430 1274 1493 Marchio
1287 1431 1325 1492 de
1335 1429 1423 1492 vitri
1440 1437 1481 1490 et
1496 1449 1544 1490 su·
1580 1489 1581 1516 i

329 1541 450 1602 premus
462 1523 575 1605 vigiliis
588 1526 745 1606 praefectus
755 1545 825 1587 cnm
840 1525 977 1606 pluribus
991 1527 1058 1588 aliis
1072 1527 1259 1589 officialibus.

371 1619 579 1682 Mazariniaua
593 1621 682 1704 legio,
698 1623 771 1703 quia
786 1643 818 1684 se
836 1624 945 1685 dedere
958 1623 1067 1696 noluit,
1084 1625 1204 1705 penitus
1217 1624 1338 1686 coneus
1354 1633 1411 1698 est,
1427 1624 1494 1698 ita,
1511 1635 1544 1682 ut

331 1726 440 1798 preter
452 1737 546 1780 unum
560 1719 763 1782 centurionem
776 1730 898 1802 captum
910 1739 1000 1782 nemo
1014 1721 1150 1783 evaserit.

369 1814 418 1875 Ex
433 1815 627 1878 Rnuzoviaua
636 1816 755 1898 legione
764 1817 866 1880 locum
878 1827 982 1880 tenens
992 1817 1130 1901 legionis,
1139 1817 1245 1880 decem
1256 1816 1403 1901 praecipui
1414 1817 1544 1879 militer

328 1931 397 1973 oum
412 1912 515 1974 multis
527 1913 596 1975 aliis
609 1913 796 1976 officialibus.

371 2007 441 2070 Hac
460 2019 546 2090 parta
558 2009 686 2071 victoria
698 2021 780 2071 rectu
793 2010 955 2072 Rotwiluin
969 2021 1084 2074 motum
1096 2031 1187 2092 quam
1198 2012 1272 2073 Dux
1281 2011 1543 2093 Wirteubergius

328 2104 474 2188 vigesima
487 2107 575 2168 tertia
589 2106 771 2168 Novembris
784 2107 903 2170 dedidit
915 2106 962 2168 luis
970 2107 1192 2170 conditionibus
1202 2119 1236 2171 ut
1249 2109 1312 2190 ipse
1325 2117 1451 2169 tuntum
1463 2129 1539 2170 cum

330 2203 489 2285 praecipuis
506 2203 683 2265 officialibus
700 2214 730 2265 et
741 2203 964 2285 impedimentis
977 2203 1179 2287 egrederetur,
1196 2204 1305 2286 reliqui
1321 2205 1394 2266 verd
1413 2205 1542 2266 milites

328 2301 379 2382 qui
401 2299 601 2363 millenarium
622 2301 806 2364 excedebant
822 2301 967 2363 servirent
984 2300 1122 2377 Bavaris,
1138 2301 1248 2364 vexilla
1266 2303 1337 2363 verd
1355 2301 1469 2363 omnia
1491 2303 1540 2364 di·

328 2400 480 2460 mitterent
492 2420 561 2461 cum
576 2400 659 2460 omui
669 2398 851 2481 provisione,
863 2399 985 2460 militari
994 2408 1174 2475 commeatu,
1185 2400 1241 2461 &c
1272 2400 1321 2461 De
1331 2399 1388 2459 heo
1397 2399 1540 2461 victoria

328 2497 431 2558 multis
453 2506 555 2577 postea
574 2496 648 2558 locis
671 2495 832 2579 magnifice
853 2495 1072 2578 triumphatum
1097 2506 1141 2559 est
1164 2507 1225 2558 tam
1250 2516 1304 2579 per
1324 2496 1538 2558 Germaniam

327 2593 419 2676 qudm
432 2592 575 2677 Belgium
589 2606 619 2656 et
629 2595 707 2656 bono
721 2595 791 2655 Deo
804 2594 991 2656 exercituum
1005 2593 1139 2656 Domino
1153 2594 1258 2677 gratier
1271 2593 1391 2656 delate.
