3225 4700
347 316 412 382 ees
736 309 1155 379 remansurum.
1241 259 1243 264 ’

387 464 634 528 Abominandum
647 474 701 538 est,
715 465 796 544 quod
811 464 900 525 certis
914 465 1084 524 cursoribus
1101 463 1244 526 Helvetia
1255 461 1425 525 transmisit
1440 459 1560 520 bestia-
1583 487 1584 534 ᾗ

346 561 437 622 litatis
452 561 677 622 documentum.
707 560 771 622 Ubi
784 560 856 622 foeta
868 561 977 622 bucula
989 563 1065 622 duos
1079 561 1211 622 humana
1224 561 1323 643 speeie
1337 569 1366 621 et
1380 559 1493 619 forma
1507 556 1559 616 ab

346 657 553 730 solutissimos,
572 657 598 718 si
614 659 748 718 membra
764 669 891 739 spectes,
911 659 1000 720 foetus
1017 661 1122 720 eodem
1137 670 1224 741 partu
1242 659 1329 719 enixa
1343 667 1400 730 est,
1417 675 1559 738 puerum

345 753 459 816 seilicet
473 764 503 815 et
520 754 660 837 puellam.
701 754 888 816 (inhorruere
907 755 946 816 ed
964 756 1168 836 spectaculum
1185 754 1353 830 domestici,
1370 754 1451 814 dum
1480 752 1558 811 forte*

345 851 534 913 illucescente
555 852 605 914 die
626 853 657 912 in
679 851 829 913 stabulum
851 855 1055 934 penetravere,
1079 864 1109 914 et
1130 852 1271 913 horrendi
1292 851 1404 934 flagitii
1429 849 1558 910 indicis

345 949 544 1030 conspexere:
573 969 629 1010 nec
650 948 778 1010 multum
800 949 944 1022 cunctati,
964 949 1004 1009 ad
1022 948 1190 1032 legitimum
1212 948 1431 1031 Magistratum
1459 965 1557 1026 nego·

345 1044 420 1106 tium
434 1045 648 1118 detulerunta
664 1067 725 1126 quo
744 1043 930 1121 conclusum,
946 1055 979 1106 ut
998 1065 1088 1126 pecus
1107 1046 1177 1128 igne
1191 1047 1409 1118 absumeretur,
1426 1044 1462 1103 in
1480 1063 1556 1103 auc-

346 1153 440 1203 torem
453 1143 525 1203 verb
543 1142 652 1223 flagitii
667 1141 771 1202 sedulb
788 1141 997 1222 inquireretur,
1015 1142 1067 1224 qui
1085 1143 1111 1202 si
1131 1152 1266 1224 repertus
1284 1153 1371 1216 esset,
1395 1139 1554 1200 custodiae

344 1239 542 1313 addiceretur,
557 1239 668 1319 quoad,
682 1239 757 1320 quid
771 1239 974 1320 impurissimo
987 1240 1094 1300 lenone
1107 1239 1271 1321 agendum,
1286 1237 1412 1299 decerni
1426 1247 1554 1318 posset:

345 1337 434 1397 ambo
448 1336 519 1396 verb
532 1336 621 1397 foetns
634 1335 778 1416 tantisper
790 1347 1048 1412 conservarentur,
1058 1337 1158 1417 quoad
1166 1336 1306 1416 judicare
1317 1333 1425 1395 liceret
1435 1355 1552 1395 verene

346 1433 481 1494 homines
498 1433 613 1494 ratione
631 1431 752 1513 praediti
768 1445 878 1508 essent,
894 1453 932 1494 an
951 1434 1039 1494 bruta
1054 1453 1175 1516 pecora,
1189 1431 1299 1512 quibus
1318 1441 1550 1492 sacramentum

344 1529 577 1612 regenerationis
591 1529 762 1611 negandum
775 1541 830 1591 aut
842 1529 1074 1611 impertiendum
1089 1529 1174 1591 foret.

386 1627 591 1688 Monstrosum
605 1646 721 1707 quoque
742 1637 861 1706 partum
875 1626 956 1688 fudit
971 1625 1076 1687 infelix
1092 1635 1197 1700 mater,
1218 1625 1339 1687 sartoris
1355 1635 1385 1685 et
1399 1623 1548 1684 vinitoris

343 1722 500 1804 cujusdam
515 1743 599 1796 uxor,
618 1722 721 1804 oppidi
741 1721 901 1799 Hochstat,
922 1723 1080 1784 comitatus
1097 1722 1299 1784 Hanovieusis
1315 1719 1436 1793 incolae,
1451 1721 1547 1782 foetns

344 1840 382 1878 ex
396 1829 481 1880 utero
497 1818 602 1879 vivens
618 1839 655 1879 ac
672 1818 788 1898 spirens
804 1840 940 1902 egressus
958 1831 1012 1890 est,
1028 1820 1232 1900 referebatque
1253 1818 1406 1902 geminam
1424 1818 1544 1899 prolem

342 1915 475 1977 humana
494 1915 591 1997 specie
610 1915 783 1996 perfectam,
803 1916 957 1997 geminum
976 1916 1005 1976 ei
1024 1925 1115 1996 capnt
1133 1927 1206 1989 erat,
1224 1914 1307 1977 aliud
1327 1915 1458 1976 alterum
1483 1937 1543 1975 res

343 2013 468 2093 piciens,
480 2032 542 2073 suae
555 2012 652 2073 cuivis
664 2032 761 2086 aures,
776 2011 867 2087 oculi,
880 2033 978 2088 nasus,
989 2012 1082 2082 frons,
1094 2035 1137 2086 os,
1152 2013 1267 2096 lingua,
1281 2011 1371 2087 labia,
1386 2024 1541 2084 mentum,
1583 2013 1584 2064 ξ

343 2129 449 2170 manus
464 2109 581 2189 utrique
595 2118 626 2170 et
639 2109 730 2190 pedes
744 2109 867 2190 proprii,
881 2130 950 2170 cum
965 2110 1114 2171 consuetis
1132 2109 1246 2172 homini
1260 2109 1364 2190 digitis
1378 2119 1408 2169 et
1425 2111 1541 2191 ungui·

343 2206 408 2279 bus,
419 2206 537 2286 aliaque
550 2205 652 2266 omnia
661 2209 795 2267 membra
807 2208 845 2267 ab
859 2207 989 2269 humana
998 2207 1172 2288 symmetria
1183 2205 1259 2267 nihil
1273 2205 1447 2267 abludentis
1460 2226 1541 2286 prae·

342 2310 479 2383 terquam
492 2302 574 2383 qnod
586 2301 733 2365 anteriore
748 2314 832 2385 parte
846 2303 959 2367 ventris
970 2305 1012 2366 ita
1021 2303 1202 2379 coaluerant,
1213 2313 1247 2365 ut
1260 2303 1434 2365 communia
1448 2303 1540 2365 intes·
1583 2289 1584 2365 l

342 2398 404 2458 tina
413 2398 587 2461 viderentur
599 2400 719 2474 habere,
731 2421 787 2463 uec
801 2399 897 2462 ullum
912 2406 998 2463 sexlls
1013 2403 1174 2464 discrimen
1188 2410 1352 2483 appareret.
1397 2400 1536 2482 Uterque

342 2496 435 2557 vitam
458 2508 488 2558 et
511 2498 643 2559 animam
665 2498 814 2579 propriam
835 2498 916 2559 visus
937 2509 982 2560 est
1003 2498 1122 2573 habere,
1143 2509 1233 2579 atque
1253 2498 1361 2559 exinde
1381 2497 1536 2579 duplicem

342 2592 433 2653 fuisse
447 2593 597 2655 hominem
611 2596 842 2677 comprobarunt
855 2596 972 2677 physici
986 2606 1016 2657 et
1028 2596 1153 2657 medicae
1167 2596 1240 2656 artis
1252 2595 1349 2677 periti,
1364 2596 1445 2675 quod
1459 2596 1536 2657 nlter
1583 2636 1584 2649 η

341 2699 409 2769 post
425 2690 552 2751 alterum
571 2692 723 2767 defecerit,
743 2704 773 2754 et
793 2694 908 2775 primus
928 2695 1049 2774 quidem
1070 2692 1174 2755 decem
1192 2702 1310 2754 tantum
1330 2692 1410 2753 boris
1432 2713 1535 2773 super·

344 2786 461 2861 vixerit,
475 2786 551 2849 alius
566 2789 636 2849 verb
651 2789 764 2850 vicenis
779 2791 933 2870 quaternis
948 2790 1028 2851 horis
1045 2790 1183 2871 spiritum
1197 2790 1307 2851 ducere
1321 2800 1352 2851 et
1366 2810 1398 2850 se
1413 2810 1532 2851 movere

342 2893 460 2943 notatus
479 2884 527 2944 sit.
570 2884 776 2946 convolarunt
794 2888 834 2947 ad
852 2887 978 2949 monstri
995 2886 1198 2968 spectaculum
1220 2887 1419 2967 undequaque
1440 2886 1533 2947 multa

341 2978 498 3040 homiuum
512 2980 608 3042 millia
626 2984 724 3042 omnis
738 2986 836 3059 sexus,
851 2984 955 3056 atatis,
970 2992 1000 3044 et
1012 2983 1210 3045 conditionis:
1240 2983 1293 3064 qui
1308 2984 1339 3042 in
1357 3002 1453 3043 seram
1467 3004 1530 3064 pos-

342 3087 475 3138 terorum
496 3078 670 3140 memoriam
693 3100 765 3141 saxo
788 3082 937 3161 quadrato
957 3092 1122 3141 monstrum
1140 3080 1235 3141 incidi
1259 3080 1426 3156 voluerunt,
1449 3092 1477 3141 et
1498 3081 1528 3141 in

341 3174 445 3235 eodem
463 3175 585 3256 oppido,
603 3175 655 3237 ubi
673 3196 733 3237 non
752 3178 855 3259 procul
873 3178 893 3239 d
909 3178 1013 3259 templi
1032 3176 1143 3258 pariete
1162 3176 1291 3238 cadaver
1309 3176 1457 3258 sepultum
1475 3186 1527 3252 est,

338 3273 425 3353 engi.

379 3367 463 3429 Dnm
479 3370 695 3456 multiplicatis,
710 3372 886 3452 portentosis
898 3372 978 3443 licet,
991 3381 1020 3434 et
1034 3371 1170 3433 nefandis
1178 3372 1306 3445 foetibus,
1319 3371 1527 3454 benignissima

339 3468 471 3529 universi
485 3488 591 3550 parens
606 3481 713 3530 natura
726 3469 945 3543 obstetricatur,
961 3478 991 3530 et
1005 3488 1167 3550 propagare
1182 3489 1276 3551 genus
1295 3468 1458 3529 humanum
1473 3470 1525 3529 fes·

339 3564 464 3627 tinaudo
484 3577 515 3628 et
530 3566 694 3632 exerraudo
711 3566 799 3627 dictis
817 3567 891 3628 locis
905 3568 1089 3642 connititur3
1108 3566 1179 3626 alibi
1194 3566 1318 3627 sublatis
1331 3568 1347 3629 ὲ
1365 3567 1462 3627 medio
1474 3568 1523 3628 ho-

339 3662 469 3726 minibus
480 3665 507 3745 ej
514 3665 614 3725 usdem
630 3665 779 3745 proposito
796 3664 959 3726 obsistitur.
1002 3665 1116 3725 Verum
1133 3662 1213 3725 enim
1227 3665 1298 3725 verb
1312 3663 1437 3725 Viennae
1452 3664 1523 3725 Aus-
