3225 4700
330 340 391 407 196
712 340 1115 410 ITINERARIUM.

329 501 426 554 esseut
447 491 556 575 ignari,
576 492 608 554 in
632 502 807 573 potestatem
826 512 913 554 suam
930 492 1057 575 redegit
1099 491 1171 554 Diei
1187 489 1236 551 six
1250 496 1348 570 potest
1358 493 1513 567 quantus
1531 484 1556 545 d

328 588 400 649 vino
412 597 443 650 et
454 587 605 650 frumento
617 589 649 651 in
663 587 774 669 oppido
787 588 846 649 hoo
859 596 1017 670 apparatus
1030 596 1163 669 repertus
1176 585 1278 660 inerit,
1290 605 1360 645 eum
1372 583 1448 644 illue
1468 591 1553 643 tota

330 704 422 765 prope
436 683 609 765 Rhingavia
620 693 652 744 et
660 684 774 745 circum
785 683 886 744 vicina
895 683 963 745 loea
973 684 1130 745 vinearum
1142 700 1342 764 agrorumque
1354 699 1427 761 opes
1439 677 1555 739 velut

332 780 474 842 intutum
486 800 545 841 uon
560 779 656 841 mnlto
668 788 737 841 ante
751 780 955 841 eontulissent

370 874 469 937 Simili
482 876 543 938 iere
553 875 653 952 modo,
664 876 725 937 imo
735 876 799 937 aine
809 876 923 937 viribus
932 876 1117 958 etsanguine
1125 872 1380 956 Oppenheimium
1391 870 1552 933 Suediea

330 990 414 1031 mma
426 970 555 1032 admisit.
594 971 685 1035 Enim
700 992 770 1034 vero
783 991 854 1032 eum
867 971 1029 1053 perexigua
1043 971 1248 1053 Hispanorum
1260 978 1361 1031 turma
1372 968 1405 1028 in
1417 968 1548 1050 praesi-

330 1066 383 1127 dio
399 1077 468 1128 ante
485 1065 535 1128 hie
556 1067 705 1128 excubans
724 1067 859 1142 vidisset,
877 1085 909 1128 se
927 1067 1157 1129 adventantibus
1169 1064 1414 1127 Wimariensium
1426 1064 1548 1144 eopiis

330 1161 474 1243 imparem
497 1182 571 1239 esse,
594 1183 650 1225 neo
670 1163 869 1245 reprimendis
889 1161 1046 1226 hostilibus
1065 1164 1180 1225 uiribus
1195 1162 1403 1233 sufficientem,
1421 1160 1544 1221 subito

330 1258 440 1339 pauieo
459 1267 543 1321 metu
564 1258 709 1320 exanimis
727 1258 758 1319 in
775 1260 887 1321 tutiora
903 1279 935 1321 se
952 1260 1019 1321 looa
1032 1261 1154 1342 recepit,
1169 1258 1365 1337 destituitque
1377 1276 1440 1317 uua
1456 1276 1545 1317 cum

330 1374 399 1416 aree
410 1355 555 1437 oppidum
568 1356 650 1417 omui
664 1356 759 1418 milita
775 1355 909 1417 nudumr
933 1356 1014 1418 unde
1026 1376 1089 1418 non
1102 1356 1161 1417 fnit
1170 1354 1293 1417 difficile
1304 1352 1415 1435 patulis
1425 1352 1543 1432 portis

329 1450 407 1512 hosti
421 1450 556 1512 introire.
598 1451 736 1514 Redneto
752 1471 843 1533 porro
854 1451 887 1512 in
901 1461 1075 1533 potestatem
1088 1450 1310 1535 Oppeuheimio
1323 1448 1543 1509 Fortalicium

328 1565 448 1626 qnoque
461 1566 499 1607 ex
508 1546 649 1609 ulteriore
662 1547 764 1610 Rheni
774 1555 857 1630 parte
866 1549 939 1610 olim
948 1557 1081 1611 ereetum
1091 1567 1183 1629 quam
1195 1566 1266 1609 mox
1278 1544 1459 1607 insederunt
1473 1562 1543 1624 ope

329 1640 519 1723 navigiorum
533 1661 601 1722 quae
614 1661 710 1723 nuper
722 1646 846 1725 quidem
859 1645 946 1728 aquis
958 1644 1111 1706 submersa
1125 1642 1245 1704 fuerant
1262 1641 1317 1703 sed
1335 1640 1541 1722 proditorum

329 1734 438 1798 inditio
451 1738 567 1799 detecta
579 1747 610 1801 et
622 1739 731 1801 iterum
744 1751 896 1803 extracta:
916 1740 975 1803 hoo
983 1739 1166 1802 fortalicium
1177 1737 1249 1800 lieet
1259 1736 1358 1799 hostes
1367 1735 1441 1797 hine
1452 1734 1539 1795 iude

327 1830 461 1895 dirutum
475 1852 529 1914 pro
542 1853 596 1895 sua
608 1836 764 1898 seonritate
778 1856 914 1917 reparare
927 1835 1138 1921 decrevissent,
1158 1854 1220 1895 nou
1238 1840 1401 1914 potnerunt
1419 1840 1539 1893 mmeu

328 1928 366 1989 ob
379 1927 573 1991 adventantes
587 1929 750 1992 Βαωὶοεε
763 1932 875 2013 eopias,
887 1932 927 1997 de
940 1931 1049 2013 quibus
1061 1930 1114 1992 nbi
1126 1929 1269 1993 certiores
1281 1928 1320 1989 ab
1328 1926 1537 2009 exploratori-

328 2025 384 2087 bns
396 2025 517 2091 luerunt
529 2027 650 2100 redditi,
664 2028 776 2091 reliotis
790 2030 860 2091 istie
872 2030 989 2092 dnobus
1002 2028 1159 2091 tormentis
1178 2026 1303 2098 bellicis,
1322 2045 1391 2086 mox
1410 2023 1456 2083 ad
1474 2044 1536 2105 op·

328 2122 434 2204 pidum
448 2125 465 2183 ὲ
478 2124 600 2205 regione
617 2124 709 2185 situm
728 2124 899 2201 redieruut3
920 2125 953 2185 in
968 2144 1028 2206 quo
1041 2125 1152 2188 Comes
1169 2124 1208 2186 de
1227 2119 1431 2205 Witgensteiu
1454 2140 1535 2181 eum

329 2216 467 2280 Suediois
487 2219 673 2300 Galliaisqne
692 2220 788 2301 oopiis
808 2220 960 2283 nonnullis
979 2220 1121 2292 substitit,
1142 2218 1298 2299 emisitque
1321 2219 1360 2279 de
1380 2217 1447 2277 suis
1474 2215 1535 2295 qni

329 2311 441 2376 wenna
451 2314 585 2396 jacentia
598 2315 709 2398 oppida
722 2315 888 2398 diriperent
899 2316 1022 2397 viaeque
1034 2316 1210 2379 infestarent
1222 2314 1263 2377 ad
1276 2314 1353 2396 ipsas
1364 2314 1429 2375 iere
1444 2311 1532 2375 Cru-

329 2411 537 2473 oeuaeeneinm
550 2422 666 2492 portas:
687 2410 720 2473 hi
733 2412 790 2494 ipsi
803 2432 924 2493 qnoque
939 2433 1001 2477 uon
1019 2413 1115 2474 multo
1133 2421 1199 2494 post
1218 2411 1352 2475 anbsidio
1370 2411 1532 2472 sociorum

328 2505 450 2569 aliunde
462 2508 669 2570 secedentium
682 2509 836 2571 civitatem
845 2509 945 2589 Aloey
957 2508 1114 2570 Winrariis
1126 2510 1327 2590 subjeoernut.

369 2601 448 2664 Hoee
466 2604 539 2665 dum
557 2615 702 2686 geruntur
718 2605 819 2682 isthic,
837 2604 1011 2667 Colouellns
1029 2604 1236 2686 Baumberger
1254 2603 1287 2664 iu
1307 2601 1531 2683 Philippebur·

329 2699 413 2780 gensi
432 2699 597 2762 munitione
617 2702 842 2776 commendans,
862 2700 949 2764 miles
968 2700 1116 2783 imprimis
1134 2699 1266 2783 vigilans
1285 2709 1317 2763 et
1334 2699 1444 2774 aerius,
1467 2718 1526 2779 per

329 2803 425 2857 certos
438 2795 553 2859 indices
566 2796 709 2879 iutelligit
721 2796 933 2860 Wimarienaes
950 2796 1076 2858 multam
1092 2795 1224 2878 pulveris
1243 2795 1430 2861 tormentarii
1447 2795 1526 2864 vim,

298 2913 302 2922 ·
330 2889 437 2953 bellios
459 2911 578 2973 quoque
600 2901 748 2955 tormenta
771 2893 924 2973 aliumque
946 2902 1122 2974 apparatum
1145 2891 1306 2955 militarem
1328 2911 1389 2954 uon
1412 2888 1525 2972 proeul

329 2985 660 3050 Germerelreimioeum
671 2987 786 3071 iringa
796 2988 905 3051 isthine
916 2990 1042 3051 avehere
1052 2987 1172 3052 defectu
1180 3009 1326 3070 equorum
1335 2997 1524 3050 eteurrum

328 3101 388 3142 uon
402 3094 531 3164 possent,
545 3084 697 3160 infodisse,
710 3085 811 3166 itaque
824 3106 894 3147 oum
906 3084 945 3147 de
958 3085 1025 3148 loco
1033 3085 1144 3147 iudicis
1155 3085 1362 3161 examinasset,
1377 3093 1521 3163 sertaque

329 3177 415 3259 signa
432 3181 630 3262 eognovisset‚
647 3200 718 3242 mox
735 3183 835 3244 emisit
847 3182 900 3261 qui
913 3179 1078 3243 effoderent
1090 3182 1207 3244 denuo:
1225 3191 1399 3263 repererunt
1411 3179 1447 3239 hi
1459 3187 1522 3239 tor·

328 3277 551 3357 montemajore
560 3275 667 3338 bellios
674 3276 806 3358 quinque
817 3277 950 3348 omnino,
959 3296 1087 3357 quorum
1096 3297 1191 3340 anum
1200 3277 1375 3358 preferebat
1388 3272 1519 3356 insignia

328 3367 601 3454 Wirteubergends
625 3372 732 3448 Ducis,
756 3372 819 3435 duo
842 3373 969 3435 Saxonis
992 3373 1211 3447 Wimariensis‚
1234 3373 1351 3455 reliqna
1371 3369 1518 3434 Eleotoris

329 3464 485 3530 Saxonioe:
507 3467 635 3531 multum
655 3469 726 3532 item
747 3469 925 3530 instructum
944 3469 1096 3544 bellicum,
1113 3489 1183 3551 quse
1202 3471 1307 3532 omnia
1324 3471 1357 3532 in
1374 3469 1514 3532 Castrum

328 3562 465 3645 Philippi
479 3565 581 3628 invehi
592 3585 684 3647 qnam
697 3566 829 3647 primum
842 3564 969 3627 onravit.

367 3661 479 3724 Basari
488 3660 711 3726 interhaounn
722 3660 1020 3725 feriamurinferins:
1040 3658 1512 3745 aggrediuntureniml'elouium
