3225 4700
329 343 394 408 370
738 343 761 408 I
765 343 1048 412 TINERARI
1059 345 1144 411 OM.

330 494 442 555 heimio
458 503 584 570 mortuo,
600 495 661 558 ritu
679 497 824 560 militibus
842 509 971 580 receptu,
989 519 1152 580 appensum
1169 499 1277 572 iuerat,
1293 498 1324 559 iu
1340 497 1435 558 frusta
1453 513 1533 555 con-

331 592 468 667 fractum,
489 592 573 655 nullo
596 594 777 676 impellente,
798 595 830 656 in
852 606 960 659 terram
982 597 1107 660 decidit.
1148 597 1241 659 Varie
1261 597 1448 679 explicatum
1472 593 1534 654 fuit

331 697 512 769 portentum,
526 690 660 772 plerique
674 692 745 756 inde
758 694 913 756 sinistrum
926 705 1116 778 sumpserunt
1128 716 1226 756 omen.

372 786 443 848 Non
459 788 562 867 procul
577 788 760 852 Sebethusio
772 793 918 874 oppidum
931 803 986 864 est,
1001 794 1081 874 quod
1095 794 1205 855 accolis
1215 792 1410 860 Scbwicium,
1423 809 1483 850 seu
1499 799 1534 847 ut

330 881 382 943 alii
396 882 606 948 Scbweituium
619 887 769 969 appellare
782 899 903 971 recepto
921 891 1043 952 nomine
1061 891 1183 973 placuit,
1199 892 1286 973 cujus
1299 887 1399 950 coloni
1416 885 1531 946 miram

329 978 402 1040 solis
415 979 533 1057 faciem,
548 994 579 1044 et
589 985 698 1066 saepius
713 986 860 1047 variatam
875 987 1080 1060 observarunt,
1094 1008 1129 1049 ac
1145 987 1364 1049 lucidissimum
1378 985 1444 1065 ejus
1459 1003 1530 1043 cor·

330 1095 388 1156 pus
400 1078 514 1140 circulo
522 1081 667 1164 subnigro
677 1093 707 1144 et
717 1082 838 1145 ceruleo
847 1083 948 1145 colore
962 1084 1061 1157 misto,
1074 1087 1215 1147 amictum
1231 1105 1291 1145 non
1305 1084 1369 1144 sine
1382 1081 1530 1163 prodigio

330 1188 520 1255 aspexerunt,
547 1176 683 1240 lunarem
708 1184 780 1242 verb
804 1181 943 1263 spheram
972 1184 1147 1245 omnimoda
1173 1193 1203 1245 et
1228 1181 1391 1263 nigerrima
1418 1178 1530 1259 eclipsi

332 1281 440 1332 tectam
454 1283 604 1335 notarunt.
647 1277 695 1338 Ex
713 1280 795 1339 omni
815 1279 944 1360 denique
959 1281 1028 1342 coeli
1047 1291 1129 1362 parte
1144 1277 1374 1342 circum-vicina
1391 1276 1529 1360 ingentis

331 1369 549 1452 magnitudinis
568 1373 674 1454 globos
695 1387 883 1456 erumpentes
906 1377 937 1438 in
962 1387 1072 1438 terram
1096 1378 1270 1440 decidentes
1294 1376 1445 1444 viderunt,
1474 1373 1529 1454 qni

329 1485 433 1528 omnes
446 1468 625 1533 videbantur
637 1484 743 1534 contra
755 1472 873 1553 sylvam
887 1474 1005 1556 nigram
1018 1475 1126 1537 vibrati
1140 1474 1267 1536 evolare.

371 1561 410 1622 In
424 1562 566 1626 Marcbia
582 1569 653 1629 item
668 1590 748 1631 nora
760 1589 797 1631 ex
810 1583 894 1652 parte
907 1591 968 1652 qua
982 1571 1013 1633 in
1029 1572 1240 1633 Pomeraniam
1255 1568 1443 1640 terminatur,
1459 1567 1529 1630 visa

329 1669 375 1719 est
386 1671 451 1722 atra
463 1673 493 1724 et
507 1685 607 1726 crassa
619 1668 714 1728 nubes
726 1668 758 1729 in
772 1677 882 1729 terrum
898 1669 1035 1744 decidua,
1050 1689 1119 1750 qum
1133 1669 1185 1730 vix
1204 1679 1313 1730 terram
1327 1666 1480 1747 attingens
1494 1664 1526 1724 in

329 1758 520 1838 grandinem,
535 1763 744 1843 aspicientium
762 1777 893 1848 stupore,
908 1765 1037 1826 resoluta
1051 1775 1106 1839 est,
1120 1785 1155 1826 ac
1170 1785 1239 1826 mox
1256 1765 1357 1847 ignem
1373 1762 1525 1843 concepit,

328 1865 358 1916 et
376 1854 609 1920 luculentissime
627 1861 680 1922 diu
694 1863 883 1944 multumque
901 1863 982 1924 arsit.
1025 1863 1121 1923 Erant
1133 1863 1164 1924 in
1183 1863 1240 1923 ista
1252 1861 1366 1922 vicinia
1379 1870 1525 1942 pastores,

328 1953 391 2032 qui,
412 1974 483 2016 cum
505 1955 558 2016 illo
578 1957 655 2018 forte
672 1968 807 2041 tempore
823 1981 892 2021 oves
909 1963 926 2021 ὲ
944 1960 1062 2042 pascuis
1080 1960 1203 2021 domum
1218 1959 1410 2030 reducebant,
1425 1958 1441 2018 b
1456 1977 1525 2038 pro-

328 2049 442 2130 pinquo
452 2060 655 2132 portentosum
669 2053 770 2137 iguem
789 2056 982 2138 contemplati
995 2066 1075 2131 sunt,
1090 2075 1126 2117 ac
1140 2056 1281 2138 pastorali
1297 2055 1382 2136 pedu,
1396 2075 1527 2116 verusne

328 2147 476 2209 anfulsus
494 2160 581 2222 esset,
600 2151 717 2212 curioso
734 2154 946 2235 explorarunt:
967 2154 1020 2215 sed
1038 2155 1120 2235 quod
1138 2153 1255 2236 lignum
1275 2151 1359 2213 nulla
1376 2152 1423 2212 sui
1442 2163 1525 2232 parte

327 2243 486 2306 laederetur
498 2245 677 2327 judicarunt
695 2248 825 2330 speciem
844 2247 959 2309 tantbm
979 2247 1058 2330 ignis
1077 2267 1149 2310 esse.
1193 2247 1329 2308 Similem
1343 2247 1522 2327 grandinem

328 2343 473 2425 urguebat
485 2344 575 2405 etiam
584 2344 758 2426 agricolase
772 2345 802 2407 in
814 2366 887 2427 agro
900 2366 962 2420 suo,
978 2346 1051 2407 dum
1065 2344 1211 2406 hordeum
1226 2344 1396 2415 seminaret,
1414 2345 1521 2406 arden·

327 2449 387 2501 tem
402 2441 555 2522 reperisse.
593 2442 736 2505 Custrino
749 2443 869 2525 scripsit
887 2444 926 2505 ud
940 2462 995 2503 nos
1009 2442 1181 2505 Colonellns
1194 2442 1377 2523 Dargenitz‚
1391 2462 1433 2513 se,
1447 2443 1520 2503 dum

327 2539 384 2599 sub
404 2560 556 2621 vesperam
577 2540 671 2602 animi
690 2540 787 2622 gratia
806 2540 1020 2613 deambularet,
1038 2540 1150 2601 vidisse
1170 2539 1247 2601 coelo
1267 2538 1373 2599 innnbi
1394 2538 1469 2599 duos
1489 2539 1519 2598 in

328 2636 493 2697 circenses
508 2636 593 2698 velut
608 2638 751 2719 oppositis
763 2637 959 2698 mucronibus
979 2637 1057 2699 inter
1074 2656 1106 2698 se
1121 2636 1333 2717 digladiantes,
1347 2646 1436 2715 atque
1451 2636 1521 2697 inde

329 2753 360 2793 se
376 2732 529 2813 judicium
550 2734 671 2795 firmum
692 2734 844 2805 formasse,
864 2754 912 2796 eos
930 2735 1013 2795 aliud
1033 2734 1096 2795 istis
1112 2735 1245 2816 partibus
1265 2754 1325 2794 non
1346 2732 1521 2813 portendere

327 2850 419 2912 quam
432 2830 577 2891 bellorum
591 2841 691 2892 motus
704 2830 935 2905 continuandos,
948 2840 1001 2891 aut
1012 2830 1188 2892 sambatium
1202 2830 1232 2890 in
1247 2838 1396 2910 posterum
1412 2849 1520 2911 magno

328 2926 434 3008 putrioe
447 2926 528 2987 malo
540 2928 704 3008 augendos.
747 2926 900 2987 Ziethenm
914 2946 999 2987 noum
1011 2925 1157 2988 Marchioe
1169 2926 1279 3009 oppido
1292 2926 1411 3006 copiosa
1421 2924 1521 3006 pluvia

329 3024 486 3107 sanguinis
507 3025 630 3097 decidit,
651 3034 681 3085 et
699 3044 759 3085 non
780 3035 887 3085 terram
906 3024 997 3084 modo
1017 3044 1053 3085 ac
1072 3024 1217 3104 germina,
1239 3024 1294 3083 sed
1313 3032 1411 3083 vestes
1429 3023 1518 3084 stiam

329 3120 486 3182 hominum
499 3120 616 3182 infecit.
652 3122 732 3182 Cum
752 3121 855 3182 eodem
874 3140 992 3201 quoque
1007 3120 1150 3182 calvarias
1166 3120 1310 3181 decidisse
1328 3119 1440 3179 oculati
1453 3140 1517 3200 per·

329 3216 433 3279 hibent
446 3227 543 3291 testes,
552 3238 627 3298 quas
640 3238 710 3280 cum
724 3216 882 3279 lustratum
897 3218 1017 3300 propibs
1031 3218 1223 3279 accessissent
1235 3214 1373 3277 audaculi
1384 3216 1516 3277 nonnulli

330 3334 430 3375 rerum
446 3314 655 3395 exploratores,
676 3314 828 3385 viderunt,
843 3314 988 3376 calvarias
1001 3314 1097 3376 dictas
1112 3314 1144 3374 in
1163 3312 1265 3396 globos
1282 3311 1385 3394 igneos
1396 3332 1515 3373 conver·

328 3430 395 3487 sas3
421 3432 459 3473 ex
476 3410 533 3472 hoc
553 3421 668 3473 ostento
685 3410 738 3472 ulii
758 3410 961 3493 profusionem
982 3410 1137 3494 sauguinis
1156 3410 1289 3483 uberem,
1306 3408 1358 3470 alii
1379 3428 1511 3491 maguam

327 3508 536 3570 mortalitatem
550 3508 688 3590 portendi
702 3518 855 3589 putarunt.

368 3606 569 3667 Beritzieuses
582 3605 636 3667 sub
651 3615 767 3667 noctem
782 3604 918 3688 pluribus
930 3602 1011 3665 horis
1024 3610 1195 3685 spectarunt
1207 3602 1238 3662 in
1253 3601 1341 3682 plena
1355 3601 1428 3663 luna
1440 3613 1510 3664 tum·

325 3704 394 3764 bum
408 3722 461 3764 seu
474 3700 606 3764 loculum
618 3702 772 3763 funebrem
787 3722 847 3763 nou
861 3700 926 3763 sine
938 3698 1033 3761 multa
1045 3698 1139 3761 animi
1151 3698 1384 3780 perturbatione.
