3225 4700
482 309 510 376 I
514 307 798 376 TINERARI
804 307 890 376 UM.
1206 309 1267 373 401

41 471 287 540 persenserunt.
331 462 391 525 His
404 485 467 526 non
479 465 676 539 obstantibus,
688 464 903 525 continuarunt
912 461 995 524 Galli
1006 461 1199 545 pertinaciter
1212 463 1266 523 ob·

38 557 213 620 sidionem
226 581 356 641 quornm
370 563 553 643 gubernator
572 561 632 623 loci
650 561 850 623 constantiam
867 559 985 635 ridens,
1003 580 1073 621 curn
1095 579 1151 621 nec
1171 560 1266 621 subsi·
1335 571 1339 579 '

40 654 151 715 dium
164 676 283 736 sperare
302 667 401 738 posset
418 678 475 719 nec
495 658 618 720 baberet
630 659 713 719 unde
730 679 818 739 porro
837 657 993 719 obsisteret
1005 657 1169 736 (defecerat
1182 658 1263 718 enim

41 752 241 830 praesidium
256 773 316 814 una
329 774 400 816 cum
416 755 539 835 pulvere
558 756 659 837 pyrio)
672 754 858 817 deditionem
872 754 970 815 facere
989 766 1111 817 coactus
1128 763 1182 816 est.
1225 755 1263 816 In

43 848 244 929 vigesimum
256 850 349 933 igitur
358 852 519 933 septimum
531 852 715 935 Septembris
723 872 877 935 egressum
886 850 1012 912 liberum
1026 861 1056 913 et
1065 851 1264 914 honorificum

45 956 171 1025 pactus
192 955 237 1007 est
259 966 421 1028 secumque
443 947 595 1009 Vercellas
617 947 745 1008 abduxit
764 945 914 1028 quidquid
938 943 1044 1007 habuit
1065 946 1264 1028 impedimen-

48 1052 175 1118 torum,
190 1063 226 1104 ac
240 1043 363 1124 insuper
374 1054 505 1126 quatuor
517 1053 666 1106 tormenta
683 1064 784 1105 secum
798 1043 915 1104 eduxit.
951 1041 1036 1103 Galli
1049 1044 1121 1106 verb
1138 1044 1265 1127 ingressi

49 1150 144 1216 sunt,
160 1161 197 1203 ac
210 1151 368 1222 postquam
381 1143 557 1204 necessariis
571 1143 660 1204 rebus
676 1141 875 1203 munitionem
894 1139 1104 1202 instruxissent
1119 1141 1179 1202 alib
1193 1162 1264 1203 oon·

49 1237 130 1297 silia
143 1248 174 1298 et
188 1238 244 1300 iter
258 1238 443 1301 direxerunt.

100 1335 214 1398 Mense
229 1335 355 1398 Octobri
373 1335 532 1418 pontilicis
543 1357 628 1398 arma
640 1337 680 1398 ad
699 1336 898 1420 Pitiglianam
918 1336 1116 1398 munitionem
1138 1335 1264 1397 fortissi-

52 1451 143 1493 mam
165 1433 289 1495 admota
304 1445 375 1495 sunt
391 1434 568 1514 obsidioque
586 1434 664 1495 serio
681 1446 822 1516 suscepta
842 1455 878 1496 ao
893 1434 1012 1517 magnis
1025 1433 1140 1494 viribus
1154 1433 1263 1494 labori·

52 1531 180 1610 busque
200 1542 346 1612 promota,
365 1531 558 1612 quantumvis
577 1530 752 1593 Colonellos
772 1530 934 1593 Grisonins
952 1531 1011 1593 loci
1032 1531 1214 1614 gubernator
1233 1552 1264 1592 se

54 1625 225 1688 fortissime
235 1637 408 1709 opponeret.
450 1628 603 1690 Videbant
622 1630 736 1689 interea
754 1627 922 1690 Florentini
941 1636 1087 1708 quantum
1101 1628 1163 1689 suis
1177 1629 1264 1690 rebus

57 1724 219 1785 commodi
232 1725 401 1800 decederet,
416 1727 442 1786 si
455 1726 584 1788 munitio
597 1725 650 1786 illa
662 1725 693 1786 in
708 1735 886 1807 potestatem
901 1723 1127 1806 pontificiorum
1138 1724 1262 1786 veniret.

59 1821 258 1903 Quapropter
270 1822 325 1882 sub
339 1820 495 1883 Colonello
509 1821 624 1883 Stronzi
637 1822 697 1882 duo
707 1821 844 1903 peditum
855 1821 951 1883 millia
963 1831 993 1882 et
1006 1831 1118 1903 septem
1129 1822 1262 1902 equitnm

59 1917 215 1997 manipuli
221 1918 378 1978 confestim
390 1918 521 1980 Seanum
533 1919 616 1980 missi
627 1928 697 1980 sunt
704 1930 738 1980 ut
746 1939 782 1980 ex
790 1920 893 1981 ricino
902 1919 1138 2000 specularentur,
1148 1918 1207 1999 qni
1218 1939 1263 1979 ra·

59 2015 147 2077 tione
155 2014 478 2078 obsidionissuccessus
486 2016 745 2099 impediriethosti
754 2017 854 2078 clades
864 2016 967 2078 inferri
976 2025 1085 2096 posset.
1108 2015 1264 2078 Neocerte

62 2111 162 2172 multb
176 2121 243 2193 post
255 2112 414 2179 commoda
427 2134 491 2174 sese
508 2113 619 2176 obtulit
637 2125 741 2176 contra
753 2113 925 2196 pontificios
938 2113 1030 2175 eundi
1041 2113 1167 2185 occasio,
1182 2134 1264 2174 corn-

62 2220 207 2290 pererant
216 2210 298 2270 enim
307 2209 474 2272 Florentini
485 2211 584 2272 bostes
593 2233 661 2273 suos
668 2233 787 2293 passum
799 2211 1016 2274 Castonensem
1027 2210 1167 2281 insidere,
1179 2231 1264 2294 mug-

65 2326 201 2387 numque
209 2317 411 2368 commeatum
422 2327 477 2389 pro
487 2309 620 2372 exercito
629 2308 787 2391 colligere:
802 2307 874 2369 illue
885 2306 997 2369 Strozzi
1008 2305 1167 2389 exploratis
1178 2308 1266 2369 rebus

65 2404 215 2486 proemisit
227 2404 376 2483 equitatus
394 2404 441 2465 sui
456 2416 583 2486 partem,
598 2407 720 2488 ipseque
734 2425 805 2466 mox
820 2424 890 2465 cum
905 2407 963 2464 000
982 2404 1132 2485 peditibus
1146 2416 1266 2467 secutus

67 2500 378 2581 est,cu1uquebostes
395 2502 596 2584 eximproviso
616 2504 823 2585 impetivisset,
838 2502 936 2585 primi
954 2502 1054 2563 statim
1072 2502 1266 2584 impressione

17 2615 18 2622 ’
67 2600 239 2685 pontificios
269 2601 406 2661 nonnihil
433 2600 647 2675 consternavit,
679 2601 733 2680 qui
762 2609 861 2661 tamen
889 2598 1052 2679 prudenter
1081 2598 1267 2661 dissimulato

67 2711 151 2761 metu
169 2718 252 2759 arma
270 2698 488 2780 corripuerunt,
506 2696 560 2757 sed
580 2715 650 2757 mox
671 2697 690 2757 a
710 2696 862 2778 proposito
882 2696 1065 2756 remittentes
1081 2696 1267 2758 deditionem

68 2796 115 2856 sui
134 2814 315 2875 suorumque
333 2794 459 2867 faciunt,
480 2797 572 2856 vitam
593 2795 795 2877 paciscuntur,
814 2815 850 2855 ac
865 2794 901 2855 de
915 2804 1023 2854 caetero
1037 2792 1183 2855 voluntati
1203 2795 1267 2855 vic-

68 2903 167 2954 torum
183 2913 245 2954 sese
265 2892 455 2953 submittunt.
496 2891 652 2972 Ceperunt
669 2891 726 2952 bic
744 2891 933 2973 expeditione
951 2890 1115 2952 Florentini
1137 2894 1189 2951 100
1209 2892 1268 2952 cir·

69 2990 144 3051 citer
157 2990 282 3071 pedites,
303 2988 493 3070 manipulum
511 3009 605 3049 unum
626 2988 772 3069 equitum,
786 2999 817 3049 et
830 2988 956 3050 alterum
973 2988 1161 3069 manipulum
1176 3002 1280 3071 equo-'

55 3086 250 3169 ‘pedestrium
264 3107 339 3166 quos
353 3106 457 3148 omnes
470 3088 532 3147 una
546 3107 615 3147 cum
629 3086 714 3146 vario
727 3096 758 3147 et
772 3106 932 3147 numeroso
945 3087 1043 3146 omnis
1054 3087 1173 3169 generis
1186 3108 1269 3150 oom-

19 3216 30 3235 ·
70 3193 168 3243 meatu
179 3191 210 3243 et
218 3183 312 3244 nobili
322 3195 468 3265 apparatu
477 3182 597 3252 bellico,
606 3201 710 3243 secum
721 3182 753 3243 in
763 3202 904 3243 securum
914 3184 1087 3261 abducunt,
1110 3183 1269 3247 bocutin·

70 3280 165 3341 notuit
182 3279 339 3361 pontificio
354 3279 497 3342 Generali
513 3280 608 3354 Oddi,
621 3300 692 3341 cum
713 3290 842 3361 quatuor
855 3280 987 3343 millibus
1001 3282 1136 3363 peditum
1156 3292 1186 3343 et
1202 3302 1269 3343 sex·

71 3377 162 3437 centis
170 3377 294 3438 omnino
301 3377 452 3457 equitibus
461 3376 602 3457 omnique
612 3377 761 3438 instructu
772 3377 887 3438 Martio
895 3376 1012 3439 deserti
1023 3369 1102 3440 ultro
1112 3378 1267 3440 obsidione

71 3473 247 3545 retrocessit,
272 3474 361 3555 cujus
384 3473 512 3556 vestigia
534 3473 553 3535 b
572 3482 657 3557 tergo
679 3494 818 3555 premens
837 3494 908 3535 cum
928 3474 989 3535 suis
1016 3475 1130 3536 Strozzi
1158 3484 1268 3557 praeter

17 3652 21 3663 .
70 3571 212 3653 plurimos
225 3592 319 3633 caesos
328 3581 359 3632 et
369 3580 472 3652 captos
485 3570 592 3632 decem
605 3570 775 3652 capitaneos
788 3571 957 3653 multosque
973 3572 1115 3634 officiales
1130 3572 1268 3644 abduxit,

17 3675 18 3678 ’
71 3690 120 3729 sex
132 3669 254 3749 insuper
266 3669 381 3749 majora
389 3677 540 3730 tormenta
549 3677 581 3729 et
589 3668 724 3749 quinque
737 3667 810 3729 alias
824 3668 978 3731 machinas
988 3670 1108 3753 ignibus
1117 3670 1268 3751 jaciendis

643 3768 660 3825 3
676 3786 693 3826 r
