3225 4700
332 302 396 368 286
727 294 751 362 1
756 291 1034 362 TINERABI
1040 293 1127 360 ΗΜ.

332 452 432 515 stetim
445 447 577 532 expungi
590 454 684 520 curet,
698 447 747 508 vel
757 447 798 508 sd
811 446 970 508 minimum
983 445 1070 508 illum
1086 445 1306 530 paragraphum
1325 447 1359 511 iu
1374 467 1439 530 quo
1449 447 1529 510 dieu

332 557 463 610 scobem
476 555 595 629 gentem
609 545 685 606 edeo
697 563 761 604 esse
775 543 943 624 imperitum
967 553 1000 605 ιιι
1020 542 1039 604 i
1056 543 1236 605 commercio
1253 543 1427 626 Anglorum
1445 544 1531 606 fecte

333 644 372 705 sit
385 642 492 703 civilis.
529 640 619 713 Quod
632 640 658 701 si
672 639 824 722 corrigere
837 638 922 712 nolit,
936 639 1017 700 eertb
1030 638 1106 700 mihi
1117 639 1231 715 credet,
1245 639 1310 702 fore
1323 652 1356 703 ut
1366 641 1409 702 R.
1425 653 1531 705 rutra

333 737 467 800 libellum
479 741 568 800 suum
581 736 676 798 serius
688 735 810 796 tsudem
824 735 856 796 in
870 745 1048 817 perpetuum
1063 735 1249 797 ex'eernbitur
1265 736 1325 797 uisi
1342 736 1414 797 boni
1431 739 1530 800 sunici

332 834 490 896 consilinm
516 841 678 914 sequetur..
709 830 838 892 Interim
866 851 915 892 me
941 831 1132 893 commendet
1153 831 1358 894 illustrissimo
1386 833 1531 896 Domiuo

334 929 490 996 Colonello
507 929 633 1011 aliisque
646 928 756 990 uostris
768 928 855 990 bonis
867 929 973 990 amicis
989 929 1100 1012 Pregae
1117 929 1167 991 die
1183 928 1236 991 27.
1254 928 1409 991 Februarii
1427 931 1530 992 Anno

337 1027 424 1088 Μ’
812 1106 933 1166 Amen,
946 1106 987 1165 n.
1009 1107 1242 1184 eurupam

963 1200 1021 1263 Fe.
1036 1201 1231 1266 ancrscus
1245 1201 1401 1264 linuntur..

783 1383 1077 1452 Gloria-Auctoris

431 1505 587 1569 ULTUM
606 1503 701 1566 miror
716 1503 888 1566 doctissime
900 1502 1004 1579 Peter,
1018 1503 1100 1584 quod
1114 1503 1155 1566 R.
1170 1504 1357 1566 restre'mibi
1375 1503 1526 1586 imponet,

443 1600 526 1682 qnod
538 1591 693 1679 nunquam
707 1597 727 1659 l
740 1616 789 1658 me
802 1594 862 1658 fnit
874 1596 1050 1680 cogitatum,
1063 1597 1179 1659 scilieet
1191 1597 1285 1678 que‘si'
1293 1617 1350 1680 ego
1366 1595 1527 1659 diffensus-

332 1716 395 1761 sem
416 1705 528 1759 certem
553 1695 715 1770 nationem,
730 1710 899 1774 ‘omnesque
921 1691 1085 1754 Genereles
1107 1693 1303 1755 Inriotissimi
1326 1693 1528 1775 Imperatoris

333 1795 436 1870 nostri,
450 1809 525 1874 quos
543 1787 658 1866 omr'res,
671 1797 706 1852 nt
719 1789 823 1863 debeo,
837 1789 972 1870 impense
990 1809 1126 1852 venem
1166 1789 1259 1863 Quod
1271 1811 1344 1852 vero
1359 1790 1471 1872 scripsi
1484 1791 1526 1852 de

333 1889 460 1953 Ultonie
472 1896 503 1950 et
516 1886 661 1962 Conecie,
674 1887 780 1948 emnbo
793 1884 933 1967 leguntur
943 1887 1035 1948 verbe
1046 1907 1113 1948 mee
1125 1887 1241 1963 sedulo,
1249 1897 1282 1949 et
1292 1887 1458 1962 ridebitur,
1473 1907 1525 1948 me

331 2007 391 2048 non
407 1977 524 2048 ex'rneo
542 2000 631 2046 sensu
649 1983 703 2045 sed
722 1979 754 2043 S.
774 1981 926 2042 Bernerdi
943 1983 1089 2044 sententie
1106 1984 1217 2057 dicere,
1233 2003 1290 2046 nec
1302 1983 1456 2045 notionem
1472 2004 1524 2045 me

331 2101 438 2145 vocure
452 2080 617 2143 Barbarum
630 2089 666 2141 ut
677 2095 758 2140 nune
771 2086 826 2152 eet,
841 2077 963 2157 mendo
978 2096 1064 2159 teque
1080 2080 1223 2156 moribus,
1242 2079 1389 2152 doctrine,
1403 2088 1437 2142 et
1449 2080 1524 2141 νὴ

331 2179 476 2241 civilitate
495 2175 539 2239 ita
558 2197 589 2238 se
609 2174 750 2249 excoluit,
771 2182 805 2234 ut
824 2191 894 2234 cum
914 2173 982 2234 eliis
1001 2175 1171 2238 notionibus
1189 2185 1303 2239 certare
1321 2175 1430 2257 ponit:
1466 2177 1523 2238 sed

330 2275 422 2338 fuisse
441 2273 603 2357 eliqueudo
623 2271 705 2334 illam
731 2269 882 2332 ustionem
907 2270 1084 2346 Berberem,
1108 2272 1198 2334 sicuti
1214 2284 1249 2335 'et
1267 2287 1385 2336 oretenus
1404 2293 1521 2334 omnes.

333 2371 382 2433 Mi
395 2380 489 2452 peter,
501 2368 573 2433 estis
586 2367 792 2430 animadverto
805 2368 886 2429 unde
899 2369 1054 2450 proveniet
1066 2370 1122 2432 iste
1135 2392 1226 2443 error,
1245 2380 1276 2433 et
1292 2382 1392 2434 vester
1407 2371 1521 2454 egendi

332 2468 449 2542 modus,
464 2466 489 2527 ei
503 2484 607 2527 verum
619 2462 706 2525 interi
719 2464 821 2537 vultis,
834 2463 969 2545 plerique
981 2467 1120 2528 annuetis
1128 2489 1138 2544 ς
1159 2488 1263 2529 omnes
1271 2467 1412 2530 confertis
1420 2468 1523 2549 cupite

331 2574 362 2625 et
374 2583 451 2625 unns
468 2562 522 2644 qui
542 2562 657 2643 aliquid
677 2562 773 2623 obiter
791 2560 877 2644 legit,
897 2581 955 2623 nec
974 2562 1117 2643 expendit
1134 2564 1222 2640 serio,
1244 2564 1329 2626 elteri
1347 2566 1523 2646 persuadet,-

331 2659 413 2741 quod
432 2678 492 2719 non
513 2658 667 2741 intelligit,
687 2656 736 2719 vel
754 2678 791 2719 ex
810 2657 943 2739 professo
959 2658 1026 2719 vult
1044 2658 1233 2722 calumniari.
1274 2660 1399 2722 Frustra
1414 2680 1457 2732 es,
1475 2662 1519 2722 mi

331 2765 424 2838 peter,
438 2754 484 2817 nil
497 2764 582 2816 muto
594 2773 697 2815 eorum
710 2773 779 2834 qnoe
793 2754 833 2815 de
846 2753 972 2815 Ultonia
985 2754 1067 2817 dicte
1079 2766 1159 2832 sunt,
1172 2757 1231 2817 nisi
1247 2756 1330 2838 prius
1342 2756 1467 2833 efficies,
1485 2768 1520 2821 ut

332 2853 459 2915 Sanctus
474 2850 648 2911 Bernerdus
661 2848 838 2930 corrigetur,
853 2849 935 2928 quod
946 2851 1050 2932 magni
1063 2851 1120 2912 erit
1137 2851 1258 2914 leboris.
1301 2852 1351 2914 De
1368 2852 1521 2916 Comini·

330 2951 396 3025 bus,
414 2946 548 3028 Hymuis
560 2945 770 3007 scommatibus
784 2944 816 3006 in
830 2966 879 3006 me
891 2964 1051 3027 meumque
1068 2947 1241 3009 codiculum
1258 2948 1289 3009 in
1308 2948 1419 3032 Belgio
1433 2950 1517 3027 fusis,

330 3045 374 3107 nil
388 3044 489 3118 credo,
503 3048 573 3104 sunt
585 3040 666 3103 eninr
681 3040 787 3122 Belgae
801 3040 861 3102 viri
874 3041 1093 3122 prudentiores,
1107 3062 1199 3124 quem
1212 3052 1246 3105 nt
1262 3064 1294 3106 se
1310 3046 1349 3105 ob
1367 3046 1518 3108 tantillum

330 3140 465 3228 libellum
475 3140 615 3201 moreon't
625 3160 634 3199 r
653 3136 711 3200 hoc
720 3139 782 3200 scio
791 3138 901 3200 multos
911 3138 945 3198 in
957 3138 1067 3221 Belgio
1076 3160 1178 3202 meum
1185 3140 1320 3202 libellum
1328 3152 1360 3203 et
1368 3143 1517 3224 excepisse

330 3234 429 3307 eride,
442 3243 473 3297 et
481 3235 618 3298 laudasse
630 3234 805 3315 plurimum.
834 3234 927 3308 Quod
938 3234 965 3296 si
977 3244 1075 3297 temen
1091 3236 1229 3298 nonnulli
1240 3242 1452 3320 reperirentur,
1464 3243 1516 3323 qui

330 3350 412 3393 meus
419 3329 640 3393 lucubrationes
648 3332 781 3394 dicteriis
794 3332 949 3413 scriptisve
957 3332 1100 3414 impetere
1109 3332 1230 3411 vellent,
1237 3333 1438 3418 ieeientqnod
1445 3336 1516 3400 libet

330 3428 356 3490 si
374 3426 482 3489 erroris
497 3428 670 3504 convincar,
691 3428 820 3491 libenter
838 3427 996 3510 corrigam,
1010 3428 1102 3489 mine
1114 3450 1164 3491 me
1176 3430 1351 3513 neutiquam
1364 3444 1514 3511 enervent,

330 3522 465 3605 trophtes
476 3543 565 3585 nemo
579 3525 637 3586 nisi
647 3532 746 3587 erecto
756 3524 860 3587 statuit
867 3524 986 3587 enimc:
1003 3544 1094 3608 trgum
1104 3526 1187 3607 quod
1197 3537 1312 3590 rectum
1321 3538 1377 3602 est,
1387 3531 1515 3594 scribom

330 3622 411 3701 qnod
425 3639 530 3681 verum
546 3630 601 3695 est,
619 3630 650 3683 ot
669 3621 712 3683 ite
730 3621 833 3684 omnis
848 3619 964 3683 invidit
980 3630 1012 3683 et
1029 3621 1182 3685 calumnii
1199 3626 1295 3708 major
1310 3626 1404 3690 vitem
1418 3648 1515 3691 meum

330 3716 517 3778 concludam.
