3225 4700
314 332 365 395 xiv
542 327 826 395 EPISTOLA
853 327 1004 394 DEDI
1009 328 1269 397 aaronis.

312 481 423 564 gendo,
438 501 500 543 rem
515 499 635 542 omnem
649 479 810 542 militarem
824 482 895 544 inde
904 483 1074 545 addisceret
1083 502 1120 544 ao
1130 482 1307 564 disponeret.
1350 481 1417 542 Nec
1427 480 1510 542 male

312 578 463 659 equidem,
477 577 578 659 gravis
591 578 672 639 enim
686 579 809 640 omnino
819 599 855 640 ac
868 579 1036 660 perniciosa
1047 579 1179 640 hnmano
1190 578 1292 661 generi
1303 598 1349 638 res
1362 588 1407 638 est
1420 577 1510 660 iguo-

314 676 422 750 rsntia,
437 695 496 735 non
513 675 610 736 solum
624 674 752 756 publicis
766 675 899 735 moribus
913 675 1052 750 obnoxia,
1064 685 1094 736 et
1107 674 1199 736 dveri
1210 674 1381 757 cognitione
1392 684 1510 734 mentes

313 772 468 847 seducens,
487 792 590 832 verum
606 773 697 832 etiam
713 771 844 852 privatas
862 771 1047 854 singulorum
1067 773 1195 833 rationes
1209 772 1251 832 ita
1268 771 1455 853 perturbans,
1474 780 1510 831 nt

313 889 413 930 rerum
426 868 507 930 domi
520 868 649 949 forisque
663 877 814 948 gestarum
827 869 1076 952 magnitudinem,
1089 869 1234 932 bellonam
1247 867 1416 950 ingentium
1430 866 1510 948 peri·

313 965 392 1039 cula,
423 964 639 1045 varietatesque
672 965 810 1036 fortunm,
838 965 962 1026 minime
992 966 1041 1027 vel
1066 965 1230 1040 videamus,
1258 965 1306 1026 vel
1336 985 1507 1026 caveamus.

317 1061 409 1122 Unde
429 1060 519 1122 Plato
539 1060 731 1143 philosophus
745 1063 779 1124 in
800 1062 914 1124 Timaeo
928 1063 1055 1125 Graecos
1069 1064 1108 1124 ob
1123 1062 1254 1124 historiae
1268 1072 1360 1144 atque
1376 1064 1509 1143 antiqni-

312 1159 381 1218 tatis
392 1158 605 1241 negligentiam
620 1159 810 1220 vehementer
821 1171 951 1234 accusat,
964 1161 1076 1245 qnippe
1087 1160 1140 1240 qui
1155 1158 1263 1220 fabulis
1277 1159 1403 1221 delibuti
1416 1172 1508 1241 atque

312 1256 438 1328 seducti,
453 1255 600 1336 majorum
614 1275 735 1317 suorum
749 1258 907 1340 originem,
923 1279 1006 1318 resve
1020 1266 1118 1339 gestas
1130 1258 1314 1340 ignorarent,
1327 1278 1377 1319 eos
1390 1278 1509 1338 semper

312 1373 420 1434 pueros
440 1373 504 1414 esse
525 1353 639 1424 dicens,
653 1374 709 1414 nec
726 1375 898 1436 quenquam
918 1356 934 1416 e
952 1355 1070 1416 Graecis
1089 1374 1173 1436 posse
1191 1375 1293 1414 senem
1310 1357 1379 1416 vere
1395 1355 1507 1427 vocari,

312 1451 382 1530 quia
396 1448 518 1531 puerilis
532 1469 649 1530 semper
662 1450 688 1509 is
701 1461 777 1510 esset
789 1449 918 1520 animus,
931 1459 962 1509 et
974 1448 1058 1509 nulla
1071 1469 1109 1508 ex
1126 1448 1314 1527 antiquitatis
1328 1468 1508 1509 commemo-

314 1547 427 1609 ratione
442 1547 540 1628 prisca
552 1546 664 1628 opinio,
676 1545 759 1608 nulla
768 1566 844 1607 cana
853 1545 987 1608 scientia.
1022 1545 1114 1617 Quod
1123 1545 1205 1606 idem
1217 1544 1350 1626 profecto
1360 1545 1508 1605 Romanae

315 1643 491 1724 eloquentiae
505 1644 645 1724 princeps
660 1643 777 1705 Tullius
790 1643 931 1717 sentiens,
945 1642 1099 1703 historiam
1116 1642 1215 1703 lucem
1229 1643 1372 1718 veritatis,
1386 1662 1422 1702 ac
1436 1642 1508 1703 vitae

315 1740 489 1822 magistram
504 1739 644 1822 appellat,
657 1741 688 1800 in
703 1761 762 1821 qua
775 1760 874 1803 renim
887 1750 1020 1811 eventus,
1031 1739 1126 1801 veluti
1136 1722 1170 1800 in'
1177 1741 1300 1820 speculo
1312 1740 1508 1820 contemplari

313 1837 395 1911 licet,
410 1857 506 1898 mores
520 1850 551 1899 et
567 1859 642 1918 quos
660 1838 822 1911 imitemur,
837 1846 867 1897 et
884 1857 959 1917 quos
972 1837 1099 1899 vitemus
1111 1837 1175 1898 sine
1194 1837 1369 1898 difficultate
1383 1849 1509 1919 cognos-

314 1955 400 2011 cere3
423 1935 530 2017 nempe
550 1935 718 1996 futurarum
738 1935 990 2016 praesentiumque
1008 1955 1045 1994 ex
1065 1934 1224 2014 praeteritis
1242 1944 1354 1995 rectam
1372 1936 1509 1995 observa·

314 2033 426 2092 tionem
440 2041 529 2112 atque
544 2032 754 2094 deductionem
768 2043 802 2092 ut
815 2031 977 2112 plurimum
993 2031 1188 2092 necessariam
1201 2051 1264 2091 esse
1277 2033 1398 2103 sciebat,
1413 2053 1510 2114 neque

314 2128 436 2210 dignius
450 2129 543 2190 nobili
557 2150 593 2190 ac
602 2130 733 2211 principi
748 2129 813 2188 viro
827 2128 951 2208 reperiri
959 2127 1092 2190 studium
1106 2147 1196 2210 qnam
1210 2127 1353 2203 historiae,
1367 2141 1457 2210 atque
1469 2132 1509 2191 ad

315 2224 441 2306 reipubl.
457 2225 658 2307 gubernacula
671 2238 784 2300 natum,
797 2225 910 2306 majore
920 2245 989 2285 eum
1001 2224 1090 2285 laude
1100 2234 1130 2285 et
1140 2224 1237 2307 fruge,
1247 2246 1309 2286 non
1319 2248 1405 2308 posse
1415 2228 1508 2290 otium

315 2341 402 2383 suum
418 2330 522 2394 terere,
544 2343 633 2404 quam
655 2323 687 2384 iu
707 2321 835 2384 lectione
855 2331 1022 2395 auctorum,
1039 2323 1092 2402 qui
1108 2341 1156 2383 res
1173 2322 1293 2403 publice
1310 2325 1509 2406 privatimque

316 2420 390 2481 hene
403 2420 518 2481 maleve
533 2432 639 2504 gestas,
655 2441 723 2483 oum
735 2418 796 2481 fide
810 2418 916 2481 litteris
929 2420 1110 2482 mandarint.
1153 2420 1356 2498 Quamobrem
1369 2422 1439 2483 sane
1449 2443 1509 2482 non

315 2515 360 2577 illi
373 2516 471 2578 solum
486 2519 648 2578 maximam
667 2527 819 2578 merentur
831 2516 962 2592 landem,
978 2517 1029 2597 qui
1049 2537 1167 2579 omnem
1183 2539 1304 2599 operam
1319 2520 1509 2581 industriam-

315 2634 374 2694 que
388 2614 427 2674 ad
441 2634 490 2675 ess
505 2615 735 2676 conscribendas
749 2614 938 2693 impendunt,
952 2634 1056 2675 verum
1070 2624 1100 2677 et
1113 2615 1135 2675 ii
1147 2616 1200 2695 qai
1214 2616 1251 2676 iis
1265 2636 1451 2698 summopere
1460 2618 1510 2679 de·

314 2710 475 2787 leetautur,
487 2732 522 2777 sc
535 2711 627 2774 veluti
638 2732 760 2793 scopum
772 2730 898 2773 summm
907 2711 1011 2793 gloriae
1024 2712 1203 2793 virtutisque
1216 2734 1333 2795 semper
1342 2734 1405 2796 prae
1416 2714 1510 2775 oculis

316 2807 431 2869 defixas
444 2808 564 2884 habent,
580 2829 708 2890 qumque
728 2810 760 2868 in
779 2807 882 2869 teneri
899 2828 936 2869 ac
953 2809 1131 2888 pubescente
1150 2819 1238 2871 atate
1253 2812 1325 2873 inde
1339 2823 1509 2893 capescunt,

317 2905 352 2967 ed
364 2906 527 2967 maturiore
541 2904 627 2981 faeti,
643 2907 675 2966 in
689 2906 801 2986 publici
816 2908 984 2987 privatique
998 2907 1067 2968 boni
1081 2910 1271 2971 commodum
1284 2912 1448 2975 deducunt.

353 3001 392 3063 Id
406 3022 477 3083 ergo
491 3023 560 3063 cum
574 3022 622 3063 me
636 3023 697 3062 non
712 3004 812 3076 lateat,
827 3014 1010 3085 quantopere
1023 3004 1151 3067 lectione
1162 3006 1351 3071 historiarum
1362 3009 1439 3070 Rev.
1452 3010 1510 3072 Pe·

317 3096 377 3157 rill.
397 3116 432 3158 ac
448 3097 527 3158 Gen.
549 3097 640 3159 Dom.
656 3098 857 3175 oblectemini‚
872 3120 1023 3182 quamque
1041 3103 1129 3164 aride
1142 3124 1187 3178 ea,
1204 3124 1273 3184 ques
1289 3106 1462 3168 turbulento
1476 3129 1511 3169 sc

318 3202 445 3254 aestuoso
463 3191 519 3253 hoc
539 3194 628 3254 totius
644 3195 769 3277 Imperii
791 3197 921 3258 Romani
937 3198 1026 3270 bello,
1044 3220 1203 3281 rerumque
1224 3204 1359 3264 omnium
1377 3202 1512 3267 luctuosa

316 3291 554 3361 conturbatione,
573 3292 645 3353 hinc
664 3292 735 3355 inde
753 3294 898 3375 catigere,
913 3296 1068 3376 expetatis,
1082 3298 1246 3358 decennale
1259 3300 1330 3360 verb
1349 3299 1407 3362 hoc
1421 3301 1513 3362 Com-

317 3387 460 3469 pendium
470 3388 510 3449 ad
521 3408 627 3449 manns
635 3410 717 3451 meas
727 3390 861 3451 delatam
871 3392 920 3465 sit,
931 3392 1062 3473 cogitavi
1077 3393 1154 3453 Rev.
1166 3394 1272 3455 Perill.
1284 3408 1314 3457 et
1325 3396 1406 3459 Gen.
1420 3397 1511 3459 Dom.

317 3484 393 3544 illud
410 3484 576 3547 humillime
594 3484 701 3547 offerre
721 3496 752 3547 et
771 3486 931 3549 dedicare:
960 3487 1095 3551 libellum
1113 3510 1171 3550 non
1192 3501 1310 3553 tantum
1330 3495 1513 3557 nobilissimo

316 3581 448 3641 nominis
462 3582 553 3643 vestri
572 3582 659 3644 titulo
678 3584 867 3667 insignitum,
880 3585 934 3647 sed
946 3586 1147 3648 animisetiam
1163 3588 1353 3652 historiarum
1372 3593 1514 3654 amantis-

314 3678 400 3739 simis
409 3680 599 3741 concordem.
631 3679 727 3742 Hunc
742 3703 858 3763 semper
865 3684 950 3745 vobis
961 3685 1100 3747 comitem
1115 3707 1178 3748 esse
1189 3686 1268 3764 volo,
1280 3699 1324 3762 nt,
1339 3694 1408 3751 edm
1419 3693 1514 3755 multi
