3225 4700
381 675 387 687 .
435 554 567 667 Ῐῑ
643 621 647 624 ·
707 584 756 699 ιζι
860 565 950 684 ἢ)
987 585 1130 711 ὦζε
1189 619 1211 634 ²
1266 558 1325 670 ²1³
1378 629 1382 630 ἢ
1432 614 1478 689 ,²
1574 680 1577 767 p

652 970 925 1051 BENEVOLO
951 970 1184 1049 LECTORI.

393 1159 548 1302 ⁹⁰25&
570 1192 602 1253 X
614 1212 674 1273 qno
687 1192 745 1255 iter
756 1194 896 1256 meditari
909 1202 939 1257 et
952 1194 1071 1278 ingredi
1088 1194 1177 1276 eoepi,
1200 1193 1392 1255 Itinererium
1410 1214 1509 1255 meum
1581 1193 1582 1265 l

526 1290 535 1316 ¹
589 1289 683 1351 tribus
695 1290 820 1351 omniuo
830 1291 1005 1354 stationibus
1018 1291 1170 1353 absolvere
1177 1290 1243 1372 jam
1257 1290 1328 1351 inde
1339 1292 1377 1351 ab
1387 1292 1509 1353 exordio

243 1466 256 1476 .
451 1413 453 1425 ·
505 1418 556 1482 a?
590 1386 846 1469 Peregrinationis
860 1407 934 1450 meae
949 1389 1038 1450 Divis
1055 1387 1203 1449 caelitibus
1219 1385 1388 1449 faventibus
1408 1387 1509 1448 decre·

334 1492 376 1564 tf,
419 1501 458 1554 p*
477 1535 502 1554 .,
586 1503 710 1565 veram:
734 1486 773 1547 de
790 1486 900 1566 quibus
919 1484 1069 1567 geminam
1088 1484 1213 1563 absolvi,
1234 1502 1337 1563 resque
1352 1483 1386 1543 in
1404 1482 1508 1545 itinere
1584 1499 1585 1531 l

334 1561 344 1591 ’
416 1589 490 1614 ''''
521 1561 551 1600 ³
588 1598 656 1641 meo
668 1588 765 1661 gestas
777 1579 842 1641 orbi
855 1580 1030 1661 spectandas
1042 1581 1074 1640 in
1087 1578 1185 1641 lucem
1199 1577 1330 1660 vulgavi.

360 1674 454 1737 Nunc
467 1676 586 1738 tertiam
598 1677 721 1738 tandem
736 1673 828 1737 veluti
840 1675 975 1737 laborum
994 1695 1126 1737 meorum
1143 1684 1252 1736 mcum
1270 1672 1376 1735 etrite
1395 1671 1508 1731 exitum

320 1768 389 1831 Deo
400 1772 520 1853 auspice
533 1780 563 1834 et
575 1780 736 1834 conetunm
749 1792 884 1832 meorum
897 1772 1042 1833 directore
1055 1771 1187 1847 adorn03
1208 1789 1274 1831 eam
1294 1766 1508 1829 benevolentiae

318 1874 389 1942 tum,
404 1868 499 1930 amice
512 1869 607 1931 lector
618 1869 696 1930 bonh
710 1868 762 1930 tui
774 1868 864 1929 venit
876 1868 1030 1950 consigno,
1041 1875 1125 1929 tuem
1134 1864 1348 1928 humanitatem
1359 1864 1509 1925 obtestans

320 1968 558 2032 utenimnstnns
566 1968 669 2031 multis
678 1968 852 2030 semitarum
863 1968 1040 2050 defetigatus
1050 1966 1232 2029 anfractibus
1243 1964 1409 2027 innumeris
1417 1962 1508 2025 belle

319 2085 387 2125 rum
401 2065 660 2147 periculorumque
673 2064 830 2126 eventibus
846 2072 1050 2125 consternatus
1067 2061 1239 2145 inexplebili
1260 2060 1427 2125 Christiani
1444 2080 1510 2121 san·

319 2160 421 2241 guinis
433 2159 580 2241 profluvio
592 2160 660 2242 plus
672 2159 767 2221 nimio
780 2167 939 2234 saturatus,
953 2159 1017 2221 sine
1030 2158 1163 2234 vulnere,
1176 2166 1257 2219 metu
1267 2166 1297 2219 et
1305 2157 1418 2233 labore,
1428 2156 1461 2217 in
1475 2176 1510 2217 ee

320 2257 495 2318 suavissime
507 2258 709 2339 conquiescat.

360 2355 433 2416 Non
443 2363 483 2431 te,
497 2375 560 2429 oro,
571 2353 726 2416 hominnm
735 2353 986 2416 maliferiatorum
996 2361 1026 2415 et
1034 2350 1293 2416 infestissimorum
1302 2349 1509 2412 tenebrionum

319 2449 406 2510 hmoe
417 2469 492 2511 mete
506 2450 733 2512 obtrectationes
745 2459 896 2524 moveant,
911 2468 1038 2531 qnorum
1051 2448 1170 2510 obscuri
1187 2457 1310 2509 conatus
1327 2447 1366 2508 ad
1379 2445 1508 2508 clarissi-

319 2564 401 2605 mam
421 2545 554 2606 veritatis
573 2545 673 2607 lucem
692 2544 776 2606 velut
794 2545 985 2607 caecutientes
1006 2543 1164 2624 Pyramtse
1190 2544 1403 2619 occubuerunt,
1426 2553 1457 2605 et
1476 2543 1508 2604 in

319 2641 453 2702 favillam
465 2661 501 2702 eo
513 2641 629 2703 fimum
643 2661 705 2702 non
719 2642 783 2703 sine
798 2641 863 2702 Dio
876 2641 1010 2703 Numine
1023 2641 1243 2722 disparuerunt.

360 2736 502 2798 Potentes
514 2737 637 2799 omnino
654 2737 733 2798 sensi
750 2737 944 2813 adversarios,
963 2738 1126 2818 exquibus
1143 2736 1195 2798 alii
1213 2744 1392 2817 praematuro
1411 2735 1508 2798 letho

318 2833 454 2908 extincti,
467 2833 560 2894 vitam
573 2833 656 2915 prius
669 2833 699 2894 in
714 2833 872 2894 calomniis
885 2841 1048 2914 posuerunt
1064 2853 1156 2915 quam
1172 2832 1288 2894 nomini
1304 2851 1371 2894 meo
1384 2833 1506 2914 nigrum

318 2929 401 2991 theta
426 2930 640 3013 appingerent3
671 2929 725 2990 alii
743 2930 821 2990 inter
841 2930 926 2991 vivos
945 2929 1064 3011 reliqui,
1084 2929 1192 3011 impios
1211 2938 1241 2991 et
1263 2929 1362 2992 irritos
1381 2940 1506 2994 conatus

318 3045 387 3086 snos
399 3025 496 3088 elusos
509 3027 721 3106 deqneruntur,
735 3045 888 3105 novasque
906 3026 1022 3088 endunt
1038 3025 1174 3106 strophas
1191 3025 1283 3086 simili
1293 3035 1402 3088 eventu
1417 3027 1505 3088 dissi-

317 3121 451 3203 pandas3
485 3120 538 3182 alii
563 3119 689 3181 int'amii
715 3119 835 3203 proprii
854 3121 891 3181 ab
911 3121 1133 3184 obtrectationis
1156 3119 1282 3182 oonsilio
1300 3123 1443 3198 deterriti,
1463 3124 1503 3184 ad

317 3215 464 3277 seniorem
477 3225 607 3279 mentem
619 3225 649 3278 et
657 3215 774 3278 libellos
782 3235 864 3277 meos
874 3216 1037 3294 redierunt,
1048 3226 1163 3280 suamet
1171 3215 1355 3281 consessione
1368 3219 1503 3300 ingenui,

316 3311 362 3374 nil
374 3331 437 3374 esse
449 3314 633 3394 carpendum
646 3333 684 3374 ex
696 3312 734 3374 iis
746 3332 814 3393 qun
827 3312 876 3374 vel
888 3312 947 3394 ipsi
960 3313 1070 3376 imitari
1084 3313 1207 3390 nollent,
1227 3315 1287 3392 vel,
1305 3317 1387 3396 qnod
1401 3316 1503 3378 verius

317 3409 444 3471 dixerim
457 3417 598 3490 proestarc
610 3430 671 3472 non
683 3417 814 3492 possent.

356 3507 424 3589 Ego
438 3505 552 3568 Divam
564 3505 681 3588 eppello
693 3505 848 3567 veritatem
867 3511 982 3580 testem,
995 3525 1043 3567 me
1061 3507 1137 3568 nulli
1156 3527 1263 3570 nocere
1278 3527 1410 3589 unquam
1426 3527 1503 3589 pree·

314 3603 483 3686 sumpsisse,
497 3623 553 3665 neo
566 3602 606 3664 ad
618 3603 795 3684 scripturam
807 3601 955 3664 mmnm
974 3603 1122 3686 appulisse
1141 3604 1199 3666 nisi
1216 3624 1315 3667 amore
1330 3605 1404 3682 veri,
1418 3606 1501 3686 qnod
