3225 4700
505 318 533 384 I
538 320 826 389 TINERARI
831 322 919 389 ΠΜ.
1243 331 1306 397 229

102 474 142 527 et
157 486 316 549 operarum
329 468 402 531 curt
422 470 520 551 sepsit,
538 472 704 555 fossamque
723 474 763 535 ad
779 474 860 536 viam
879 495 948 557 que
967 477 1054 541 ducit
1072 478 1306 562 Bapaumesium

104 583 236 645 egerere
250 564 356 637 voluit,
370 586 430 647 qua
442 566 571 630 bostium
592 570 774 651 irruptiones
791 571 811 633 d
826 573 888 634 suis
901 574 1004 635 caruis
1017 574 1195 655 prohiberet.
1237 577 1307 639 Ma·

104 660 278 723 renchallus
295 662 333 723 de
349 661 461 724 Gasion
483 665 536 746 qui
556 666 701 746 equitatui
716 678 845 747 praerat
866 688 921 730 sua
932 670 1058 733 cadone
1072 671 1307 736 Marescbalium

104 756 152 817 de
167 756 257 819 Ferte
269 758 444 841 attingebat,
457 760 709 842 munimentisque
722 764 784 824 suis
797 763 946 825 sociorum
963 785 1088 848 aggeres
1105 769 1306 831 continuabat

106 853 289 916 Colonellus
301 856 430 937 denique
444 857 589 919 Rantuaw
606 858 791 921 Bainvillam
805 872 933 942 quatuor
947 862 1097 925 fortalitiis
1112 865 1308 927 circumdux-

107 964 190 1031 erat,
204 968 293 1036 atque
305 964 343 1017 ex
356 956 493 1018 omnibus
505 957 634 1018 vicinior
649 966 713 1018 erat
729 957 867 1019 obsessis.
906 958 982 1019 Tota
994 979 1067 1020 vero
1082 969 1179 1022 castra
1192 962 1308 1044 duplici

107 1053 239 1135 insuper
252 1054 440 1129 abscissione,
455 1063 490 1115 ut
502 1062 621 1129 vocant,
636 1061 855 1133 seperaverunt,
873 1073 912 1115 ne
927 1074 989 1136 qua
1001 1054 1174 1117 Cardinalis
1190 1057 1306 1136 Infans,

109 1149 171 1230 qui
189 1149 334 1231 expeditis
351 1150 383 1211 in
403 1150 546 1212 Flandria
563 1149 691 1232 negotiis
709 1168 780 1210 cum
800 1148 912 1210 eximio
929 1150 1062 1212 exercitu
1080 1150 1308 1216 fortissimorum

111 1246 251 1326 equitum
270 1246 463 1327 peditumque
481 1246 644 1308 adventare
661 1244 815 1307 dicebatur
834 1244 1014 1308 solutionem
1030 1245 1194 1309 obsidionis
1213 1258 1308 1310 teum·

111 1351 211 1416 turus,
226 1342 315 1404 facile
328 1343 493 1423 irrumpere
507 1342 646 1423 ipsosque
660 1342 783 1403 obruere
796 1352 905 1423 posset.

156 1441 253 1501 Arcto
268 1440 370 1521 itaque
386 1438 541 1501 obsidione
557 1437 764 1500 concluserant
778 1439 892 1515 urbem,
906 1459 977 1500 cum
992 1460 1062 1503 ecce
1075 1441 1131 1503 tibi
1143 1442 1253 1504 obsessi
1271 1464 1309 1505 ex

113 1535 239 1598 civitate
252 1556 362 1619 magno
375 1556 445 1597 cum
459 1536 574 1597 fervore
588 1543 749 1616 erumpunt
762 1544 853 1615 atquc
867 1536 899 1596 in
913 1536 1141 1601 Rantzavanam
1151 1541 1309 1608 stationem

113 1634 265 1715 impetum
278 1632 402 1709 faciunt,
417 1632 471 1694 sed
488 1630 672 1713 repelluntur
687 1639 754 1712 post
771 1630 987 1711 aliquantulam
1005 1634 1228 1699 dimicationem
1248 1658 1308 1699 uon

113 1730 182 1791 sine
195 1729 350 1811 utriusque
363 1730 456 1811 partis
470 1726 672 1811 sanguinein
687 1747 747 1808 qua
760 1727 884 1808 quidem
902 1728 1068 1810 irruptione
1085 1732 1150 1812 ipse
1163 1733 1310 1797 Rantnaw

115 1828 237 1889 duabus
249 1824 409 1906 glandibus
420 1823 567 1906 plumbeis
579 1821 728 1884 lethaliter
738 1832 783 1884 est
793 1822 977 1885 vulneratus.
1009 1824 1310 1909 Haostrageobsessi

115 1925 293 1987 audaciores
305 1943 367 1984 non
382 1922 477 1983 multo
489 1930 556 2003 poet
568 1921 679 1981 iterum
694 1918 941 2000 Millerayianum
959 1922 1087 1984 militem
1105 1944 1143 1985 ex
1161 1925 1310 2007 insperato

116 2022 261 2094 obruunt,
275 2038 437 2099 omnesque
452 2018 552 2099 copias
565 2016 679 2097 aliquot
690 2015 825 2096 passibus
837 2017 1001 2098 majoribus
1013 2019 1122 2081 animis
1134 2040 1226 2102 quam
1238 2023 1311 2083 viri·

115 2120 177 2179 bns
191 2126 271 2178 retro
283 2115 408 2196 pellunt,
426 2122 457 2175 et
476 2134 514 2175 ne
531 2112 619 2174 vacui
636 2112 769 2175 redirent
780 2112 813 2174 in
828 2114 931 2175 urbem
945 2114 1076 2195 plurima
1090 2136 1199 2198 peoora
1212 2116 1311 2180 Gallis

117 2224 225 2295 erepta
237 2212 347 2293 praedae
360 2210 427 2272 loco
440 2207 636 2271 animositatis
656 2226 718 2269 suae
736 2209 895 2289 praemium
913 2220 943 2272 et
961 2212 1098 2293 generosi
1115 2214 1208 2275 animi
1226 2215 1311 2278 testi·

118 2308 257 2372 monium
270 2308 427 2371 reducunt.

162 2405 296 2486 Hispani
309 2403 430 2466 interim
443 2403 483 2465 ad
497 2402 670 2465 Bethunam
683 2422 794 2486 magno
808 2423 932 2466 numero
941 2403 1144 2487 eolliguutur3
1166 2417 1197 2469 et
1211 2408 1311 2471 Gene-

117 2503 193 2565 ralis
205 2503 328 2584 qoidem
343 2501 447 2581 Major
466 2499 601 2580 Iamboy
615 2519 707 2560 morae
724 2499 883 2580 impatiens
900 2500 974 2561 dnm
994 2502 1048 2563 alii
1065 2503 1311 2584 interquiesount,

118 2620 192 2662 cnm
210 2597 309 2661 Gallis
327 2597 534 2680 congreditur,
548 2596 715 2677 turrimque
729 2596 850 2676 copioso
869 2595 1054 2659 Francorum
1071 2599 1168 2661 milite
1180 2600 1311 2662 cinctam

117 2697 326 2777 munitamque
342 2693 471 2770 invadit,
489 2701 661 2774 armataque
680 2711 772 2753 manu
786 2692 920 2754 mosoma
936 2713 1058 2755 suorum
1073 2695 1182 2757 virtute
1199 2715 1312 2780 expug-

117 2802 191 2868 nat3
213 2812 304 2873 quam
321 2811 391 2853 cum
410 2789 493 2852 Galli
509 2802 637 2871 quatuor
652 2787 867 2869 irruptionibus
887 2809 1063 2871 recuperare
1079 2792 1225 2870 nituntur,
1245 2794 1312 2875 plu·

119 2890 213 2951 rimos
235 2909 357 2952 suorum
373 2887 476 2970 magni
497 2885 629 2948 nominis
642 2885 722 2947 viros
743 2884 839 2946 Marti
851 2885 1010 2949 victimant
1025 2897 1056 2950 et
1073 2888 1171 2969 primo
1189 2889 1312 2970 quidem

120 2984 333 3046 Merchionem
351 2985 389 3046 de
404 2983 534 3045 Gessure
552 3001 590 3044 ex
607 2981 731 3043 vnlnere
749 2991 881 3062 ceptum,
896 2985 1028 3046 secundo
1047 2983 1257 3047 Marchionem
1273 2986 1312 3048 de

121 3082 266 3156 Breaute,
281 3081 336 3162 qui
351 3080 503 3155 occubuit,
517 3079 607 3140 tertio
627 3069 838 3140 Marchionem
853 3066 1001 3141 de'Breza
1014 3081 1068 3161 qui
1085 3081 1223 3143 similiter
1235 3103 1313 3144 mor·

121 3187 184 3240 tem
197 3179 256 3239 isto
271 3177 304 3238 in
320 3176 423 3259 proelio
439 3175 573 3257 oppetiit.
614 3174 731 3247 Quarto
749 3175 917 3236 Dominum
938 3176 976 3238 de
991 3177 1159 3240 Valtimont
1177 3179 1312 3260 equitum

122 3276 280 3336 doctorem
293 3273 459 3356 egregium,
473 3271 527 3352 qui
540 3271 621 3354 ipsus
640 3291 760 3353 qnoque
777 3270 931 3333 luculentd
947 3273 1037 3357 plugd
1051 3274 1176 3350 interiit,
1189 3266 1313 3356 ejusque

18 3367 19 3386 ³
123 3371 254 3432 cadaver
271 3379 374 3452 postea
390 3370 431 3432 ad
446 3377 543 3431 castra
567 3367 738 3448 Iamboyca
759 3368 885 3430 ductum
907 3378 962 3445 est,
981 3369 1085 3450 quinto
1107 3370 1259 3433 Batonem
1276 3373 1315 3435 de

124 3466 260 3529 Marette
277 3467 414 3527 Fratrem
430 3465 557 3528 Comitis
574 3465 612 3526 de
626 3465 794 3542 Grandsec,
809 3465 863 3546 qui
881 3486 941 3526 non
955 3465 1055 3526 minus
1072 3486 1108 3528 ac
1126 3468 1240 3549 priores
1256 3468 1315 3530 boc

123 3563 190 3644 ipso
202 3561 347 3625 conflictu
355 3561 458 3624 rivere
467 3560 566 3638 desiit,
578 3569 662 3622 sexto
674 3561 826 3624 Baranam
835 3563 875 3625 de
884 3561 1034 3644 Egenbell
1042 3573 1175 3644 captum,
1186 3565 1315 3646 septimo

125 3659 279 3723 Baronsm
290 3659 328 3721 de
340 3657 494 3724 Neufville
505 3663 665 3734 mortuum,
677 3667 780 3720 octavo
791 3659 922 3740 equitem
931 3660 970 3720 de
978 3658 1009 3719 la
1020 3659 1142 3741 Louppe
1149 3669 1313 3735 mortuum,
