3225 4700
329 314 394 380 868
720 307 1138 378 ITINERARIUM.

369 462 617 525 Abominandum
630 472 683 536 eat,
698 463 778 542 quod
793 462 883 524 certis
897 462 1067 524 cursoribus
1083 460 1226 524 Helvetia
1239 457 1404 523 transmisit
1417 456 1536 518 bestia-

329 558 421 620 litatis
434 559 659 620 documentum.
689 558 753 621 Ubi
766 559 839 620 foeta
851 559 961 620 bucula
972 561 1048 621 duos
1062 559 1193 622 humana
1206 559 1305 640 specie
1320 568 1350 618 et
1362 557 1459 617 forma
1476 554 1536 614 ab·

329 654 536 729 solutissimae,
555 656 581 716 si
596 657 730 717 membra
747 667 873 737 spectes,
894 657 983 718 suetus
1000 658 1103 719 eodem
1120 669 1208 740 partu
1224 657 1312 718 enixa
1326 665 1381 729 est,
1396 673 1535 736 puerum

328 752 443 813 scilicet
456 762 486 814 et
503 752 643 834 puellam.
684 751 870 814 Cohorrudre
890 754 929 814 ad
948 753 1150 834 spectaculum
1168 752 1336 828 domestici,
1353 753 1426 813 dum
1448 749 1535 810 sorte

329 848 517 911 illucescente
538 849 588 912 die
609 851 640 910 in
661 849 812 911 stabulum
834 853 1039 932 penetravere,
1062 861 1091 912 et
1113 849 1254 911 horrendi
1274 849 1384 932 flagitii
1407 847 1533 908 indicia

328 948 527 1027 conspexere:
556 967 612 1008 nec
632 946 761 1008 multum
782 946 926 1020 cunctati,
947 946 986 1008 ad
1005 946 1173 1030 legitimum
1194 946 1409 1028 Magistratum
1433 963 1533 1025 nego·

328 1042 403 1105 uum
417 1042 599 1116 detulerunt,
612 1044 631 1104 d
646 1064 707 1124 quo
726 1042 912 1119 conclusum,
929 1055 962 1106 ut
981 1063 1071 1126 pecus
1090 1043 1160 1126 igne
1173 1045 1388 1116 absumeretur,
1404 1042 1436 1103 in
1451 1061 1531 1101 auc·

329 1151 422 1202 torem
436 1141 508 1200 verb
527 1139 635 1221 flagitii
650 1139 754 1200 sedulb
770 1139 980 1220 inquireretur,
998 1139 1050 1222 qui
1068 1140 1093 1200 si
1113 1150 1248 1222 repertus
1267 1149 1354 1213 esset,
1376 1137 1530 1200 custodiae

327 1237 526 1311 addiceretur,
540 1236 651 1317 quoad,
665 1236 740 1317 quid
754 1236 957 1319 impurissimo
970 1238 1077 1299 lenone
1090 1237 1253 1319 agendum,
1269 1236 1392 1296 decerni
1405 1245 1529 1317 posset:

327 1333 417 1394 ambo
430 1334 502 1394 verb
515 1332 604 1394 foetus
617 1332 760 1413 tantisper
773 1345 1030 1410 conservarentur,
1041 1335 1140 1416 quoad
1149 1334 1288 1414 judicare
1300 1331 1403 1393 liceret
1413 1352 1527 1393 verene

328 1429 463 1491 homines
480 1430 596 1491 ratione
614 1429 735 1510 praediti
751 1441 860 1506 essent,
876 1451 914 1492 an
934 1433 1022 1493 bruta
1038 1451 1157 1514 pecora,
1172 1429 1282 1511 quibus
1301 1439 1526 1490 sacramentum

327 1527 560 1610 regenerationis
574 1527 745 1610 negandum
758 1537 812 1588 aut
825 1527 1057 1609 impertiendum
1071 1527 1157 1588 foret.

369 1623 574 1686 Monstrosam
588 1644 704 1704 quoque
724 1636 843 1704 parturn
859 1624 939 1686 fudit
954 1625 1058 1686 infelix
1075 1633 1180 1698 mater,
1201 1624 1322 1685 sartoris
1338 1634 1368 1683 et
1382 1621 1525 1683 vinitoria

326 1720 483 1803 cujusdam
498 1741 582 1795 uxor,
600 1720 703 1802 oppidi
723 1720 883 1796 Hocbstat,
905 1721 1063 1782 comitatus
1079 1721 1282 1782 Hanovieusis
1299 1717 1415 1792 incolae,
1431 1718 1525 1781 foetus

327 1838 364 1878 ex
379 1826 464 1878 utero
480 1817 585 1878 vivens
602 1836 637 1878 ac
656 1816 771 1898 spirans
787 1839 922 1900 wreus
940 1829 994 1887 est,
1010 1817 1215 1898 referebatque
1235 1816 1388 1899 geminam
1404 1815 1522 1898 prolem

325 1913 458 1975 humana
477 1913 575 1996 specie
593 1913 765 1995 perfectam,
786 1913 941 1996 geminum
958 1913 986 1974 ci
1007 1923 1098 1995 caput
1116 1925 1188 1986 erat,
1206 1913 1290 1974 aliud
1310 1913 1438 1974 alterum
1458 1934 1522 1974 res-

325 2011 450 2091 piciens,
462 2030 524 2072 suae
538 2009 636 2071 cuivis
647 2031 743 2085 aures,
759 2010 849 2085 oculi,
862 2031 961 2086 nasus,
971 2010 1064 2080 frons,
1076 2032 1120 2084 oa,
1136 2011 1250 2092 lingua,
1263 2009 1353 2085 labia,
1369 2021 1519 2084 mentum,

326 2127 432 2168 manas
446 2107 564 2187 utrique
578 2117 608 2168 et
621 2107 712 2188 pedes
725 2108 850 2189 proprii,
864 2129 932 2168 cunr
948 2107 1097 2170 consuetis
1114 2107 1229 2169 homini
1242 2107 1347 2190 digitis
1361 2119 1391 2169 et
1406 2107 1520 2188 ungui·

326 2203 391 2278 bus,
402 2203 519 2285 aliaque
533 2202 635 2264 omnia
644 2206 777 2265 membra
789 2206 826 2266 ab
841 2204 972 2266 humana
981 2205 1154 2286 symmetria
1167 2203 1242 2266 nihil
1256 2203 1428 2266 abludentis
1442 2223 1520 2284 prae·

324 2309 461 2381 terquam
475 2300 556 2382 quod
568 2299 716 2363 anteriore
730 2311 815 2383 parte
828 2301 941 2364 ventris
953 2303 994 2364 ita
1004 2300 1185 2379 coaluerant,
1196 2311 1230 2363 ut
1243 2301 1415 2363 communia
1428 2301 1520 2363 intes-

325 2395 387 2456 tina
396 2396 569 2459 viderentur
582 2398 702 2473 habere,
713 2419 769 2459 nec
783 2398 879 2460 ullum
895 2404 981 2461 sexus
996 2400 1157 2461 discrimen
1171 2409 1335 2481 appareret.
1379 2398 1517 2479 Uterque

325 2492 419 2554 vitam
440 2505 471 2556 et
493 2495 625 2556 animam
646 2496 796 2578 propriam
818 2496 899 2557 visus
920 2497 1105 2571 esthabere,
1127 2508 1215 2577 atque
1235 2496 1344 2557 exinde
1365 2496 1517 2577 duplicem

325 2589 416 2651 fuisse
430 2590 580 2652 bominem
593 2594 824 2675 comprobarunt
838 2594 955 2676 pbysici
969 2606 999 2655 et
1011 2594 1136 2655 medicae
1151 2593 1223 2655 artis
1234 2593 1332 2674 periti,
1347 2594 1428 2673 qaod
1441 2592 1518 2655 alter

324 2697 392 2767 post
409 2687 535 2749 alterum
554 2689 705 2765 defecerit,
725 2701 756 2752 et
775 2692 890 2772 primus
911 2692 1032 2773 quidem
1053 2691 1157 2752 decem
1175 2700 1292 2751 tentum
1312 2690 1392 2751 boris
1414 2710 1518 2771 snper-
1596 2690 1597 2698 ’

328 2783 444 2859 vixerit,
458 2784 534 2846 alins
547 2786 618 2847 verb
633 2788 747 2848 vicenis
762 2789 915 2869 quaternis
930 2788 1010 2850 horis
1027 2788 1165 2870 spiritum
1180 2788 1289 2849 ducere
1303 2798 1334 2848 et
1349 2808 1515 2849 semovere

325 2890 444 2941 notatas
463 2882 510 2942 sit.
553 2882 759 2945 Convolaruat
777 2886 817 2947 ad
834 2886 961 2947 monstri
978 2884 1180 2967 spectaculum
1202 2884 1402 2965 undequaque
1422 2884 1516 2944 multa

324 2976 481 3038 bominum
495 2978 591 3039 millia
608 2981 706 3041 omnis
721 2984 818 3056 sexus,
833 2984 938 3055 atatis,
952 2992 982 3043 et
995 2982 1193 3043 conditionis:
1222 2981 1275 3062 qui
1290 2982 1321 3041 in
1340 3001 1434 3042 sevam
1449 3001 1514 3061 pos·

324 3085 457 3135 terorum
479 3076 652 3137 memoriam
675 3098 747 3139 saxo
770 3080 919 3159 quadrato
939 3089 1104 3141 monstrum
1123 3078 1217 3140 incidi
1241 3078 1409 3154 voluerunt,
1431 3088 1460 3138 et
1480 3078 1511 3138 in

324 3171 427 3232 eodem
446 3173 568 3254 oppido,
586 3173 638 3235 ubi
656 3194 715 3235 non
734 3176 838 3256 procul
856 3176 874 3237 d
892 3176 996 3257 templi
1014 3176 1126 3257 pariete
1145 3175 1273 3235 cadaver
1291 3174 1439 3255 sepultum
1458 3184 1510 3249 est,

322 3268 408 3352 erigi.

363 3365 446 3427 Dam
463 3368 677 3454 multiplicatis,
692 3371 868 3450 portentosis
881 3369 961 3442 licet,
973 3379 1003 3431 ct
1016 3369 1152 3431 nefandis
1160 3368 1289 3444 foetibus,
1301 3369 1511 3453 benignissima

323 3467 454 3527 universi
469 3488 574 3548 parens
589 3480 695 3528 natura
708 3468 928 3541 obstetricantur,
943 3476 973 3529 et
987 3486 1150 3549 propagare
1164 3486 1258 3548 genus
1277 3465 1441 3527 humanum
1456 3467 1510 3527 fes·

321 3563 448 3625 tinando
467 3575 498 3625 et
513 3564 677 3628 exerrando
693 3564 782 3625 dictis
799 3564 873 3625 locis
888 3565 1071 3639 connititur3
1091 3563 1162 3625 alibi
1176 3564 1299 3625 sublatis
1313 3568 1330 3626 e
1347 3565 1446 3626 medio
1459 3564 1509 3625 bo·

322 3661 452 3724 minibus
463 3662 597 3743 ejusdem
612 3662 762 3743 proposito
778 3662 942 3724 obsistitur.
984 3662 1098 3723 Verum
1115 3661 1195 3723 enim
1209 3664 1280 3723 verb
1294 3660 1421 3723 Viennae
1436 3662 1509 3724 Aus-
