3225 4700
478 369 879 439 ITINERARIUM.
1209 374 1274 439 305

35 513 233 575 celerrimi
259 516 318 595 qud
342 525 454 597 poterat
475 520 662 600 expeditione
683 522 787 582 sedulo
811 520 942 583 collectis
968 520 1061 603 copiis
1087 481 1265 582 Bchemiam
1333 546 1337 554 ¹

39 627 191 685 versus,
205 632 242 671 ne
256 612 332 673 forte
345 613 364 675 l
378 614 535 676 victorioso
548 617 681 678 exercitu
694 615 804 679 alicubi
819 614 1018 698 deprehensus
1031 619 1180 678 obruetur.
1224 616 1265 678 Et

36 701 272 769 licetsummd
285 709 473 770 contentione
492 710 633 772 laborarit
651 711 868 773 Picolominius
883 712 934 793 qni
954 712 1119 793 peditatum
1138 713 1266 775 ducebat

42 822 145 862 eum
165 806 321 867 tormentis
339 806 513 887 majoribus,
532 805 668 868 hostilem
686 808 852 870 exercitum
871 818 1056 889 prevertere,
1076 828 1112 869 ac
1130 808 1161 869 in
1176 809 1265 870 certis

46 901 220 982 angustiis
231 912 439 983 properantem
453 902 565 978 sistere,
580 902 629 963 vel
644 902 749 964 saltem
764 904 909 965 Bresnitii
922 904 974 963 ubi
991 904 1156 964 necessario
1170 912 1265 966 trans-

48 998 209 1058 eundum
220 1007 294 1070 erat,
304 998 343 1058 ad
354 999 535 1059 conserenda
543 985 627 1061 arma
640 1018 758 1081 cogere,
768 999 876 1060 nullibi
890 1009 989 1061 tamen
1000 999 1033 1060 id
1042 998 1157 1079 assequi
1167 1000 1266 1081 potuit

52 1092 225 1155 celeritate
238 1113 293 1153 sun
304 1113 421 1175 semper
437 1105 634 1175 praevertente
654 1095 818 1167 Bannerio‚
835 1095 888 1175 qui
905 1094 992 1156 facile
1009 1095 1130 1156 videbat
1148 1096 1265 1157 incolu-

52 1189 209 1250 mitatem
223 1208 306 1249 suam
320 1208 500 1269 suorumque
518 1191 549 1250 in
564 1189 627 1252 sold
640 1190 713 1273 fugi
726 1212 787 1252 esse
801 1192 938 1272 positam.
979 1191 1084 1252 Evasit
1097 1192 1196 1271 itaque
1208 1192 1264 1253 hoc

56 1286 166 1346 modo
184 1284 351 1347 Zwiclriam
371 1285 549 1362 Bonnense,
572 1287 624 1347 nbi
642 1307 705 1348 sese
725 1308 794 1350 cum
814 1287 905 1349 Gallo
923 1286 1116 1349 Wimariensi
1132 1289 1264 1350 exercitu

55 1383 239 1463 conjunxit.
281 1382 407 1463 Ooepere
420 1380 470 1443 hic
483 1384 555 1444 novi
566 1383 665 1445 hostes
683 1385 846 1468 confligere
859 1405 929 1445 cnm
942 1382 1060 1445 infelice
1080 1384 1179 1458 Duce,
1194 1404 1263 1445 uam

58 1480 205 1561 primunr
219 1479 301 1539 anim
315 1478 473 1559 inegritndo
489 1489 519 1540 et
535 1500 645 1541 rnoeror
662 1481 788 1542 militem
806 1480 969 1563 gloriosum
985 1480 1094 1541 invasit
1111 1491 1194 1541 tanto
1209 1480 1264 1541 im·

57 1586 155 1655 petn,
171 1584 205 1637 nt
217 1575 307 1636 etiam
319 1576 353 1636 in
363 1594 471 1656 corpus
481 1575 655 1638 redundarit
664 1578 785 1639 morbus
797 1577 851 1657 qui
864 1576 891 1637 ei
904 1576 946 1637 20
956 1575 1034 1636 Maii
1048 1575 1139 1637 altero
1150 1575 1264 1638 scilicet

60 1680 139 1753 post
157 1679 312 1752 acceptam
328 1670 446 1732 cladem
463 1691 565 1732 mense
588 1672 686 1734 fatalis
705 1672 772 1748 fuit,
791 1682 822 1734 et
841 1691 930 1753 quem
949 1670 1034 1732 Mars
1051 1680 1182 1733 sternere
1202 1694 1262 1733 non

61 1767 182 1848 potnit,
197 1767 285 1827 morti
297 1765 418 1827 tandem
437 1767 602 1828 succubuit
643 1768 734 1828 Luxit
748 1766 846 1830 Ducis
862 1776 1037 1849 prostratam
1057 1767 1262 1831 fortitudinem

62 1864 231 1925 universus
244 1863 390 1924 exercitus
403 1872 433 1924 et
446 1883 537 1943 quam
551 1864 621 1925 forti
633 1864 698 1924 viro
712 1864 804 1925 vitam
819 1864 984 1945 producere
997 1882 1056 1923 non
1071 1863 1168 1943 potuit
1180 1864 1263 1927 sorti·

65 1961 188 2024 tudinia
199 1961 309 2022 famum
324 1961 362 2021 ad
378 1980 473 2021 seram
488 1961 690 2041 posteritatem
704 1962 845 2023 extraxit.

111 2058 163 2118 No
180 2057 301 2117 interim
320 2057 394 2127 dum
414 2056 668 2118 Dorstensohnius
685 2069 859 2119 evocaretur
872 2059 911 2118 ad
926 2056 1041 2117 militiae
1060 2056 1264 2139 gubernaculo

66 2155 181 2216 viduus
200 2154 347 2214 exercitus
362 2153 567 2214 distitueretur
586 2152 797 2235 Duce-‚Tres
817 2153 888 2214 belli
905 2154 1017 2228 Duces,
1038 2173 1165 2233 qnorum
1185 2172 1263 2213 unns

68 2250 211 2312 Adamas
230 2249 324 2311 Pfuhl
342 2250 462 2311 natione
483 2248 663 2326 Germanus,
686 2249 761 2311 alter
776 2249 904 2319 Carolus
922 2248 1094 2331 Gustaphus
1115 2248 1261 2331 Vrangel,

67 2348 192 2409 natione
209 2346 333 2409 Snecns.
374 2346 492 2408 'l'ertins
509 2345 640 2427 deniqne
658 2346 797 2409 Alfnrtus
812 2346 1006 2429 Wirtenberg
1021 2346 1119 2428 patria
1138 2345 1261 2406 Finlan-

68 2447 128 2506 dus
142 2443 302 2524 imperium
315 2443 346 2504 in
360 2443 470 2505 milites
482 2444 525 2503 ita
538 2443 640 2524 partiti
653 2455 732 2514 sunt,
747 2453 781 2504 ut
793 2443 961 2524 conjunctis
974 2442 1107 2503 consiliis
1119 2442 1258 2502 militiam

68 2542 246 2623 dirigerent.
