3225 4700
482 340 892 415 ITINERARIUM.
1224 346 1285 415 loe

74 496 186 573 duem,
201 517 331 581 cumque
343 497 478 575 omnino,
489 500 622 581 exceptis
634 498 768 583 partibus
781 498 1000 574 secretioribus,
1009 499 1114 573 fuisset
1124 500 1287 579 denudata,

75 606 109 655 et
130 596 167 656 in
186 596 348 677 equuleum
366 604 499 673 extensa,
517 596 596 659 inter
615 598 714 680 prime
728 606 879 660 tormenta
895 596 941 659 nil
955 598 1118 679 quicquum
1137 610 1183 662 est
1198 602 1286 682 fessa

77 712 153 753 eum
169 703 269 755 eutem
285 694 326 756 ad
338 693 491 777 gravimes
506 714 610 776 peenas
622 703 698 757 esset
714 694 902 769 deducenda,
916 695 1074 777 deprecata
1085 705 1139 770 est,
1154 707 1186 758 et
1194 697 1287 759 libere

79 810 113 850 se
124 788 259 853 daemoni
272 790 334 853 fide
344 791 518 853 obstrictam
530 792 618 869 dixit,
630 812 761 873 cumque
774 812 810 853 eo
819 810 898 874 saepe
910 792 1020 873 sepius
1028 794 1223 855 concubuisse
1232 794 1288 855 snb

80 887 185 967 specie
198 886 292 962 uirili,
306 887 457 969 simulque
474 888 636 969 complices
653 908 816 969 earumque
832 888 967 950 facinore
983 889 1111 969 aperuit.
1153 890 1203 952 Ob
1218 910 1288 972 quur

80 1002 190 1043 omnes
203 982 244 1045 ed
257 996 386 1046 mortem
397 985 546 1047 damnatae
559 985 741 1068 supplicium
754 1006 811 1066 pro
822 984 930 1047 merito
941 984 1072 1047 luerunt.

125 1077 229 1141 Tertii
247 1079 390 1142 «Ianuarii
413 1080 581 1144 Dominum
601 1102 704 1145 versus
724 1082 919 1164 perreximus,
941 1082 1096 1145 Gallassus
1115 1083 1187 1145 verb
1208 1084 1290 1145 Neo·

81 1176 363 1259 brandenburgnm,
385 1186 419 1239 ut
439 1178 511 1241 iude
533 1178 767 1240 Anelavienaem
790 1177 988 1253 obsidionem,
1010 1197 1079 1258 quer
1103 1180 1167 1241 sine
1188 1180 1290 1241 linctu

82 1272 329 1345 continuabatur,
348 1273 486 1351 solveret,
507 1294 546 1337 ne
565 1275 651 1336 miles
670 1274 738 1356 plus
757 1275 830 1336 inde
850 1275 954 1336 damni
972 1274 1063 1355 quim
1084 1276 1290 1348 emolumenti,

82 1368 192 1431 adulti
198 1370 266 1451 jam
279 1368 397 1450 byeme,
409 1380 537 1452 caperet.
574 1371 613 1431 In
626 1372 733 1435 itinere
746 1370 803 1431 boc
818 1370 981 1453 plurimum
995 1372 1065 1452 equi
1078 1374 1173 1434 nostri
1186 1372 1290 1435 deiici-

84 1476 155 1527 ente
177 1466 297 1548 pebulo,
315 1467 359 1529 ite
378 1476 412 1529 ut
431 1488 469 1529 ue
489 1477 651 1531 stramenta
671 1468 794 1549 quidem
815 1468 900 1548 equis
916 1468 1088 1532 reficiendis
1107 1470 1289 1545 sufficerent,

85 1564 168 1643 pasm'
186 1574 267 1624 sunt.
308 1564 483 1626 Accedebat
500 1564 597 1647 frigus
614 1564 858 1639 intensissimum,
874 1565 951 1626 adeo
967 1567 1099 1628 militum
1116 1568 1291 1649 corporibus

85 1660 224 1734 noxium,
238 1668 274 1721 ut
287 1660 423 1722 nonnulli
436 1662 537 1723 stetim
548 1661 744 1723 conciderent
756 1661 878 1722 mortui.
911 1662 966 1723 Ad
980 1662 1109 1743 Preslyu
1124 1664 1177 1725 ubi
1190 1663 1291 1735 Quar-

85 1756 199 1817 terium
210 1755 260 1839 (ut
268 1759 390 1835 vocant)
399 1757 565 1839 principale
577 1767 641 1820 erat
652 1778 722 1819 cum
734 1758 862 1819 biduum
874 1758 1116 1831 substitissemus,
1127 1758 1205 1819 inter
1215 1758 1291 1819 Offi-

86 1852 181 1913 ciales
196 1853 352 1935 plerosque
367 1854 556 1935 aliquantum
572 1854 792 1915 tumultuatum·
803 1862 859 1927 est,
873 1854 957 1935 quod
969 1853 1056 1913 bonis
1069 1862 1185 1913 tantum
1200 1854 1292 1915 lacte·

88 1958 196 2010 rentur
203 1950 314 2025 uerbis,
326 1970 381 2012 neo
394 1951 437 2012 rei
451 1951 632 2031 pecuniariae
643 1950 810 2032 quidquam
824 1950 881 2011 sibi
892 1958 944 2011 aut
955 1948 1046 2011 militi
1060 1948 1202 2012 exhensto
1215 1953 1291 2030 pene

88 2046 354 2109 etnudoderetur.
375 2048 557 2109 Merebatur
564 2050 684 2129 quoque
692 2066 753 2109 non
762 2045 1292 2109 obseuriesermouiboeGenernlium

89 2144 281 2223 quorundam
295 2144 447 2225 iniqnitas,
461 2145 515 2224 qui
529 2165 588 2221 eos,
601 2146 709 2225 quibus
723 2146 798 2205 bene
812 2144 925 2206 uellent
936 2143 977 2205 ad
992 2142 1208 2225 Imperatorem
1222 2142 1292 2205 reli·

89 2259 227 2319 quosque
238 2240 398 2322 Principes
407 2240 558 2301 mitterent
568 2240 693 2302 nuncios
702 2249 941 2323 expugnatarum
955 2240 974 2300 a
986 2260 1018 2300 se
1032 2240 1162 2314 urbium,
1177 2247 1212 2299 ut
1224 2260 1291 2301 eam

90 2357 161 2418 quoe
171 2336 263 2398 militi
271 2338 430 2399 deberetur
439 2338 608 2399 mercedem
618 2337 827 2419 anticiparent,
839 2335 925 2398 miles
938 2335 1069 2412 interim,
1080 2337 1134 2417 qui
1146 2334 1293 2412 laborem,

92 2433 271 2516 mngoinem
284 2445 315 2496 et
323 2435 417 2496 vitam
429 2434 621 2516 exposuisset,
632 2444 740 2515 prester
754 2435 888 2496 miserias
901 2443 932 2494 et
944 2432 1070 2494 vulnera
1080 2433 1124 2493 nil
1136 2433 1292 2495 obtineret

94 2531 287 2610 Responsum
305 2539 359 2606 eet,
379 2551 415 2592 ea
432 2551 515 2591 nunc
534 2551 598 2592 esse
615 2541 760 2612 tempora,
780 2531 891 2611 quibus
908 2530 981 2592 satis
997 2529 1065 2590 lieri
1081 2529 1218 2590 omnibus
1231 2548 1292 2591 non

93 2637 204 2708 posset,
220 2627 245 2688 si
263 2629 443 2710 quandoque
464 2647 527 2690 sors
545 2627 651 2688 melior
667 2627 793 2689 afflasset
807 2627 977 2709 imperium,
992 2625 1056 2687 fore
1074 2625 1179 2706 ntique
1193 2636 1225 2687 ut
1238 2647 1293 2708 pro

94 2723 285 2807 singulorum
300 2724 472 2787 conditione
487 2723 613 2806 premia
628 2722 724 2786 cuivis
742 2724 984 2786 decernerentur.

137 2821 242 2882 Iborni
261 2821 354 2882 nostri
372 2841 426 2882 sua
446 2820 581 2901 hyberna
600 2819 813 2903 Mecbleburgi
828 2828 1024 2901 acceperunt:
1050 2819 1142 2881 distat
1159 2819 1296 2882 Mechle-

95 2919 227 3000 bnrgum
245 2914 306 2978 non
326 2915 385 2977 nisi
401 2916 474 2977 bord
486 2916 659 2990 Wismerio,
677 2917 756 2979 unde
773 2916 877 2979 Duces
894 2916 1178 2997 Mscbleburgenses
1195 2921 1294 2978 ortum

96 3033 186 3076 auum
198 3021 229 3074 et
242 3033 352 3075 nomeu
365 3013 506 3074 nubunt:
525 3020 683 3073 tenuerant
695 3032 765 3074 cum
778 3013 879 3074 locum
889 3032 951 3073 non
964 3011 1059 3074 multb
1069 3019 1138 3072 ente
1150 3011 1209 3072 tria
1220 3013 1296 3074 Sue·

97 3130 202 3171 eorum
218 3109 325 3184 millia,
341 3111 394 3171 sed
412 3109 431 3170 ὲ
450 3107 749 3172 Neoclaustreneibus
765 3130 862 3192 nuper
877 3109 978 3170 obruti
996 3108 1180 3189 dispersique
1198 3119 1293 3187 erant,

97 3206 327 3287 eripuerantqec
340 3225 442 3267 omnes
455 3207 547 3288 prope
558 3206 661 3287 Equos
673 3227 743 3267 cum
755 3206 987 3288 impedimentis.
1023 3204 1084 3266 Die
1097 3204 1202 3284 quinti
1214 3207 1295 3268 deci·

98 3302 149 3364 mi
160 3302 303 3364 «Ianuarii
317 3301 474 3363 Generalis
486 3302 616 3364 Bredaw
629 3322 699 3364 oum
712 3303 820 3364 turmis
832 3303 948 3383 aliquot
961 3302 1108 3382 Equitum
1120 3301 1153 3361 in
1166 3301 1296 3364 insulam

100 3401 174 3481 Pyll
192 3401 335 3474 excurrit,
348 3399 402 3460 sed
419 3399 535 3460 amissis
551 3399 667 3480 aliquot
679 3400 711 3461 in
731 3399 817 3480 aquis
830 3399 980 3479 equitibus
996 3398 1061 3458 siue
1077 3397 1177 3460 fructu
1194 3400 1295 3462 rediit

100 3498 172 3560 Non
189 3497 286 3558 multb
306 3504 374 3578 poet
393 3495 498 3558 eodem
520 3495 627 3558 missus
643 3505 688 3558 est
708 3516 778 3557 eum
795 3494 996 3557 selectissimis
1014 3494 1193 3576 Dragonum
1207 3495 1297 3557 Colo·

99 3593 197 3656 uellus
209 3593 319 3669 Troan,
330 3601 365 3653 nt
377 3592 402 3653 si
415 3591 491 3673 quid
504 3591 567 3654 illie
580 3601 762 3654 commeatus
774 3593 917 3674 reperiret
929 3591 969 3652 ed
982 3600 1082 3652 noetm
1093 3600 1190 3652 castre
1203 3592 1297 3651 dedu·

101 3701 191 3767 esret,
205 3691 260 3754 sed
272 3689 369 3752 seriis
382 3688 475 3764 venit,
484 3691 551 3771 jam
563 3690 693 3751 animab
704 3689 883 3752 adversariis
894 3688 996 3752 omnia
1006 3686 1298 3769 apamaenum,
