3225 4700
1309 956 1854 1077 BENEVOLO
1907 997 2371 1075 LECTORI.

698 1180 766 1268 Γ,
842 1260 896 1308 [v
1146 1219 1208 1280 x
1234 1239 1354 1300 quo
1379 1220 1495 1281 iter
1517 1220 1798 1283 meditari
1823 1229 1884 1282 et
1908 1221 2147 1304 ingredi
2182 1220 2359 1302 eoepi,
2405 1219 2786 1282 quentium
2821 1241 3032 1281 meum

768 1320 774 1340 ¹
846 1392 850 1396 Ι
878 1366 893 1378 ,
931 1376 938 1386 ,
983 1316 999 1336 ’·
1184 1315 1372 1379 tribus
1397 1316 1643 1378 omnino
1666 1317 2016 1380 stationibus
2042 1313 2347 1379 absoli'rere
2359 1316 2492 1398 jam
2519 1316 2662 1377 iude
2683 1317 2758 1377 ab
2778 1317 3031 1377 exordio

899 1441 918 1456 ·=
985 1416 986 1419 ’
1007 1453 1019 1465 -
1051 1396 1126 1489 ἶ
1186 1413 1697 1497 Peregrinationis
1724 1433 1873 1475 meae
1904 1415 2081 1476 Divis
2116 1413 2411 1476 caelitibus
2444 1412 2779 1474 faventibus
2819 1413 3030 1473 decre·

748 1645 770 1649 „
790 1617 806 1633 ²*
834 1617 911 1649 *³³⁰
995 1620 1011 1633 ’
1027 1617 1063 1637 “·
1083 1589 1111 1609 ”
1181 1625 1316 1667 meo
1341 1615 1535 1688 gestas
1560 1607 1691 1668 orbi
1716 1606 2066 1688 spectandas
2089 1607 2155 1667 iii
2181 1604 2375 1667 lucem
2402 1603 2666 1686 vulgavi.

726 1702 791 1765 N
793 1723 912 1764 unc
939 1703 1177 1765 tertiam
1202 1703 1446 1764 tandem
1478 1702 1662 1764 veluti
1686 1702 1957 1764 laborum
1993 1722 2258 1766 meorum
2292 1710 2510 1762 metam
2545 1707 2606 1760 et
2637 1697 2753 1759 vioe
2792 1696 3027 1757 exitum

646 1795 782 1858 Deo
807 1800 1044 1880 auspice
1072 1808 1132 1861 et
1157 1808 1478 1861 conatuum
1504 1819 1774 1860 meorum
1800 1798 2091 1859 directore
2117 1798 2379 1874 adorn03
2421 1815 2553 1857 eam
2594 1791 3027 1855 benevolentiae

643 1902 784 1970 tuoe,
814 1896 1003 1957 amice
1030 1897 1220 1958 lector
1242 1897 1397 1957 bona
1425 1895 1530 1957 tua
1553 1895 1733 1956 veni&⁴
1758 1895 2066 1976 consigno,
2089 1903 2255 1955 tuam
2274 1892 2700 1954 humanitatem
2722 1889 3028 1951 obtestans

645 2003 713 2055 ut
733 1996 964 2058 animus
981 2005 1122 2058 tuus
1139 1996 1344 2059 multis
1363 1996 1709 2057 semitarum
1730 1995 2085 2076 defatigatus
2104 1993 2469 2054 anfi-actibus
2492 1989 2821 2052 innumeris
2836 1988 3025 2050 bello·

644 2111 780 2152 rum
807 2092 1326 2173 periculorumque
1353 2091 1665 2153 eventibus
1696 2099 2106 2152 consternatus
2140 2088 2485 2171 inexplebili
2524 2086 2857 2150 Christiani
2890 2107 3028 2147 san·

643 2187 846 2268 guinis
871 2186 1167 2268 profluvio
1191 2188 1325 2268 plus
1351 2186 1540 2248 nimio
1567 2195 1884 2262 saturatus,
1910 2186 2039 2246 sine
2065 2184 2332 2262 vulnere,
2357 2193 2521 2246 metu
2538 2193 2600 2246 et
2616 2183 2839 2259 labore,
2859 2182 2925 2243 in
2956 2202 3028 2244 ea

646 2283 995 2344 suavissime
1022 2285 1424 2366 conquiescat.

727 2381 792 2444 N
794 2401 872 2442 on
894 2390 972 2457 te,
1001 2401 1126 2455 oro,
1148 2381 1457 2442 hominum
1478 2379 1977 2441 maleferiatorum
1996 2388 2057 2441 et
2075 2378 2593 2442 infestissimorum
2610 2377 3024 2439 tenebrionum

644 2477 818 2537 fiunae
840 2497 989 2537 meae
1018 2476 1472 2539 obtrectationes
1497 2486 1798 2551 moveant,
1828 2496 2082 2557 quorum
2109 2475 2345 2538 obscuri
2380 2484 2626 2536 conatus
2659 2474 2738 2534 ad
2763 2474 3024 2534 clarissi-

647 2590 808 2632 mam
850 2572 1114 2633 veritatis
1154 2572 1353 2633 lucem
1391 2572 1556 2633 velut
1595 2571 1976 2634 caecutientes
2017 2570 2335 2651 Pyraustoe
2386 2571 2811 2645 occubuerunt,
2855 2580 2916 2632 et
2957 2569 3021 2630 in

645 2667 911 2729 favillam
937 2688 1007 2729 ac
1033 2668 1265 2729 fumum
1297 2688 1416 2728 non
1444 2668 1573 2729 sine
1603 2668 1730 2728 Dio
1759 2668 2025 2730 Numine
2052 2668 2491 2748 disparuerunt.

725 2763 1010 2825 Potentes
1036 2764 1281 2825 omnino
1316 2763 1474 2825 sensi
1505 2763 1895 2839 adversarios,
1932 2784 2008 2825 ex
2041 2764 2259 2844 quibus
2293 2763 2397 2824 alii
2432 2770 2789 2843 praematuro
2826 2762 3020 2825 Letho

643 2860 913 2935 extincti,
939 2860 1127 2922 vitam
1153 2860 1320 2941 prius
1343 2860 1403 2920 in
1434 2860 1751 2921 calumniis
1777 2869 2101 2941 posuerunt
2136 2880 2318 2941 quam
2352 2859 2581 2920 nomini
2615 2878 2749 2920 meo
2773 2859 3018 2941 nigrum

641 2958 808 3019 theta
858 2957 1251 3040 appingerent
1265 2978 1286 3033 3
1349 2955 1456 3017 alii
1493 2956 1649 3017 inter
1687 2956 1858 3017 vivos
1897 2956 2134 3037 reliqui,
2174 2956 2391 3038 impios
2428 2965 2489 3017 et
2533 2955 2729 3017 irritos
2768 2969 3016 3020 conatus

641 3073 779 3114 suos
804 3053 998 3115 elusos
1024 3054 1447 3133 dequeruntur‚
1477 3071 1781 3131 novasque
1817 3053 2049 3114 cudunt
2083 3052 2354 3132 strophas
2388 3050 2571 3112 simili
2592 3061 2811 3114 eventu
2841 3053 3016 3114 dissi-

641 3149 907 3229 pandas3
977 3148 1081 3209 alii
1134 3147 1384 3208 infamia
1435 3146 1676 3229 propria
1714 3148 1789 3207 ab
1828 3148 2272 3210 obtrectationis
2319 3146 2568 3209 consilio
2606 3148 2893 3224 deterriti,
2933 3151 3013 3211 ad

639 3243 934 3305 saniorem
961 3252 1221 3306 mentem
1244 3253 1305 3305 et
1321 3241 1554 3304 libellos
1572 3262 1735 3304 meos
1754 3243 2080 3320 redierunt,
2102 3253 2334 3306 suamet
2351 3242 2717 3307 confessione
2742 3245 3012 3327 ingenui,

639 3340 730 3401 nil
755 3359 880 3401 esse
905 3342 1273 3421 carpendum
1298 3361 1373 3401 ex
1398 3340 1474 3401 iis
1499 3359 1635 3419 quae
1660 3338 1759 3400 vel
1784 3339 1900 3421 ipsi
1926 3340 2148 3402 imitari
2174 3340 2420 3416 nollent,
2461 3342 2580 3419 vel,
2617 3342 2783 3423 quod
2810 3342 3010 3404 verius

639 3436 895 3499 dixerim
921 3444 1201 3518 proestare
1228 3457 1349 3498 non
1374 3444 1634 3519 possent.

718 3535 854 3617 Ego
883 3533 1110 3594 Divam
1135 3534 1369 3615 appello
1394 3532 1702 3594 veritatem
1741 3539 1971 3606 testem,
1996 3552 2094 3594 me
2128 3533 2281 3594 nulli
2320 3554 2531 3597 nocere
2562 3554 2828 3615 unquam
2860 3555 3009 3617 prae-

635 3631 973 3713 sumpsisse,
1001 3649 1113 3691 nec
1140 3630 1218 3691 ad
1243 3630 1596 3711 scripturam
1623 3628 1918 3691 calamum
1956 3630 2252 3713 appulisse
2288 3632 2405 3694 nisi
2439 3652 2637 3694 amore
2668 3633 2818 3709 veri,
2845 3634 3003 3713 quod
