3225 4700
345 362 411 428 364
732 353 758 417 I
766 355 869 420 ΤΙΝ
873 354 987 421 ERA
997 356 1063 422 ΕΙ
1071 355 1157 421 UM.

347 515 456 575 eductu
473 531 576 572 secum
595 527 774 590 quacunque
790 506 906 568 ratione
924 529 976 568 seu
996 509 1094 589 palam
1112 529 1164 570 seu
1184 509 1264 571 clem
1282 510 1364 572 cives
1381 511 1560 572 Marcodu-

349 631 460 681 renses,
474 607 613 669 antelios
627 625 822 687 quoscunque
838 605 891 684 qui
906 606 1017 667 milites
1030 627 1090 666 non
1105 616 1184 680 sunt,
1196 606 1344 668 militibus
1357 608 1560 688 permisceat.

389 706 446 766 IV.
469 704 580 765 Nullos
594 703 751 764 cuniculos
762 702 811 762 vel
825 713 958 783 tempore
969 702 1132 764 obsidionis
1143 703 1268 764 velante
1282 705 1393 784 positos
1406 705 1562 766 celabunt

348 824 401 885 per
414 823 490 883 quos
503 799 719 862 incommodari
732 798 850 860 civitati
863 809 970 881 posset.

387 899 427 960 V.
450 898 597 980 Obligant
613 917 644 957 se
663 897 752 956 ambo
767 896 931 959 Generales
949 897 1123 978 praesidium
1139 897 1302 959 Wesaliam
1317 919 1413 978 usque
1430 899 1561 960 salvum

346 997 523 1058 conducere.
567 995 605 1053 In
630 993 721 1053 iidem
743 1004 898 1074 pactorum
921 995 984 1056 duo
1008 995 1144 1076 exempla
1164 996 1299 1076 ejusdem
1320 996 1435 1058 tenoris
1465 1017 1561 1077 expe·

347 1095 412 1155 dita
425 1103 505 1168 sunt,
525 1102 556 1154 et
570 1093 722 1170 utrimque
734 1091 900 1172 subscripta
921 1091 1088 1174 sigillisque
1103 1092 1228 1154 munita
1267 1093 1382 1154 Actum
1396 1093 1428 1153 in
1446 1093 1561 1154 eastris

349 1201 418 1252 ente
434 1191 653 1253 Marcodumm
667 1190 717 1248 23.
734 1186 875 1250 Octobris
890 1188 973 1248 Anni
991 1187 1077 1248 1642.

786 1303 837 1378 (L.
854 1301 903 1378 S·)

703 1433 884 1494 'Msucuroa
898 1431 1092 1492 Hierum.

908 1561 959 1640 (L
976 1562 1025 1639 S·)

790 1697 814 1757 J
816 1717 934 1758 oneum
950 1695 1163 1757 Cnarsrrsnos
1177 1695 1285 1758 Cornus
1301 1717 1341 1758 oa
1357 1697 1475 1761 Wsnr„

986 1825 1038 1902 (L-
1054 1824 1101 1903 S·)

971 1954 1162 2016 Fennorsous
1177 1954 1424 2019 Baunoxnonsr.

430 2236 612 2298 MNIBUS
626 2235 707 2297 bunc
719 2236 749 2296 in
761 2236 885 2296 modurn
901 2233 1075 2315 compositis
1089 2254 1242 2315 egressum
1253 2249 1411 2318 expectant
1425 2249 1456 2301 st
1467 2261 1556 2321 spec-

457 2343 523 2395 tent
540 2333 678 2395 victores.
698 2332 839 2413 Cumque
857 2330 959 2393 multis
976 2329 1123 2412 capitibus
1136 2343 1224 2412 pacta
1235 2332 1342 2396 violari
1355 2335 1553 2398 animadvor-

347 2442 416 2493 tunt
429 2430 530 2509 (multi
552 2431 663 2491 etenim
682 2430 857 2491 ardentibus
879 2428 1042 2503 fomitibus,
1058 2439 1086 2488 et
1098 2429 1232 2491 silicibus
1246 2432 1285 2491 ad
1298 2432 1483 2495 bombardae
1498 2434 1555 2494 ed·

347 2530 447 2590 ductis
462 2529 703 2610 egrediebantur,
718 2548 802 2587 arma
819 2526 890 2586 item
905 2526 1042 2586 curribus
1057 2525 1196 2607 imposita
1212 2525 1388 2602 evehebant,
1399 2530 1552 2591 famosum

347 2628 437 2686 etiam
451 2623 666 2705 exploratorem
684 2624 902 2686 Gubernatoris
916 2644 1005 2683 curru
1020 2622 1129 2699 (inscio
1143 2632 1255 2695 tamen,
1269 2635 1303 2686 ut
1316 2626 1550 2705 protestabatur,

349 2722 604 2795 Brunckhorstio)
621 2721 819 2791 occultarant,
836 2720 1004 2801 pluresque,
1024 2719 1076 2799 qui
1095 2719 1204 2781 milites
1218 2733 1386 2798 nouerant,
1400 2722 1551 2785 militibus

347 2819 538 2887 miscuerant,
559 2839 595 2878 ac
614 2818 746 2898 denique
764 2818 870 2891 multa,
890 2836 959 2897 qnae
980 2816 1143 2877 obsidionis
1161 2826 1294 2897 tempore
1312 2820 1404 2879 sacris
1425 2817 1504 2881 locis
1521 2832 1551 2879 et

346 2915 508 2997 prophanis
522 2913 715 2986 abstulerant,
729 2933 832 2974 secum
844 2914 1047 2989 abducebant)
1059 2912 1258 2993 permiserunt
1271 2924 1343 2975 tunc
1353 2916 1478 2995 quidem
1493 2920 1547 2978 iter

347 3012 379 3071 in
397 3012 568 3093 proximum
588 3011 720 3095 Pagum,
735 3012 788 3073 sed
810 3011 954 3093 postridie
972 3009 990 3070 d
1007 3009 1236 3091 superveniente
1254 3010 1349 3072 milite
1369 3014 1483 3095 egressi
1504 3026 1545 3075 at-

346 3108 490 3181 tinentur,
511 3118 541 3169 et
559 3129 628 3189 qnae
645 3121 751 3169 eontra
767 3122 857 3191 pacta
874 3108 1022 3179 fecissent,
1043 3106 1238 3187 objiciuntur,
1255 3108 1407 3189 praecipue
1422 3112 1497 3171 verb
1516 3122 1544 3171 et

347 3204 435 3275 illud,
448 3206 531 3286 qnbd
545 3206 668 3285 quidem
681 3206 825 3286 promissa
839 3216 914 3267 esset
930 3204 961 3264 in
976 3201 1198 3265 conditionibus
1212 3203 1353 3264 deductio
1367 3204 1542 3282 wesaliam,

346 3302 399 3361 sed
420 3322 488 3381 qnae
505 3302 558 3363 illa
576 3302 708 3363 Wesolia
726 3303 802 3363 soret
822 3301 955 3383 superior
976 3321 1013 3361 an
1035 3298 1169 3374 inferior,
1189 3320 1248 3360 non
1268 3321 1330 3361 esse
1349 3316 1539 3377 conventum,

343 3398 423 3458 unde
437 3418 528 3479 penes
547 3398 713 3460 Generales
729 3410 806 3461 stare
827 3398 1054 3460 definitionem:
1076 3407 1106 3455 et
1122 3395 1193 3457 licet
1211 3398 1365 3478 probabile
1383 3400 1433 3469 sit,
1447 3402 1540 3463 victos

343 3494 507 3555 Wesaliam
531 3494 756 3557 Hollandorum
774 3494 966 3571 intellexisse,
982 3493 1066 3576 quod
1082 3502 1182 3553 tamen
1204 3494 1236 3555 id
1255 3496 1351 3576 pectis
1367 3517 1537 3578 expressum

344 3611 404 3651 non
423 3602 510 3662 esset,
529 3592 568 3652 ad
584 3591 661 3653 nihil
679 3613 710 3654 se
725 3592 831 3666 teneri,
847 3592 928 3653 unde
945 3608 1075 3652 errorem
1095 3608 1158 3651 suae
1177 3591 1369 3673 negligentias
1389 3594 1538 3655 adscribe·

343 3695 417 3747 rent.
462 3688 540 3749 Haec
554 3689 628 3749 dum
643 3691 794 3771 utrimque
803 3690 891 3751 latius
905 3689 1119 3769 disceptantur,
1131 3689 1318 3749 redeundum
1333 3709 1402 3751 cum
1415 3691 1536 3772 impedi·
