3225 4700
330 317 395 382 388
722 312 1128 381 ITINERARIUM.

334 470 474 532 Marchio
494 471 710 548 Noirmantier‚
726 470 867 533 Marchio
880 471 920 533 de
938 469 1115 554 Mangiron,
1131 469 1272 532 Marchio
1289 470 1328 532 dc
1346 466 1543 541 Mourolier,
1585 535 1586 562 ¹

332 588 435 628 omnes
449 568 645 630 Mareschalli
655 569 766 651 campi.
1585 563 1586 618 l

374 665 422 725 Ex
438 665 649 727 Guebrianicia
667 665 826 743 Generalis
844 664 1082 742 Scbdnbeclsius,
1103 665 1263 727 Generalis
1279 662 1421 738 Ohmius,
1441 661 1544 724 Colo·
1585 637 1586 662 ³

333 760 430 822 uellus
456 762 553 846 Klug‚
576 763 750 826 Colonellus
772 763 935 839 Chambre,
960 762 1133 824 colonellas
1158 761 1325 836 Folleville,
1355 757 1543 822 Colonellus

335 855 482 933 Kohlhas‚
498 858 672 921 Colonellus
691 859 840 932 notham,
854 859 1028 922 Colonellus
1048 859 1173 940 quidam
1191 859 1311 921 natione
1329 857 1454 928 Scotus‚
1472 855 1541 917 Ge·

333 952 441 1014 neralie
455 956 589 1018 Auditor
600 956 758 1039 pluresque
772 955 988 1019 Commissarii.

375 1049 424 1112 Ex
437 1051 555 1135 legione
568 1053 651 1136 regie
667 1054 798 1135 equestri
815 1063 941 1135 quatuor
960 1051 1148 1115 centuriones
1162 1053 1307 1134 equitum,
1321 1071 1373 1114 sex
1390 1050 1540 1112 officiarii

333 1157 363 1208 et
375 1147 481 1210 decem
494 1150 655 1212 voluntarii
668 1171 705 1212 ex
718 1150 812 1211 nobili
826 1149 951 1210 familia.
1585 1137 1586 1228 l

374 1245 422 1305 Ex
434 1245 620 1308 Kolbasiana
631 1247 748 1330 legione
757 1246 857 1309 locum
869 1258 974 1308 tenens
983 1245 1110 1330 legionis
1117 1257 1148 1308 et
1157 1266 1315 1329 supremus
1325 1245 1444 1328 vigiliis
1455 1263 1539 1327 pree·
1585 1237 1586 1242 ’

333 1342 430 1404 iectus
442 1363 512 1404 cum
527 1342 662 1424 pluribus
675 1343 742 1404 aliis
755 1342 944 1404 officialibus.

373 1436 422 1498 Ex
434 1437 608 1500 Simaniana
623 1437 742 1519 legione
757 1439 859 1502 locum
876 1449 981 1501 tenens
993 1439 1120 1522 legionis
1135 1439 1276 1502 Merchio
1290 1441 1329 1501 de
1339 1439 1424 1500 Vitri
1439 1445 1472 1500 et
1486 1457 1537 1500 su·

333 1554 453 1615 premas
465 1535 578 1617 vigiliis
591 1537 749 1618 praefectus
759 1557 828 1597 cum
844 1536 981 1618 pluribus
994 1537 1061 1598 aliis
1075 1535 1262 1598 officialibus.

374 1631 583 1694 Macariniana
596 1633 686 1716 legio,
701 1635 774 1715 quia
790 1654 822 1695 se
840 1633 948 1695 dedere
962 1633 1070 1706 noluit,
1087 1633 1207 1714 penitus
1219 1633 1342 1696 concisa
1359 1641 1414 1707 est,
1427 1632 1484 1708 ita,
1501 1643 1536 1692 ut

334 1739 443 1810 praeter
456 1749 549 1791 unum
563 1729 766 1792 centurionem
780 1740 901 1813 captum
913 1749 1004 1792 nemo
1017 1729 1154 1793 evaserit.

374 1827 422 1887 Ex
437 1827 630 1889 Ranzorianu
640 1828 759 1910 legione
768 1827 869 1891 locum
881 1837 986 1890 tenens
995 1827 1133 1911 legionis,
1143 1827 1248 1889 decem
1260 1826 1408 1910 praecipui
1418 1826 1534 1888 milites
1585 1805 1586 1880 l

332 1925 799 1987 commultissliisoffieialibus.
1585 1899 1586 1954 ³

375 2019 445 2082 Hac
464 2031 550 2103 parta
562 2021 690 2083 victoria
703 2033 784 2084 recte
797 2021 958 2084 Rotwilatn
973 2032 1088 2084 motum
1099 2041 1190 2102 quam
1201 2022 1275 2083 Dux
1285 2019 1532 2102 Wirtenbergius

332 2116 478 2199 vigesima
491 2119 578 2179 tertia
593 2117 775 2179 Novembris
787 2118 907 2180 dedidit
919 2117 966 2179 his
974 2118 1196 2180 conditionibus
1206 2128 1240 2180 ut
1253 2119 1316 2198 ipse
1329 2126 1449 2179 tantum
1459 2137 1529 2177 cnm

333 2215 493 2297 praecipuis
510 2215 686 2276 officialibus
704 2225 734 2277 et
745 2215 968 2297 impedimentis
981 2214 1183 2297 egrederetur,
1200 2214 1308 2295 reliqui
1326 2213 1399 2274 vero
1418 2213 1531 2274 milites
1585 2253 1586 2256 η

332 2313 385 2393 qui
405 2311 606 2374 millenarium
626 2312 810 2375 excedebant
826 2312 971 2373 servirent
988 2311 1126 2386 Bavaris,
1141 2311 1252 2374 vexilla
1270 2310 1342 2373 vero
1360 2309 1465 2373 omnia
1483 2310 1531 2371 di-

333 2412 484 2473 mitterent
497 2432 566 2472 cum
581 2411 664 2471 omni
673 2409 855 2492 provisione,
867 2408 989 2471 militari
998 2418 1179 2485 commeatu,
1189 2409 1245 2470 &a
1276 2409 1325 2469 De
1335 2408 1392 2469 hac
1402 2408 1530 2469 uictoria

333 2508 435 2570 multis
457 2518 560 2589 postea
578 2508 652 2569 locis
675 2506 836 2590 magnifice
858 2506 1075 2589 triumphatum
1101 2515 1146 2567 est
1168 2516 1229 2567 tam
1255 2526 1308 2587 per
1328 2504 1529 2567 Germaniam

332 2606 423 2688 quam
437 2604 579 2689 Belgium
594 2617 624 2668 et
633 2607 711 2667 bono
726 2606 794 2666 Deo
809 2605 994 2666 exercituum
1009 2603 1144 2665 Domino
1158 2604 1262 2686 gratia
1276 2602 1395 2665 delatae.
