3225 4700
320 340 377 402 108
708 327 1114 397 ITINERARIUM.
1232 327 1238 335 '

316 508 500 551 summorum
508 474 760 566 'infimorumquer
782 484 887 567 plausu
897 484 1017 567 Regius
1028 480 1196 564 Hungurie
1209 490 1254 542 est
1262 487 1415 555 coronsts,
1428 486 1522 563 post-

316 604 407 665 quem
420 604 522 646 omnes
537 582 706 666 Hungsrire
719 589 812 643 status
825 582 866 643 ed
878 580 1039 643 Generalis
1050 578 1138 662 regui
1152 576 1284 640 Comitis
1295 576 1425 638 fuissent
1437 596 1521 637 svo-

317 681 393 741 cati:
417 680 538 741 Dehine
558 679 660 742 Coessr
681 678 816 761 Prsgsm
831 678 921 739 obiit:
943 676 1102 738 Generalis
1117 673 1223 737 Gallss
1239 683 1307 755 post
1322 672 1414 755 hujus
1434 674 1521 732 suni

316 778 413 838 vsriss
423 788 526 838 contre
538 776 637 837 hostes
646 774 860 856 expeditiones,
868 781 1024 855 postquem
1033 770 1209 833 omnislocs
1218 790 1321 832 reeens
1328 769 1522 831 adversariis

317 882 419 955 erepte
431 872 644 935 sufficientibus
656 870 803 953 praesidiis
817 868 975 944 munierat,
986 868 1138 930 Caessreos
1148 866 1248 948 copies
1258 866 1292 927 in
1301 866 1400 927 varios
1414 866 1521 928 duce-
1594 867 1596 994 p

317 977 364 1029 tus
373 989 428 1050 pro
437 968 579 1049 hybernis
587 970 712 1051 pertitus
722 976 777 1029 est.
806 966 846 1026 In
856 966 1000 1027 ducatum
1012 963 1158 1025 Holsatioe
1165 962 1263 1024 reuss
1272 962 1356 1023 misit
1361 961 1516 1044 legiones,

319 1064 402 1127 Duci
415 1065 588 1128 Florentino
599 1065 780 1145 assignatum
791 1071 837 1123 est
844 1062 1026 1123 territorium
1038 1060 1212 1133 Bremense,
1222 1059 1317 1139 quiin
1326 1079 1362 1120 eo
1371 1079 1410 1119 ne
1420 1058 1515 1119 deses

317 1173 393 1224 esset
405 1161 521 1244 hospes,
535 1162 682 1223 munitum
698 1176 809 1231 ercem,
823 1157 954 1238 expulsis
964 1156 1036 1218 inde
1051 1156 1166 1229 Succis,
1179 1156 1349 1237 occuparit.
1389 1154 1515 1216 comiti

318 1259 356 1319 de
379 1259 516 1340 Ridherg
536 1256 708 1337 obtigerunt
731 1254 962 1315 Brunsvicensis
978 1263 1010 1315 et
1031 1254 1273 1337 Lnnehurgensis
1292 1253 1403 1333 aliique
1420 1252 1514 1334 edja-

318 1364 417 1415 centes
432 1353 600 1426 comitatus,
618 1351 686 1412 eliis
709 1360 861 1412 cesserunt
881 1349 1126 1432 Hamhnrgenses
1142 1360 1174 1411 et
1195 1351 1381 1412 Lubecenses
1403 1358 1511 1411 temae.

318 1448 409 1510 Golts
417 1448 717 1528 Archiepiscopntum
728 1446 995 1530 Mogrmtinensem
1005 1456 1036 1509 et
1048 1446 1077 1507 ei
1086 1446 1305 1509 viciniorsloco
1317 1446 1440 1507 sortitus
1448 1456 1512 1519 est,

318 1544 617 1625 Mechleburgensem
628 1543 783 1605 Ducstnm
796 1543 925 1604 obtinuit
934 1542 1093 1605 Generalis
1104 1542 1277 1625 vigiliarum
1288 1543 1437 1625 Magister
1451 1541 1512 1603 Se·

315 1640 363 1710 lis,
378 1640 428 1701 eni
442 1640 600 1701 commisse
613 1660 686 1701 curs
698 1640 906 1723 supprimendi
918 1651 949 1702 et
961 1640 993 1701 in
1007 1640 1105 1702 officio
1122 1640 1295 1700 continendi
1311 1640 1510 1711 Bennirinm,

314 1738 339 1799 si
349 1737 676 1819 qustentesseterigere
684 1746 782 1818 ceput.
811 1736 907 1798 Nobis
915 1735 1165 1818 proficiscendum
1173 1736 1230 1797 fuit
1240 1736 1509 1819 Deunenbergum.

316 1834 367 1894 ubi
387 1854 456 1894 cum
474 1833 671 1895 tenuissemus
688 1852 798 1915 psucos
815 1833 890 1907 dies,
904 1831 1130 1915 Wolfshurgum
1146 1833 1347 1905 trsnsirimus,
1365 1842 1456 1914 etque
1475 1835 1509 1895 in

315 1929 454 1991 desolstis
466 1930 551 2012 pagis
560 1930 644 1992 omni
656 1929 788 1991 hument
796 1948 853 2012 ope
863 1929 1021 2001 destitutis,
1033 1928 1177 2010 hospitari
1185 1929 1281 1989 coscti
1293 1950 1397 1991 sumus
1410 1950 1510 2010 nsque

316 2028 356 2088 sd
378 2027 514 2107 quintam
535 2026 684 2088 decimam
705 2025 832 2106 Aprilis,
849 2044 909 2105 qus
929 2025 980 2086 die
997 2044 1067 2085 cum
1085 2024 1177 2086 fomes
1196 2044 1252 2085 nos
1268 2026 1324 2086 diu
1341 2026 1510 2108 pressisset,
1598 2053 1599 2064 ι

319 2123 522 2204 Brunsrigum
539 2124 688 2184 movimus
704 2122 858 2184 civitatem
878 2118 1009 2200 emplum
1025 2130 1056 2181 et
1070 2122 1231 2201 spetiosum
1246 2122 1357 2202 optime
1376 2122 1510 2184 circum·

316 2219 475 2281 valletam:
497 2220 608 2281 dicitur
624 2220 688 2281 haec
705 2219 813 2281 urbsh
834 2219 979 2279 Brunone
993 2218 1125 2298 quodum
1141 2219 1206 2300 ejus
1223 2220 1378 2280 conditore
1393 2239 1508 2281 nomen
1598 2287 1599 2294 χ

316 2314 435 2390 hebere,
454 2324 660 2398 exstructoque
677 2336 740 2378 esse
756 2316 848 2377 Anno
862 2322 929 2397 post
950 2313 1104 2376 Christum
1119 2336 1210 2396 supro
1223 2315 1509 2399 octingentesimum

317 2412 500 2494 sexagesimo
520 2413 636 2494 primo;
658 2413 739 2474 circs
760 2411 814 2474 hss
834 2421 932 2494 portes
956 2413 1030 2474 dnus
1055 2415 1146 2493 prope
1167 2413 1348 2494 septimense
1369 2424 1507 2476 nostrum

316 2508 565 2570 contributiouem
582 2510 785 2591 pecuniarium
803 2510 1036 2590 expectavimus.
1078 2509 1283 2571 Inhumanum
1294 2508 1387 2590 [nohis
1400 2512 1509 2592 impri-

316 2604 374 2665 mis
396 2604 494 2666 risum
510 2615 564 2681 est,
582 2606 665 2687 quod
685 2625 755 2667 cum
772 2605 848 2666 Dux
867 2605 1060 2687 Brunsrigiae
1081 2613 1112 2666 et
1127 2605 1301 2690 Luueburgi
1319 2627 1420 2668 corum
1437 2609 1509 2670 istic

317 2703 442 2775 adesset,
456 2700 533 2762 nihil
551 2703 635 2763 nobis
648 2703 665 2763 ὲ
679 2702 799 2763 civitste
813 2702 863 2764 rel
875 2703 907 2763 in
923 2723 1066 2789 equorum
1079 2701 1129 2763 rel
1142 2701 1174 2763 in
1191 2702 1347 2764 hominnm
1359 2713 1508 2766 sustentu-

317 2799 428 2862 tionem
441 2797 621 2861 dimitteret:
642 2798 739 2859 sedet
757 2798 994 2860 Brnnsvicsnses
1010 2799 1114 2860 rustici
1130 2799 1254 2880 impune
1267 2807 1401 2861 nostrum
1415 2801 1509 2863 inies·

318 2897 420 2958 tabent
432 2895 569 2971 militem,
585 2904 615 2956 et
627 2895 651 2956 si
666 2914 740 2976 quos
755 2893 834 2955 solos
851 2894 1124 2977 deprehendebunt,
1142 2895 1249 2957 miseri
1266 2905 1362 2958 morte
1379 2897 1508 2960 mulcte-

316 2993 399 3066 hnnt,
420 2992 496 3053 adeo
511 3001 546 3053 ut
563 3011 619 3052 nec
642 2991 713 3073 ipsis
729 2990 882 3052 officiariis
897 3000 1063 3073 parcerent,
1076 2991 1102 3052 si
1118 3011 1194 3073 quos
1213 2993 1297 3074 ponis
1316 2993 1433 3074 aliquid
1453 3007 1508 3058 ont

316 3088 420 3150 furinae
434 3088 475 3150 sd
487 3088 603 3150 victum
617 3086 789 3148 recesserim
807 3087 978 3168 qnaesirisse
990 3089 1164 3169 reperirent,
1178 3090 1259 3152 nude
1273 3089 1386 3151 fectum
1401 3102 1458 3168 est,
1473 3104 1507 3155 ut

317 3185 334 3244 ὲ
346 3183 490 3246 militibus
503 3184 637 3265 plurimi,
651 3184 729 3246 fsme
743 3194 773 3246 et
786 3183 920 3246 extremi
932 3185 1107 3248 necessitate
1119 3195 1254 3269 cogente,
1259 3185 1463 3270 diffugerent.
