3225 4700
327 329 393 394 384
742 321 1155 389 lTINERARlUM.

328 478 437 562 paturi,
455 487 546 558 atque
560 475 616 537 bdc
637 475 753 538 ratione
772 475 890 557 copiam
908 476 966 536 sibi
985 475 1014 536 in
1036 475 1235 536 Franconiam
1256 475 1349 536 libere
1369 476 1532 558 grassandi

325 577 468 638 dandam.
512 574 574 635 Sed
587 593 673 634 secus
688 582 795 654 praeter
809 572 945 632 omnium
959 572 1131 654 opinionem
1145 592 1191 632 res
1204 571 1324 632 cecidit.

367 673 448 735 Nam
465 670 578 732 Barari
592 669 727 730 nondum
741 669 816 729 certi
828 689 889 748 qno
901 667 1115 729 Wimarienses
1129 669 1328 730 instituissent
1341 673 1407 738 iter,
1421 669 1529 730 tantis·

323 791 378 853 per
397 769 603 843 substitemnt,
622 767 723 847 quoad
741 767 870 828 certiora
889 767 1109 848 cognovissent,
1128 766 1252 828 mittunt
1271 766 1445 827 intercede
1466 767 1532 826 suis

322 866 427 927 castris
446 877 542 926 certos
559 863 696 924 homines
709 863 762 943 qui
779 863 941 945 exploratis
961 864 1049 924 rebus
1068 864 1109 924 ad
1129 873 1229 924 castra
1245 881 1300 924 sua
1318 861 1477 937 referrent,
1494 883 1532 922 ac

323 963 402 1024 inter
416 961 491 1022 alios
504 981 574 1022 cam
587 959 759 1042 quingentis
771 961 922 1040 equitibus
937 959 1125 1022 Colonellum
1142 959 1271 1041 Sporok.

365 1058 430 1120 Hic
445 1058 560 1120 indicio
576 1057 692 1131 rustici,
710 1066 741 1118 ct
757 1057 946 1137 captivorum
966 1057 1180 1118 nonnullomm
1199 1057 1238 1117 de
1258 1055 1440 1118 adversariis
1458 1057 1534 1117 edo·

323 1166 409 1218 cetur
425 1153 607 1216 Generalem
628 1153 710 1214 Rosa
723 1154 891 1235 Geislingae
910 1174 979 1214 cum
994 1165 1122 1234 quatuor
1143 1153 1322 1236 legionibus,
1337 1173 1392 1213 sua
1409 1153 1534 1214 scilicet
1579 1152 1581 1217 l

324 1250 510 1326 Gucbriand,
525 1250 679 1312 Obmiana
694 1259 725 1311 et
737 1250 796 1310 alia
815 1249 954 1312 Roseanri
968 1251 1241 1332 equopedestrium,
1255 1251 1421 1311 universim
1440 1248 1530 1310 mille

323 1351 519 1411 ducentorum
549 1347 685 1427 equitum
717 1346 893 1408 substitisse.
942 1345 1057 1408 Habito
1085 1347 1180 1428 igitur
1213 1348 1337 1408 consilio
1365 1367 1436 1408 cum
1465 1348 1530 1407 suis

322 1447 463 1518 ducibus,
479 1465 518 1506 an
531 1444 624 1504 -Mars
643 1443 804 1505 tentandus
822 1455 908 1518 esset,
929 1453 959 1504 et
976 1444 1147 1506 obruendus
1162 1444 1255 1517 Rosa,
1277 1444 1386 1506 multos
1407 1445 1447 1506 de
1462 1445 1529 1505 offi-

323 1544 449 1606 cialibus
470 1541 654 1602 oontrarinm
677 1541 872 1602 suadentibus
889 1540 1003 1612 habuit,
1024 1541 1159 1604 decrevit
1182 1555 1283 1602 tamen
1302 1561 1373 1604 cum
1392 1541 1527 1622 reliquos

323 1641 434 1702 milites
448 1638 580 1700 volentes
594 1638 710 1700 videret
722 1639 851 1699 ardum
865 1639 988 1720 quidem
1001 1641 1156 1718 negotium
1168 1639 1304 1722 aggredi,
1316 1649 1347 1701 et
1360 1639 1416 1700 sub
1427 1637 1526 1699 noctis

322 1737 456 1799 medium
471 1735 658 1796 adversarios
673 1734 826 1796 invadere.
868 1735 957 1796 Misit
973 1735 1074 1816 itaque
1087 1747 1233 1798 trecentos
1247 1737 1286 1796 dc
1298 1735 1360 1796 suis
1370 1735 1423 1815 qui
1438 1755 1524 1818 mag-

322 1835 369 1895 uis
386 1833 495 1895 animis
512 1831 544 1892 in
558 1851 670 1914 pagum
684 1831 894 1914 irrumperent,
909 1832 1040 1913 reliquos
1054 1834 1127 1894 verb
1147 1834 1292 1895 ducentos
1310 1833 1393 1894 circa
1409 1853 1523 1916 pagum

322 1931 478 2013 disposuit,
499 1929 581 1990 haud
604 1929 674 1990 sane
696 1929 811 1990 infelici
833 1951 983 1992 successu.
1028 1931 1109 1992 Nam
1132 1941 1241 2011 proetcr
1262 1949 1355 1991 cassos
1376 1929 1523 1990 ducentos

322 2027 450 2108 equites,
477 2026 610 2106 quinque
637 2025 711 2087 alias
738 2027 892 2088 centurias
919 2037 950 2088 et
981 2047 1153 2109 supremum
1182 2027 1296 2109 vigiliis
1324 2025 1525 2102 Praefectum,

322 2127 456 2205 duosque
471 2123 664 2204 capitaneos,
680 2123 795 2204 aliquot
813 2125 900 2206 signa
918 2125 1076 2205 equestria,
1091 2135 1160 2186 octo
1179 2124 1328 2207 pedestria
1341 2125 1522 2205 intercepit3

322 2221 487 2303 effugiente
500 2240 571 2280 cum
585 2219 689 2299 paucis
701 2220 731 2280 in
746 2222 878 2282 vicinam
893 2241 993 2283 arcem
1008 2223 1233 2302 campidoctore
1248 2222 1340 2282 Rosa.

363 2318 506 2379 Graviter
519 2316 588 2379 tulit
602 2315 679 2379 banc
689 2315 807 2381 cladem
817 2318 927 2381 Comes
939 2319 976 2381 de
989 2319 1155 2395 Guebrian,
1167 2319 1220 2380 sed
1235 2328 1269 2381 ut
1279 2318 1326 2381 vir
1337 2326 1401 2381 erat
1411 2316 1520 2379 excelsi

322 2416 451 2498 pectoris
465 2416 572 2498 pressit
585 2414 729 2485 dolorem,
743 2415 900 2496 accitoque
914 2415 945 2477 in
961 2416 1121 2477 consilium
1139 2416 1295 2477 Ranzorio
1313 2414 1460 2477 conclusit
1474 2414 1518 2473 ni·
1583 2413 1584 2424 ¹

322 2513 485 2574 bilominns
506 2512 668 2574 Rotnilam
688 2512 822 2593 cingere,
844 2522 874 2573 et
889 2512 961 2591 quia
975 2513 1097 2575 videbat
1114 2534 1180 2574 eam
1202 2514 1306 2574 urbem
1323 2510 1411 2573 valde
1432 2512 1519 2572 rebus

321 2612 384 2673 suis
398 2610 585 2693 profuturam
599 2608 683 2671 omni
697 2621 807 2670 conatu
820 2609 861 2671 ad
874 2610 1060 2673 deditionem
1074 2631 1191 2693 cogere.
1582 2588 1586 2683 i

363 2708 439 2769 Erat
451 2706 576 2788 quidem
590 2717 663 2769 tnnc
673 2706 896 2786 temporisaura
908 2707 1021 2789 pluvia,
1033 2708 1128 2791 frigas
1138 2718 1247 2790 praeter
1259 2728 1371 2768 morem
1379 2726 1518 2789 asperum
1583 2740 1586 2793 q

321 2818 352 2867 et
369 2805 517 2866 obsidioni
535 2804 677 2885 parandae
697 2802 784 2885 plane
801 2803 1038 2877 incommodum,
1053 2806 1134 2866 unde
1151 2800 1251 2887 plures
1266 2806 1436 2886 consumpti
1450 2818 1520 2867 sunt
1584 2848 1586 2887 Ι

321 2904 386 2965 dies
406 2915 567 2983 antequam
591 2901 709 2962 obsidio
733 2900 822 2982 plane
842 2902 965 2963 formari
987 2912 1094 2983 posset,
1115 2924 1150 2964 ac
1171 2902 1277 2965 civitas
1300 2902 1378 2964 scrib
1403 2902 1518 2982 impeti,
1584 2932 1586 3025 p

322 2999 399 3061 nulli
420 3014 520 3062 tamen
542 2998 687 3079 parcitum
709 3008 754 3059 est
773 2998 879 3074 labori,
902 3011 936 3062 ut
956 3000 1070 3062 deditio
1090 3001 1311 3081 quamprimum
1334 2999 1517 3071 succederet,
1584 3052 1586 3059 s

321 3096 438 3177 hocque
451 3096 606 3159 ardentius
618 3094 757 3156 institam
770 3095 837 3165 suit,
849 3116 908 3176 quo
920 3098 1015 3179 magis
1028 3097 1141 3159 sciebat
1151 3098 1285 3159 Bavaros
1295 3098 1334 3159 ad
1342 3098 1514 3159 solvendam
1585 3122 1586 3203 p

321 3194 507 3255 obsidionem
527 3195 666 3255 intentos.
709 3194 846 3277 Septimo
867 3194 984 3255 decimo
1001 3195 1101 3276 itaque
1118 3194 1300 3257 Novembris
1313 3194 1409 3276 plenis
1423 3195 1516 3276 aguri-
1585 3242 1586 3273 ,

322 3293 420 3366 nibus,
443 3304 488 3353 ter
509 3292 622 3353 iteratis
643 3291 758 3353 vicibus
777 3292 931 3353 incurrere
954 3291 1047 3367 Galli,
1070 3293 1123 3353 sed
1142 3312 1259 3373 semper
1279 3290 1373 3353 multa
1396 3312 1514 3354 suornm
1585 3308 1586 3337 ι

321 3402 422 3471 strage
434 3388 546 3470 repulsi
557 3399 636 3449 sunt.
679 3388 795 3450 Eodem
810 3389 860 3449 die
873 3388 983 3451 dbsessi
995 3388 1085 3449 etiam
1100 3388 1256 3449 cuniculos
1269 3389 1384 3469 aliquos
1397 3389 1515 3451 detexe-

322 3498 402 3560 rnnt,
420 3496 451 3548 et
471 3487 626 3569 eruptione
645 3486 725 3548 facta
742 3485 853 3547 multos
873 3484 989 3558 Gallos,
1004 3486 1057 3547 sed
1073 3485 1220 3568 imprimis
1241 3484 1458 3548 Kolbasianam
1475 3487 1514 3548 le·
1584 3516 1586 3573 ι

320 3583 441 3665 gionem
457 3584 576 3664 penitus
587 3584 742 3645 foderunt.
1584 3578 1586 3607 ¹

357 3680 493 3743 Praeerat
500 3691 573 3743 tunc
584 3680 660 3743 forte
670 3680 776 3765 aggeri
783 3681 925 3743 struendo
936 3690 967 3742 et
979 3680 1174 3744 disponendis
1188 3683 1342 3745 tormentis
1352 3694 1456 3745 corrtra
1468 3704 1499 3743 nr
