3225 4700
481 334 505 398 I
509 335 798 404 TINERARI
803 332 890 400 UM.
1217 333 1278 398 371

106 483 335 569 Sprembcrgae
348 487 447 569 puella
456 489 602 551 novennis
612 488 720 570 saepius
732 488 770 549 de
780 487 829 548 die
844 484 952 548 mentis
961 503 1114 548 excessum
1125 502 1221 566 passa,
1236 483 1281 544 at-

62 601 126 660 que
150 583 196 644 ad
219 603 257 645 sc
282 605 408 660 reversa,
431 585 561 666 plurima
580 585 699 648 occulta
718 583 855 646 edicebat
873 591 904 646 et
923 582 1039 644 futuros
1059 591 1183 643 eventus
1203 601 1280 662 prse-

63 678 207 740 dicebat.
862 691 864 696 ’

108 776 234 857 Lipsiae
256 787 430 860 stagnantes
451 799 545 860 aquas
566 778 597 840 in
616 778 794 860 sanguinem
821 795 981 838 conversas
1007 776 1125 838 duobus
1153 776 1279 837 dirersis

64 856 145 934 locis
159 883 239 934 ante
256 875 373 946 urbem,
385 897 447 938 non
460 875 566 957 procul
578 875 599 936 b
613 875 710 938 Porta
720 873 753 934 S.
766 873 851 935 Petri
861 874 1102 937 constantissima
1112 874 1181 936 tulit
1190 875 1280 936 fama.

67 969 151 1041 Qum
166 969 302 1049 quidem
314 991 392 1052 aqua
404 972 471 1054 ipso
483 971 604 1034 octiduo
617 991 686 1032 cum
700 971 835 1032 omnium
850 970 1048 1032 admiratione
1058 972 1209 1032 erubuisse
1217 971 1282 1033 visa

66 1078 125 1128 est.
171 1066 216 1128 In
241 1066 525 1150 Magdenburgensi
546 1067 819 1149 Archiepiscopatn
838 1067 922 1130 locus
940 1076 985 1130 est
1002 1067 1174 1130 nominatus
1190 1089 1281 1150 quem

69 1163 263 1246 Labnrgum
277 1165 438 1247 appellant,
453 1167 504 1227 ubi
519 1164 661 1247 sulphure
673 1165 761 1247 pluit.

111 1259 234 1322 Mense
254 1260 280 1322 J
283 1262 355 1322 unio
373 1273 508 1342 repertus
526 1273 572 1324 est
590 1273 701 1343 pastor,
719 1262 768 1322 vir
785 1261 918 1322 moribus
934 1261 1072 1342 simplex,
1086 1261 1138 1322 sed
1155 1270 1282 1323 astutam

69 1369 199 1437 gestans
223 1359 285 1420 sub
306 1369 428 1439 pectore
448 1359 581 1442 vulpem,
605 1359 658 1441 qui
679 1379 765 1420 suam
785 1379 906 1440 operam
929 1358 1283 1421 GalloWimariensibus

70 1474 129 1534 pro
144 1455 278 1516 nunciis
296 1455 466 1518 deferendis
486 1455 710 1536 referendisqua
727 1454 845 1531 obtulit,
863 1475 900 1516 ac
919 1455 1017 1516 varias
1033 1455 1236 1537 expeditiones
1250 1455 1281 1516 in

72 1550 272 1631 explorando
292 1551 420 1614 feliciter
439 1553 544 1614 obivit.
587 1553 648 1614 Sed
666 1573 738 1614 cum
754 1552 888 1613 crebrior
907 1563 1030 1634 apparet
1046 1552 1078 1612 in
1096 1552 1201 1613 castris
1215 1550 1282 1613 Om-

72 1647 181 1720 sareis,
197 1658 233 1708 et
246 1648 339 1710 certis
352 1649 537 1730 temporibus
550 1649 712 1721 evanescit,
726 1649 758 1710 in
772 1648 972 1730 suspicionem
986 1649 1071 1710 venit
1090 1647 1176 1709 msloe
1190 1647 1281 1725 fidei3

75 1744 149 1805 inde
166 1745 278 1806 nescio
291 1747 322 1804 in
339 1765 399 1825 quo
412 1745 545 1808 facinore
556 1745 799 1828 comprehensus,
813 1747 926 1807 crimen
941 1744 1118 1826 proditionis
1131 1745 1282 1826 objicitur,

75 1840 204 1922 culpam
228 1851 387 1923 postquam
410 1841 526 1904 diutule
550 1851 749 1924 pernegasset,
775 1841 896 1904 tandem
922 1839 1093 1916 confitetur,
1118 1861 1154 1902 ac
1176 1840 1284 1921 laqueo

79 1936 148 1998 luit.

120 2034 162 2094 In
174 2044 323 2115 sequente
338 2055 437 2098 mense
450 2035 537 2099 Julio
549 2036 624 2098 dnm
638 2057 685 2098 res
698 2036 875 2098 necessaria
887 2056 924 2097 ex
936 2034 1065 2096 Caesaris
1078 2034 1147 2094 aula
1161 2034 1284 2116 navigio

78 2130 235 2211 impositas
249 2131 282 2192 iu
295 2131 418 2192 alteram
434 2133 569 2194 Danubii
581 2133 677 2214 ripam
690 2133 945 2205 transmittuntur,
958 2131 999 2191 ad
1012 2129 1138 2212 triginta
1150 2149 1213 2190 sese
1230 2131 1283 2191 ho·

81 2228 180 2288 mines
202 2227 361 2290 turmatim
382 2228 413 2288 in
434 2230 574 2310 scapham
593 2231 755 2313 ingessere,
772 2229 815 2290 ita
827 2243 861 2290 ut
875 2229 943 2310 jam
961 2249 1038 2290 onus
1055 2228 1175 2309 gravius
1196 2237 1282 2302 esset,

81 2343 177 2404 quam
197 2325 283 2405 quod
301 2344 388 2406 aquea
405 2325 482 2387 ferre
498 2336 635 2408 possent:
668 2327 786 2388 monuit
804 2326 844 2388 de
863 2324 995 2407 periculo
1009 2335 1109 2398 nauta,
1126 2335 1154 2386 et
1167 2326 1286 2407 rogavit

82 2432 117 2482 ut
129 2421 316 2481 excensione
334 2420 423 2491 sacta,
437 2426 546 2483 navem
563 2422 749 2503 aliquantum
768 2422 967 2497 sublevarent,
981 2423 1035 2483 sed
1049 2444 1108 2482 non
1126 2422 1283 2503 persuasit,
1346 2432 1349 2436 '

82 2517 159 2596 quin
173 2517 271 2578 etiam
283 2517 471 2599 gravioribus
480 2519 577 2581 verbis
585 2519 688 2601 jussus
699 2539 804 2581 navem
817 2538 1002 2599 promovere,
1018 2518 1051 2581 id
1061 2520 1141 2599 quod
1151 2518 1285 2599 periculo

85 2613 308 2675 obstinatorum
324 2614 404 2675 seuit

125 2710 189 2770 Vix
204 2711 339 2771 medium
353 2710 491 2773 Danubii
504 2724 653 2781 enaverat,
668 2732 738 2773 cum
752 2711 838 2772 navis
852 2712 983 2793 pondere
996 2732 1135 2793 oppressa
1146 2712 1284 2788 subsidit,

86 2807 253 2887 omniaque
266 2828 335 2887 qnae
349 2808 534 2871 vehebantur
549 2830 618 2871 cum
638 2808 820 2883 bominibus,
834 2811 913 2870 inter
925 2828 1001 2890 quos
1015 2808 1144 2871 Aulicus
1158 2819 1221 2871 erat
1234 2830 1284 2871 co-

87 2924 177 2982 quus,
191 2905 280 2983 aquis
293 2904 420 2985 sepeliit.
462 2906 568 2968 Evasit
582 2907 689 2968 unicus
702 2926 775 2987 puer
787 2906 839 2987 qui
856 2905 931 2967 dnos
944 2906 1095 2967 venaticos
1109 2926 1197 2967 canes
1213 2906 1285 2967 loris

88 2998 230 3081 alligatos
246 3001 387 3076 ducebat,
403 3001 453 3063 bic
473 2987 553 3064 euim
574 3024 643 3064 cum
664 3003 824 3064 fortissime
842 3014 955 3065 teneret
977 3003 1087 3075 lorum,
1105 3022 1193 3064 canes
1212 3004 1283 3065 verb

89 3097 223 3158 natando
242 3098 426 3159 eniterentur
442 3098 473 3159 iu
495 3102 707 3174 continentem,
726 3100 758 3160 iu
780 3110 877 3161 tutum
895 3110 1062 3181 protractus
1078 3110 1131 3171 est,
1145 3112 1175 3161 et
1193 3102 1283 3161 vitam

90 3190 143 3251 illa
157 3192 225 3255 vice
238 3194 365 3255 canibus
378 3196 482 3257 debuit
495 3197 651 3278 prolatam.

130 3288 344 3351 Veriverbinm
362 3307 419 3365 est,
433 3314 526 3375 parva
543 3314 623 3375 saepe
634 3294 767 3358 scintilla
784 3314 927 3375 magnum
942 3294 1084 3356 excitavit
1097 3295 1282 3356 incendium.

90 3386 259 3451 Geminum
284 3390 343 3452 huc
364 3392 476 3475 adjicio
495 3391 560 3471 ejus
578 3392 735 3452 sententia
754 3392 979 3452 documentum.
1017 3391 1137 3471 Agebat
1157 3390 1284 3452 Vienna

90 3486 226 3549 Austris
246 3488 344 3549 Italus
364 3489 536 3571 ingeniosas
552 3486 707 3549 machinas
721 3487 799 3568 pyrii
819 3485 949 3569 pulveris
968 3488 1076 3548 virtute
1092 3506 1209 3568 pararis.
1253 3488 1285 3549 Is

91 3579 146 3639 sub
167 3601 323 3665 vesperam
343 3586 436 3665 portis
457 3585 610 3667 egreditur
633 3596 668 3647 ut
686 3585 836 3666 specimen
859 3606 919 3646 suae
938 3586 1011 3646 artis
1029 3586 1141 3659 ederet,
1162 3596 1193 3646 et
1212 3606 1287 3667 quos

93 3679 263 3758 propediem
277 3681 392 3744 Caesari
402 3691 467 3744 erat
477 3702 656 3743 accensurus
667 3682 762 3765 ignea,
775 3682 935 3743 missilibus
945 3682 1025 3742 tubis
1036 3683 1191 3763 probaret:
1213 3684 1286 3744 dum
