3225 4700
335 354 400 419 364
721 345 748 408 Ι
756 345 859 412 TIN
863 345 1053 413 ERARI
1061 347 1147 412 ΗΜ.

337 505 446 567 eductu
463 522 565 564 secum
584 519 764 582 quacunque
780 499 896 560 ratione
913 520 966 560 seu
985 499 1083 581 palam
1101 521 1154 561 seu
1175 500 1253 562 clem
1272 501 1353 562 cives
1370 501 1556 562 Marcodu-

338 622 449 672 renses‚
464 599 602 660 antelios
616 617 811 679 quoscunque
828 597 881 676 qni
895 597 1006 658 milites
1019 617 1079 658 non
1094 607 1174 672 sunt,
1186 597 1332 658 militibus
1346 599 1556 678 permisceat.

378 699 435 759 IV.
459 696 569 758 Nullos
583 694 740 756 cuniculos
751 693 800 754 rel
815 704 947 774 tempore
959 695 1122 756 obsidionis
1133 693 1258 756 velante
1272 695 1382 776 positos
1396 695 1557 756 celabunt

337 817 391 877 per
404 813 479 875 quos
493 791 709 854 incommodari
722 791 839 853 civitati
853 801 960 873 posset.

377 892 417 952 V.
439 890 587 972 Obligant
603 909 634 949 sa
652 889 742 948 ambo
756 887 922 950 Generales
939 889 1113 970 praesidium
1130 888 1291 950 Weseliam
1307 909 1402 970 usque
1418 889 1555 951 salvum

336 988 513 1049 conducere.
557 986 595 1046 In
620 985 712 1046 fidem
733 995 888 1066 pactorum
911 988 973 1048 duo
997 987 1133 1068 exempla
1154 987 1289 1068 ejusdem
1310 987 1422 1048 tenoris
1449 1009 1555 1068 expe·

337 1086 402 1148 dita
414 1095 495 1160 sunt,
515 1095 546 1146 et
560 1085 712 1162 utrimque
724 1083 890 1165 subscripta
911 1082 1077 1165 sigillisque
1093 1083 1218 1145 munita.
1257 1085 1371 1145 Actum
1385 1083 1417 1143 in
1432 1085 1553 1145 castris

339 1193 408 1246 aute
423 1183 643 1245 Marcodurum
657 1181 708 1240 2³.
723 1178 865 1242 Octobris
880 1180 963 1240 Anni
980 1179 1067 1240 1642.

776 1294 827 1371 <u
845 1293 893 1370 s.)

699 1425 874 1486 Msncauoa
888 1422 1082 1484 Harzranur.

899 1553 949 1632 (L
966 1553 1015 1628 s.)

780 1689 804 1750 J
806 1709 924 1751 orcam
941 1687 1153 1749 Canisrranns
1167 1686 1275 1749 Curras
1290 1709 1331 1749 ns
1346 1689 1461 1752 Waar.

976 1817 1028 1894 (L
1044 1815 1092 1894 s.)

961 1946 1152 2007 Fauucrsous
1168 1946 1414 2010 Benacunossr.

421 2229 603 2292 MNIBUS
617 2229 698 2289 bunc
710 2229 739 2288 in
752 2227 876 2288 modum
892 2225 1065 2306 compositis
1079 2245 1232 2308 egressum
1244 2240 1401 2310 expectant
1414 2241 1443 2292 et
1453 2251 1550 2312 apec-

448 2336 514 2387 taut
530 2325 669 2387 victores.
689 2324 830 2405 Cumque
847 2321 950 2385 multis
966 2321 1113 2403 capitibus
1127 2333 1214 2405 pacta
1226 2325 1332 2387 violari
1345 2327 1548 2390 animadver-

338 2434 406 2486 tunt
419 2424 521 2501 (multi
543 2423 654 2484 etenim
673 2421 848 2483 ardentibus
870 2421 1033 2495 fomitibus,
1048 2430 1077 2480 et
1089 2420 1223 2481 silicibus
1237 2423 1275 2483 ad
1289 2423 1468 2485 bombardae
1483 2428 1549 2487 ad-

338 2522 437 2583 ductis
452 2522 694 2602 egrediebantur,
708 2539 792 2579 arma
810 2519 880 2578 item
895 2517 1033 2578 curribus
1048 2516 1187 2597 imposita
1203 2518 1378 2593 evehebant,
1389 2520 1547 2582 famosum

337 2620 428 2679 etiam
442 2617 657 2698 exploratorem
674 2614 892 2677 Gubernatoris
906 2634 996 2675 curru
1010 2612 1119 2691 (inscio
1134 2622 1246 2685 tamen,
1260 2626 1294 2676 ut
1307 2618 1543 2696 protestabatur,

340 2714 595 2787 Brunclthorstio)
612 2712 810 2783 occultarant,
827 2710 995 2792 pluresque,
1015 2710 1067 2791 qni
1086 2709 1195 2771 milites
1209 2722 1376 2787 nouerant,
1391 2712 1544 2777 militibus

337 2812 529 2880 miscuerant,
550 2830 586 2871 ae
605 2810 737 2890 denique
755 2810 861 2883 multe,
882 2828 950 2889 quae
971 2806 1133 2868 obsidionis
1152 2816 1285 2887 tempore
1303 2809 1395 2870 sacris
1415 2808 1488 2871 locis
1505 2825 1543 2873 et

337 2908 499 2990 prophanis
513 2907 706 2978 abstulerant,
720 2925 823 2967 aecum
835 2905 1039 2979 abducebant)
1050 2903 1249 2983 permiserunt
1263 2916 1334 2965 tunc
1344 2906 1462 2985 quidem
1478 2909 1539 2969 iter

339 3004 370 3063 in
388 3005 558 3086 proximum
579 3004 711 3087 Pagum,
726 3006 779 3066 sed
801 3003 945 3085 postridie
962 3001 981 3062 b
999 3000 1228 3083 superveniente
1245 3000 1340 3062 milite
1360 3003 1469 3085 egressi
1488 3018 1535 3063 at-

338 3101 482 3172 tinentur,
502 3110 532 3161 et
550 3122 618 3181 quae
636 3113 742 3162 contra
759 3112 848 3183 pacta
864 3101 1013 3171 fecissent,
1034 3097 1229 3179 objiciuntur,
1247 3098 1397 3180 praecipue
1413 3100 1482 3160 verb
1500 3112 1534 3161 et

339 3198 426 3268 illud,
439 3199 522 3278 qnod
536 3198 657 3278 quidem
672 3198 816 3279 promissa
830 3210 905 3258 esset
921 3196 952 3256 in
967 3194 1190 3257 conditionibus
1203 3194 1344 3255 deductio
1358 3195 1531 3273 wesaliam,

337 3294 390 3353 aed
411 3314 479 3373 quae
495 3294 549 3355 illa
567 3294 700 3355 Wesalia
717 3294 793 3355 soret
813 3292 946 3375 superior
966 3312 1004 3352 an
1027 3290 1160 3366 inferior,
1181 3312 1240 3352 non
1259 3312 1321 3353 esse
1339 3304 1528 3367 conventum,

334 3390 414 3450 unde
430 3411 520 3471 penes
538 3390 704 3452 Generales
720 3402 798 3453 stare
818 3390 1045 3452 definitionem:
1067 3396 1097 3447 et
1114 3386 1184 3449 licet
1203 3390 1355 3469 probabile
1373 3390 1423 3459 sit,
1435 3390 1528 3451 victos

335 3486 498 3547 Wesaliam
522 3486 747 3549 Hollandorum
765 3487 958 3562 intellexisse,
975 3484 1057 3566 quod
1074 3492 1173 3545 tumen
1194 3486 1227 3546 id
1247 3486 1341 3567 pactis
1358 3506 1525 3568 expressum

335 3603 396 3644 non
415 3594 501 3654 esset,
520 3583 560 3645 ad
575 3584 653 3645 nibil
670 3606 701 3645 se
717 3584 822 3656 teneri,
839 3584 919 3645 unde
936 3600 1066 3643 errorem
1087 3599 1149 3643 suae
1169 3582 1360 3663 negligentias
1379 3584 1525 3645 adscribe-

334 3688 409 3740 rent.
454 3678 531 3741 Haec
546 3680 619 3741 dum
633 3683 785 3763 utrimque
795 3681 883 3742 latids
896 3680 1111 3761 disceptantur,
1123 3678 1309 3740 redeundum
1324 3699 1393 3741 cum
1406 3680 1525 3761 impedi-
