3225 4700
320 317 359 385 74
718 306 1119 377 ITINERARIUM.

317 466 466 551 stipendio
474 465 545 548 ipsis
555 464 748 539 solverentur,
758 464 820 525 imo
828 462 1099 543 retroadhyberna
1106 459 1234 544 pristine
1243 458 1393 531 oederent,
1401 466 1523 517 nostru

317 564 397 648 legio
411 572 515 625 coecta
526 571 572 624 est
583 560 686 625 adulti
696 570 784 623 noete
797 561 900 643 firgem
912 580 1075 641 capeesere,
1087 566 1267 640 pontemque
1278 564 1345 636 poet
1356 574 1389 615 se
1398 572 1521 614 acceu-

317 660 357 723 sis
371 660 489 741 injectis
501 658 639 735 fascibus,
650 656 855 737 asseribusque
866 657 899 717 in
912 655 1071 717 Mosellam
1083 654 1207 735 deJ'eetis
1219 651 1397 716 disturbare.
1419 649 1521 710 Hine

319 757 468 819 Arvillem
485 756 692 819 contendimus
707 774 743 815 ac
759 754 916 815 stationam
933 751 997 813 illic
1014 752 1054 813 ed
1068 760 1187 833 tempus
1203 749 1334 822 finum,
1352 744 1518 825 multoque

318 852 390 914 inde
405 852 501 914 Gallis
518 852 629 915 damna.
643 850 792 913 dedimus.
835 849 909 910 Diei
921 848 1004 911 haud
1021 856 1118 930 potest
1131 855 1274 926 quantem
1290 844 1407 907 Croatoe
1423 842 1516 903 Dro-

319 968 468 1031 gonesque
486 948 581 1010 nostri
599 947 680 1009 hisce
700 946 731 1007 in
753 946 886 1027 partibus
905 945 1092 1006 exercuerint
1113 942 1270 1016 servitium,
1291 959 1383 1023 pagos
1401 939 1517 1000 obvios

320 1045 548 1117 concremando,
568 1042 769 1126 depredando
790 1042 889 1117 urbes,
910 1040 1091 1103 trucidando
1110 1040 1175 1101 siue
1196 1038 1370 1099 discrimine
1392 1036 1515 1097 nobiles

320 1140 536 1222 ignobilesque,
547 1140 684 1202 mulieres
696 1136 811 1197 nobiles
819 1156 977 1216 sacrasque
987 1136 1056 1198 Deo
1064 1136 1195 1218 virgines
1204 1135 1244 1196 ad
1253 1132 1511 1195 suamlibidinem

196 1318 197 1322 Ἰ
321 1237 476 1317 rapiendo,
489 1238 607 1318 praedas
624 1234 749 1315 injustas
766 1232 914 1294 faciendo.
956 1231 1047 1293 Diris
1064 1233 1179 1295 dicatae
1192 1230 1342 1292 Ecclesiae
1354 1228 1509 1301 violando,

322 1334 416 1414 pudet
434 1334 545 1401 dicere,
565 1349 626 1391 non
647 1348 715 1390 reor
737 1328 817 1410 ipsae
837 1328 950 1389 Turoee
971 1328 1192 1409 Saracenosque
1213 1327 1354 1409 graviora
1374 1343 1511 1405 unquam

323 1430 433 1489 damus
445 1426 554 1487 inferre
564 1424 744 1488 Christianis
756 1424 897 1505 potuisse.
939 1425 1051 1504 Atque,
1062 1426 1145 1504 quod
1157 1424 1288 1485 maxime
1300 1422 1510 1485 detestandum

321 1531 376 1597 eet,
391 1522 457 1583 hoeo
471 1519 573 1583 omnia
589 1521 711 1603 impune
726 1520 876 1582 faciebant
885 1519 1005 1595 milites,
1019 1520 1208 1603 indulgentid
1220 1520 1323 1600 utique
1337 1537 1441 1580 eorum
1453 1517 1510 1597 qni

322 1618 466 1680 exercitui
478 1636 594 1678 summo
604 1636 677 1678 cum
684 1617 754 1697 jure
767 1625 925 1697 praeerunt,
939 1616 993 1696 qui
1006 1626 1040 1677 ut
1051 1637 1083 1678 se
1098 1616 1322 1699 locupletarent,
1335 1614 1411 1675 nihil
1423 1612 1511 1693 penei

276 1697 285 1715 '
323 1714 482 1787 ducebant,
492 1714 600 1793 jurene
617 1732 655 1773 an
673 1710 783 1791 injurii
796 1712 883 1773 miles
893 1712 1088 1793 praeliaretur,
1101 1732 1158 1774 nec
1173 1713 1316 1775 curebmt
1328 1729 1510 1794 magnopere

322 1832 361 1873 en
382 1809 486 1871 amicis
504 1828 544 1870 aa
564 1808 697 1871 hostibus
716 1810 832 1892 praedes
851 1808 1051 1888 abstulissent.
1100 1808 1193 1871 Unde
1212 1828 1282 1869 mox
1303 1808 1418 1869 Divino
1435 1806 1511 1867 ultio

322 1914 438 1969 nostros
449 1924 506 1967 nee
521 1905 602 1968 lento
614 1906 690 1987 pede
705 1906 850 1980 insecuto,
863 1904 1024 1986 hostilique
1037 1926 1130 1967 manu
1141 1905 1174 1966 iu
1191 1926 1227 1967 ee
1240 1906 1316 1982 loce,
1331 1904 1412 1965 unde
1429 1902 1511 1963 exie·

322 2022 433 2077 ramus,
444 2000 554 2083 repulit
564 2023 574 2077 3
594 2002 646 2063 ubi
660 2001 878 2083 inexplicabilis
890 2012 955 2064 erat
966 2022 1091 2064 annonae
1105 2002 1275 2064 difficultas.
1304 2000 1423 2062 Rustici
1435 2021 1511 2081 quo·

323 2118 381 2179 quc
401 2098 487 2158 nobis
503 2097 615 2171 infesti,
633 2097 732 2180 plures
747 2104 883 2159 nostrum
901 2117 938 2158 ex
955 2098 1073 2159 insidiis
1089 2099 1210 2179 partim,
1226 2098 1337 2181 partim
1356 2098 1457 2179 aperti
1477 2098 1510 2159 vi

323 2193 502 2269 mactabant,
516 2202 547 2255 et
558 2194 611 2255 ubi
624 2212 707 2255 ιιιιιιι
717 2194 851 2268 deerant,
863 2194 988 2255 sudibus
1000 2194 1135 2275 petisqte
1147 2214 1196 2256 res
1207 2196 1320 2256 rustica
1330 2195 1483 2277 agebatur.

363 2288 479 2362 Quartt
487 2298 517 2349 et
524 2290 669 2372 vigesimi
679 2289 784 2352 Martii
794 2309 863 2352 cum
873 2290 1075 2373 lotharingiae
1083 2289 1157 2352 Dux
1165 2291 1509 2374 iterumsenegotiorum

323 2387 412 2450 causi
428 2385 588 2448 Bruxellas
605 2385 787 2460 contulisset,
802 2387 834 2446 in
851 2386 1175 2448 Viae-Meresehallum
1187 2387 1337 2449 Coloredo
1348 2388 1372 2449 J
1374 2389 1508 2448 aniorem

321 2486 403 2546 circa
423 2482 506 2563 Luyr
527 2481 610 2543 Galli
629 2483 774 2564 impetum
794 2481 940 2558 fecerunt,
960 2493 991 2545 et
1008 2482 1079 2545 licet
1099 2483 1248 2545 Coloredc
1268 2504 1301 2545 ae
1319 2492 1390 2545 tunc
1408 2484 1508 2546 viram

322 2581 439 2647 sortem,
458 2579 602 2659 impetum
617 2577 712 2640 multo
728 2589 861 2659 temporo
879 2579 1061 2654 sustinendo,
1080 2578 1216 2661 hostique
1233 2579 1415 2656 obsistendo,
1433 2601 1509 2663 prae·

323 2675 431 2750 buerit,
446 2674 567 2756 ipseque
585 2693 701 2755 semper
719 2673 751 2733 in
771 2672 867 2754 primi
880 2674 944 2735 acie
962 2674 1114 2757 pugndrit,
1126 2675 1275 2756 dissipatis
1288 2685 1387 2736 tamen
1404 2678 1508 2756 copiis,

324 2780 428 2853 captus
441 2779 494 2844 est,
510 2765 700 2850 Parisiosque
715 2770 871 2831 abductus.
913 2770 983 2830 Hoc
996 2789 1076 2830 anno
1091 2771 1181 2832 etium
1194 2771 1281 2852 plnrs
1296 2772 1387 2852 quim
1400 2771 1508 2854 viginti

325 2867 455 2929 militum
466 2864 561 2926 millia
573 2864 650 2926 fame
663 2874 766 2926 enecta
778 2876 865 2926 eunte
886 2874 976 2945 atque
988 2865 1041 2943 ille
1053 2875 1117 2928 erat
1134 2875 1204 2927 tunc
1217 2867 1373 2948 pugnandi
1387 2869 1463 2929 ratio
1475 2878 1509 2930 ut

324 2963 433 3046 integri
453 2962 610 3036 exereitus,
631 2960 683 3041 qui
703 2981 758 3021 nec
778 2960 893 3023 hostem
912 2962 1058 3038 viderant,
1078 2963 1168 3024 unico
1187 2965 1271 3043 quasi
1289 2964 1366 3024 fletu
1384 2963 1507 3046 dissipa·

326 3067 438 3120 rentur.
480 3057 608 3119 Decimo
627 3056 744 3138 Aprilis
762 3059 856 3119 nostri
873 3058 1054 3135 missisunt,
1074 3069 1110 3122 ut
1127 3061 1243 3122 aditum
1264 3060 1357 3121 Motis
1376 3059 1507 3121 vicinam

327 3153 550 3232 interciperent,
566 3153 619 3214 sed
637 3173 699 3214 nou
716 3154 811 3215 multi>
829 3166 896 3236 post
912 3175 973 3215 non
993 3155 1058 3216 sine
1076 3155 1162 3217 clade
1180 3165 1212 3217 et
1228 3155 1394 3239 ignominib
1412 3157 1507 3218 redire

327 3247 471 3328 compulsi
483 3257 563 3310 sunt.
605 3249 676 3310 Non
691 3250 796 3332 procul
809 3249 880 3312 hinc
895 3251 1000 3312 rustici
1012 3251 1141 3333 plusculi
1154 3251 1368 3314 tumultuantes
1382 3253 1416 3314 in
1427 3273 1508 3313 orme

328 3352 459 3418 ruerant,
476 3343 529 3423 qui
549 3364 587 3404 ex
602 3344 695 3425 sylvis
712 3354 743 3406 et
757 3346 874 3408 insidiis
890 3346 1017 3408 militem
1031 3347 1221 3424 infestabant,
1238 3350 1411 3430 opimaeque
1431 3367 1506 3428 saepe

327 3439 476 3502 ducebant
495 3440 621 3521 praedes.
663 3439 710 3502 Hi
728 3451 815 3504 uteo
830 3442 962 3504 securius
977 3443 1193 3524 predarentur,
1211 3465 1274 3506 rem
1287 3464 1408 3506 omnem
1425 3443 1507 3504 fumi·

327 3535 432 3598 liorem
452 3535 616 3599 eoemiterio
633 3535 814 3615 infoderunt,
834 3558 1012 3620 crucemque
1030 3539 1162 3622 ligneum
1176 3542 1267 3623 juxte
1284 3550 1452 3623 posuerant,
1471 3561 1508 3602 ne

328 3633 396 3714 quis
405 3632 468 3696 illio
480 3631 563 3695 aliud
573 3641 682 3715 preter
689 3634 818 3698 cadaver
826 3635 943 3699 latitare
952 3635 1166 3719 suspicaretur:
1184 3657 1312 3721 quorum
1324 3637 1508 3702 insolentium
