3225 4700
333 355 353 415 2
705 347 1117 415 ITINERARIUM.

333 521 444 578 sumus,
457 509 602 564 sectantes
615 500 764 574 militium,
777 522 832 582 pro
846 500 994 564 Libertate
1009 498 1180 562 Germania
1192 507 1223 560 et
1235 497 1371 561 Caesare:
1399 498 1466 560 viro
1478 500 1519 559 in

333 599 435 681 paucis
448 599 593 680 prudente
606 607 636 660 ct
645 607 765 660 strenuo
779 598 920 673 lemures,
934 598 1028 658 vitam
1037 598 1249 680 etsanguiuem
1263 595 1456 676 paciscentes.

373 695 497 756 Dictum
510 715 598 776 porro
612 695 763 775 Europam
777 694 795 756 l
809 694 895 756 cased
907 693 1071 776 gentilitate
1082 692 1297 776 Imperatorum
1309 692 1433 774 sceptris
1445 711 1517 752 mo·

332 793 474 865 der-atum,
496 811 555 851 non
578 791 637 851 nisi
660 791 815 852 vetustatis
840 790 939 873 ignari
965 789 1123 864 nesciunt3
1157 789 1307 868 quomodo
1326 788 1397 848 verb
1421 787 1515 848 vicis·

332 885 462 947 situdine
475 907 574 948 rerum
588 885 653 948 hmo
663 897 791 968 potestus
804 887 824 948 d
836 886 1001 969 gentilitate
1015 885 1055 945 ud
1066 883 1251 946 Christianos
1263 884 1362 966 Reges
1370 903 1405 944 ac
1419 882 1514 943 Prin-

332 983 413 1063 cipes
430 982 571 1044 transluta
588 983 636 1058 sit,
651 983 781 1044 historiis
796 981 1004 1063 prolixioribus
1022 980 1231 1062 exequendum
1252 979 1398 1058 relinquo.
1441 979 1513 1060 Ego

333 1079 371 1138 ab
390 1077 526 1138 Hernico
539 1080 667 1162 Aucupe
684 1065 830 1158 primo'ex
844 1075 1003 1140 Garumnis
1018 1076 1201 1158 Imperatore
1213 1076 1292 1138 duco
1304 1073 1401 1146 initis,
1413 1075 1513 1134 conti·

333 1194 425 1234 nuam
438 1173 544 1234 seriem
557 1194 649 1254 usque
665 1174 704 1235 ad
722 1175 898 1234 modernum
913 1171 1127 1252 Imperatorem
1142 1171 1365 1232 Ferdinandnm
1378 1171 1444 1251 ejus
1456 1191 1513 1232 no·

333 1268 422 1330 minis
436 1269 502 1329 III.
518 1290 634 1350 semper
646 1272 818 1350 Augustum
831 1268 1013 1350 protrahens.
1054 1268 1130 1328 Erat
1142 1267 1191 1328 hie
1207 1267 1359 1327 Henricus
1371 1286 1408 1326 ex
1423 1266 1512 1326 Sere·

332 1365 455 1425 nissimi
470 1364 593 1426 Ducum
609 1365 744 1426 saxonie
758 1365 858 1437 domo,
871 1364 1005 1443 adiitque
1018 1362 1184 1444 Imperium
1197 1382 1276 1423 auno
1289 1381 1342 1443 per
1354 1360 1512 1423 Christum

333 1469 501 1520 restauratae
517 1460 625 1522 Salutis
639 1459 863 1542 nongentesimo
876 1458 1042 1540 vigesim03
1070 1460 1120 1520 cui
1137 1459 1278 1520 successit
1292 1458 1365 1520 Otto
1376 1457 1513 1542 Magnus

334 1555 470 1636 Aucupis
486 1555 566 1616 filius
585 1557 799 1637 imperavitque
821 1556 858 1616 ab
881 1576 960 1616 anno
982 1555 1096 1617 Christi
1115 1554 1340 1637 nongentesimo
1359 1556 1512 1616 tricesimo

332 1651 430 1712 tertio.
472 1651 622 1712 Funduvit
641 1651 689 1712 hic
704 1651 777 1713 Otto
785 1673 841 1723 sen
852 1652 1015 1734 complevit
1026 1652 1124 1733 potius
1132 1653 1198 1733 jum
1210 1660 1279 1711 ante
1292 1650 1311 1710 l
1324 1650 1375 1732 pio
1388 1663 1512 1731 parente

332 1765 387 1806 suo
404 1755 503 1826 ceptus
520 1748 658 1811 ecclesias
676 1747 998 1829 Brundenburgensem
1014 1758 1045 1810 et
1068 1748 1341 1829 limburgensem,
1359 1749 1513 1828 erexitque

332 1841 395 1922 ipse
413 1841 534 1921 iusuper
552 1841 570 1900 d
590 1841 791 1903 fundamentis
809 1862 869 1902 uon
886 1843 1016 1924 degener
1033 1844 1138 1925 optimi
1154 1843 1246 1923 patris
1262 1843 1375 1904 soboles
1396 1843 1513 1906 Havel·

333 1937 521 2018 burgensem,
536 1935 721 1998 Misnensem
734 1946 764 1999 et
778 1937 1087 2019 Magdebnrgensem:
1115 1938 1165 2000 hic
1180 1939 1261 2019 ipsus
1279 1960 1398 2020 quoque
1411 1940 1513 2001 Ludo·

332 2031 434 2092 vicum
455 2031 612 2092 Gallorum
635 2053 737 2114 regem
758 2033 777 2094 d
797 2033 859 2094 suis
881 2033 1009 2093 subditis
1026 2032 1211 2112 iniquissime
1230 2055 1322 2117 regno
1334 2035 1463 2114 pulsum,
1478 2036 1513 2096 in

332 2127 440 2189 solium
460 2127 608 2204 restituit3
637 2149 782 2208 verusque
795 2129 951 2210 Augustus
971 2127 1148 2211 Burgundii
1167 2139 1198 2190 et
1216 2129 1326 2212 Belgio
1345 2129 1512 2210 Imperium

332 2225 424 2284 auxit.
463 2225 554 2285 Anno
573 2233 639 2306 post
652 2237 756 2285 uatum
770 2223 926 2286 Christum
937 2225 1165 2306 nongentesimo
1177 2225 1404 2308 quadragesimo
1416 2235 1511 2287 sexto.

335 2319 405 2381 Hoc
420 2320 603 2403 Imperatore
613 2321 629 2383 ὲ
642 2321 719 2383 viris
732 2320 848 2382 sublato
861 2320 953 2382 moles
966 2319 1091 2402 imperii
1102 2321 1142 2383 ud
1153 2320 1296 2383 Ottonem
1310 2320 1357 2382 ΙΙ.
1371 2321 1512 2385 devolutu

332 2427 386 2491 est,
400 2416 453 2496 qui
465 2418 561 2479 tenuit
572 2428 724 2499 sceptrum
736 2438 831 2497 usque
843 2418 883 2479 sd
896 2438 1009 2481 annum
1028 2417 1233 2480 Christianum
1252 2419 1512 2501 nongentesimum

332 2514 582 2595 septuagesimum
599 2523 748 2593 quartum,
764 2514 880 2595 sibique
897 2534 1097 2577 successorem
1115 2514 1236 2595 reliquit
1251 2514 1348 2575 lilium
1367 2513 1512 2575 Ottcnem

332 2609 399 2670 III.
413 2611 466 2691 qui
474 2611 527 2692 jus
544 2610 675 2692 eligendi
690 2610 820 2671 Romani
833 2611 1024 2693 Imperatoris
1044 2632 1134 2692 penes
1148 2611 1315 2673 Germanos
1327 2630 1390 2671 esse
1404 2610 1511 2671 voluit

331 2708 425 2767 Anno
440 2706 598 2769 millesimo
615 2706 746 2768 secundo
767 2708 932 2787 Imperium
951 2709 1116 2788 gubernare
1133 2708 1214 2789 cepit
1235 2707 1389 2769 Henricua
1407 2705 1454 2767 11.
1480 2718 1513 2769 et

331 2812 397 2883 post
413 2802 493 2865 huno
509 2800 666 2865 Corradus
682 2802 729 2864 Il.
749 2802 855 2865 Romae
873 2813 917 2863 est
933 2813 1089 2864 coronatus
1106 2823 1185 2864 anno
1197 2803 1354 2864 millesimo
1366 2802 1512 2863 vicesimo

331 2900 465 2977 septimo,
481 2900 533 2979 qui
546 2898 718 2961 Arelatense
731 2919 858 2981 regnum
872 2910 989 2960 mortuo
1005 2898 1167 2980 liudolpho
1179 2902 1245 2981 ejus
1265 2900 1361 2982 Rege,
1374 2909 1406 2960 et
1425 2898 1512 2979 pulso

333 2993 444 3054 Ottone
459 2996 568 3056 sororis
588 2998 652 3077 ejus
672 2995 736 3057 filio
754 2996 907 3057 Germano
925 2995 1057 3075 Imperio
1074 2996 1185 3076 adjecit
1208 3016 1286 3056 anno
1304 2994 1433 3075 reparati
1456 3015 1512 3074 per

332 3088 483 3149 Christum
497 3092 577 3152 orbis
589 3092 746 3153 millesimo
763 3091 917 3174 trigesimo
935 3092 1076 3154 secundo.
1118 3092 1200 3153 Dein
1217 3090 1427 3153 Catbedralem
1440 3090 1511 3171 Spi-

331 3186 462 3247 rensium
475 3187 628 3249 ecclesium
646 3189 782 3250 condidit
794 3186 883 3269 atque
899 3188 1046 3262 fundavit,
1060 3189 1091 3248 in
1111 3208 1171 3268 qua
1188 3209 1259 3249 euru
1277 3188 1415 3268 conjuge,
1437 3187 1509 3262 filio,

332 3292 449 3363 nepote,
464 3302 499 3342 ac
518 3294 677 3365 pronepote
700 3284 834 3345 Henrico
855 3285 922 3345 ΙΙΙ.
943 3284 999 3345 IV.
1014 3295 1046 3345 et
1064 3284 1103 3346 V.
1117 3286 1182 3367 ejus
1199 3284 1327 3345 nominis
1345 3284 1512 3364 Imperetu-

330 3378 411 3439 ribus
428 3376 546 3439 humari
564 3379 668 3455 voluit,
688 3401 816 3461 quorum
835 3388 1028 3441 monumenta
1043 3380 1133 3441 etiam
1153 3402 1233 3441 nunc
1253 3380 1315 3441 illio
1331 3389 1513 3460 spectantur.

331 3474 485 3535 Henricus
501 3484 600 3536 antem
620 3476 775 3540 III.anno
793 3476 951 3537 millesimo
969 3476 1195 3559 quadregesimo
1212 3476 1380 3557 imperavit.
1423 3476 1512 3537 Ilen·

330 3572 409 3633 ricus
427 3571 485 3635 lv.
500 3592 579 3633 anno
598 3572 756 3633 millesimo
773 3572 954 3654 octogesimo
972 3573 1079 3653 primo.
1122 3571 1273 3633 Heuricus
1292 3572 1332 3632 V.
1350 3570 1511 3633 millesimo

329 3669 490 3731 centesimo
512 3668 647 3749 septimo.
689 3668 756 3730 Hos
780 3676 898 3730 mcutus
919 3678 964 3731 est
985 3668 1142 3731 lotharius
1165 3668 1212 3730 11.
1235 3688 1315 3731 anno
1337 3668 1511 3730 instauratoe
