3225 4700
144 552 164 601 t
213 555 351 671 spt
411 589 415 590 f
488 532 537 661 qt
593 547 751 656 .Jss3
831 521 910 654 dp
957 595 975 598 Α
1045 551 1103 661 pp
1167 601 1190 676 ὲ
1231 551 1252 600 a

495 877 687 955 CAPUT
725 877 896 953 LXVII.

215 1057 265 1115 De
275 1046 384 1138 papati
398 1052 443 1117 ad
454 1052 598 1141 lipsiam
611 1054 720 1120 dubita
736 1052 889 1120 Caesareos
903 1054 986 1119 iuter
1001 1064 1032 1117 et
1049 1050 1173 1117 Succos.

136 1261 152 1332 ‘2'
197 1253 205 1275 ‘
226 1237 258 1344 JJJ‘
273 1245 275 1247 .
288 1251 290 1255 ’
304 1243 340 1277 ⁰⁸
361 1265 677 1331 PPUGNABANT
691 1290 744 1352 per
756 1268 822 1331 haec
835 1278 967 1349 tempora
979 1265 1125 1328 Caesareae
1140 1274 1246 1327 turmae
1261 1264 1292 1323 in

186 1360 207 1452 j
251 1375 272 1443 ,j
380 1362 619 1447 Silesiamagnis
632 1366 755 1446 quidem
770 1364 942 1446 impendiis,
956 1363 1009 1425 sed
1026 1382 1086 1423 non
1100 1360 1186 1441 aeque
1200 1359 1293 1420 felici-

123 1524 130 1544 Ι
171 1467 212 1538 ”5-
259 1469 291 1547 ¹‘J
329 1473 340 1549 ζ
378 1460 820 1537 bussttccessibuaGloooviam
831 1461 996 1542 majorem
1012 1457 1294 1540 atquehocmajore

200 1588 212 1619 μ
272 1637 286 1660 ⁴
308 1543 344 1673 qi
379 1568 488 1639 conatu
507 1560 722 1641 promovebant
741 1558 939 1632 obsidionem,
961 1577 1022 1637 quo
1038 1552 1293 1615 Dorstensobnius

113 1672 119 1683 ·
147 1651 151 1661 ’
216 1663 257 1689 Μ
303 1663 336 1706 ‘a
379 1676 448 1717 cum
463 1656 603 1718 universo
615 1658 747 1718 exercitu
767 1659 871 1737 (quem
885 1654 972 1715 facile
986 1674 1037 1715 sex
1055 1650 1187 1713 militum
1201 1648 1292 1710 milli-

93 1748 164 1821 bus,
183 1751 292 1831 partim
306 1772 344 1813 ex
356 1753 516 1832 praesidiis,
531 1754 638 1835 partim
653 1753 775 1815 aliunde
791 1751 946 1814 submissis
966 1748 1070 1832 copiis,
1086 1758 1207 1809 auctum
1229 1768 1292 1807 esse

92 1850 316 1927 compererant)
339 1849 502 1929 majoribus
523 1849 679 1910 itineribus
705 1847 973 1931 appropinquabat.
1016 1846 1093 1926 Ejus
1114 1843 1240 1905 consilia
1260 1853 1291 1904 et

92 1941 174 2002 vires
188 1951 222 2004 ut
236 1953 456 2006 anteverterent
469 1944 645 2028 Imperiales
660 1945 846 2026 potissimam
866 1943 1015 2005 exercitlls
1036 1951 1162 2022 partem,
1185 1938 1290 1999 relicto

91 2039 135 2099 ad
155 2040 389 2102 continuandam
405 2041 590 2103 obsidionem
603 2042 709 2114 milite,
725 2042 815 2103 Duce
829 2039 974 2101 Generali
990 2035 1208 2109 Picolomineo,
1225 2034 1290 2095 Gu-

91 2136 164 2196 bam
172 2157 274 2198 versus
287 2139 513 2220 praemiserantz
528 2159 618 2220 quem
632 2139 787 2220 evestigio
800 2158 871 2201 cum
880 2136 996 2199 caeteris
1006 2134 1101 2216 copiis
1110 2133 1289 2213 sequebatur

91 2234 307 2297 serenissimus
320 2234 481 2297 Arcbidux
495 2236 665 2317 leopoldus
678 2235 860 2297 Gulielmus.
902 2233 972 2306 Quo
988 2232 1094 2294 codem
1114 2250 1173 2291 non
1192 2228 1288 2289 multi>

90 2342 162 2392 ante
173 2330 302 2392 movisse
316 2330 457 2394 Suecieas
471 2333 571 2414 copias
584 2334 761 2396 nunciatum
780 2332 889 2394 fuerat.
930 2331 996 2392 Has
1011 2338 1043 2391 ut
1057 2328 1237 2390 lacesserent
1250 2325 1290 2387 ad

90 2448 239 2510 pugnam,
254 2427 385 2490 Caesarei
399 2429 519 2512 magnis
536 2430 644 2492 animis
665 2431 697 2491 in
711 2431 827 2491 bostem
843 2431 1012 2502 excurrere,
1028 2426 1167 2506 levesque
1181 2423 1287 2484 velita-

88 2527 189 2588 tiones
202 2526 234 2586 in
248 2533 366 2586 noctem
380 2533 606 2607 protraxerunt3
628 2528 682 2588 sed
695 2527 781 2588 irrito
795 2547 887 2609 prope
901 2533 1021 2600 conatu,
1036 2542 1127 2604 quam
1139 2521 1221 2584 enim
1234 2520 1288 2582 de-

89 2632 247 2685 creverant
261 2643 403 2704 pugnam,
416 2623 552 2684 nondum
566 2621 831 2685 aDcrstensobnio
840 2623 998 2702 impetrare
1010 2630 1181 2702 potuerunt.
1210 2618 1287 2680 Pos-

89 2728 156 2780 tero
183 2718 386 2781 dilucescente
409 2719 471 2791 die,
493 2720 613 2782 Croatae
636 2719 825 2802 exploratum
852 2719 946 2788 misai,
969 2718 1009 2779 ad
1033 2726 1129 2778 cestra
1147 2715 1288 2778 Caesarea

87 2815 266 2890 retulerunt,
282 2814 565 2892 Dorsteusobnium,
580 2816 703 2878 transitui
718 2816 831 2891 Odere,
851 2814 1030 2876 Glocoviarn
1049 2833 1153 2874 versus
1168 2833 1286 2894 proces·

86 2913 170 2976 sisse.
212 2913 285 2974 Fuit
296 2910 345 2973 hic
360 2911 854 2992 ancepsSerenissimusArchidur
867 2912 996 2974 velletne
1005 2909 1284 2972 similiterOderam

87 3020 219 3085 tranare,
231 3018 261 3070 et
273 3008 305 3069 in
314 3007 453 3070 ulteriore
466 3010 531 3089 ripa
543 3029 611 3070 cum
620 3009 704 3070 boste
717 3008 853 3070 conferre
862 3029 957 3082 arma,
967 3027 1005 3068 an
1017 3006 1089 3068 verb
1103 3007 1133 3066 in
1148 3005 1284 3066 citeriore

86 3107 257 3181 subsistere,
280 3114 421 3181 attentus,
438 3126 500 3186 quo
520 3107 653 3187 seporrb
666 3106 865 3168 translaturus
877 3115 954 3168 esset
973 3104 1077 3166 hostis.
1120 3103 1170 3164 Ne
1184 3103 1285 3184 itaque

86 3204 200 3265 temere
223 3202 299 3284 quid
322 3210 476 3274 statueret,
498 3201 636 3264 adhibuit
662 3202 693 3262 in
715 3201 874 3263 consilium
898 3202 1157 3283 campiductorum
1179 3199 1285 3280 praeei-

87 3321 173 3382 puos,
185 3301 238 3380 qui
248 3319 308 3360 uno
321 3298 384 3360 sere
396 3318 448 3359 ore
461 3306 630 3371 suaserunt,
639 3298 807 3359 citeriorem
821 3298 917 3378 ripam
932 3297 1106 3377 neutiquam
1120 3315 1183 3356 esse
1197 3295 1285 3356 reliu-

88 3397 251 3476 quendam,
275 3416 313 3456 ne
335 3414 395 3475 qua
413 3395 488 3456 forte
510 3394 672 3456 commoda
695 3393 774 3455 bosti
792 3393 950 3455 offerretur
970 3391 1127 3474 pugnandi
1156 3392 1284 3462 occasio,

87 3492 294 3573 Caesareisque
306 3492 501 3553 intraurbcm
519 3499 549 3552 et
569 3490 773 3552 adversarium
796 3489 921 3552 militem
940 3489 1092 3550 difficilior
1109 3488 1284 3548 redderetur

87 3589 245 3673 pugnandi
258 3589 344 3661 ratio,
358 3588 494 3650 hostibus
506 3589 577 3650 verb
592 3587 714 3669 pronior
729 3587 943 3650 concederetur
955 3586 1101 3648 victoria:
1122 3585 1204 3646 uude
1219 3605 1285 3646 om·

87 3689 161 3750 nino
181 3686 298 3749 obsidio
316 3686 525 3748 Glocoriensis
550 3685 685 3748 tollenda
704 3685 772 3762 luit,
795 3705 856 3765 quo
878 3683 968 3759 lacto,
989 3704 1049 3745 non
1077 3682 1133 3744 luit
1154 3683 1284 3743 arduum

630 3803 651 3844 x
666 3803 687 3843 1
