3225 4700
325 312 391 378 386
712 304 1135 377 ITINERARIUM.

371 465 472 526 VIII.
493 465 653 546 Quidquid
674 465 799 526 durante
819 461 975 524 obsidione
994 459 1043 521 vel
1064 459 1119 522 bac
1141 455 1188 519 vel
1207 455 1298 516 etiam
1318 453 1480 534 superiore
1504 449 1546 508 ab
1581 499 1582 554 p

331 563 457 624 obsessis
469 583 572 646 aspere
584 572 695 637 actum,
714 561 843 635 dictum,
854 560 904 621 vel
916 559 1128 640 quoquomodo
1142 555 1336 619 commissum
1350 552 1461 613 finisset
1474 569 1544 610 uon
1581 563 1582 590 l

334 659 547 721 vindicabitur.

251 775 255 781 ’
376 756 438 816 ΙΧ.
461 756 584 838 Captivi
604 757 732 819 durante
757 753 911 816 obsidione
932 763 994 814 tem
1017 753 1099 814 cives
1123 751 1214 832 qudm
1237 748 1349 810 milites
1370 746 1437 808 sine
1464 743 1545 804 litro

332 851 420 914 liberi
432 853 631 915 dimittentur.

375 948 417 1009 X.
440 950 530 1012 Cives
557 951 642 1031 reque
662 970 698 1012 ac
718 948 824 1010 rustici
845 969 915 1010 cum
938 947 1077 1009 omuibus
1100 945 1162 1008 suis
1186 945 1285 1019 rebus,
1305 942 1401 1022 equis,
1423 940 1542 1013 bobus,

334 1045 392 1107 tuti
406 1054 437 1107 et
449 1046 605 1109 indemnes
618 1049 883 1109 conservabuntur.

378 1142 440 1202 XI.
463 1143 658 1226 Magistratui
672 1146 777 1206 tamin
792 1143 932 1206 civilibus
941 1164 1032 1224 quam
1044 1144 1075 1204 in
1090 1141 1296 1204 criminalibus
1313 1138 1390 1200 nihil
1403 1139 1541 1219 deroga·

336 1238 427 1308 bitur,
439 1259 494 1301 nec
508 1252 626 1302 senatus
637 1241 699 1301 ullo
707 1241 802 1302 milite
813 1241 995 1322 gravabitur.
1033 1241 1146 1301 Actum
1157 1241 1206 1299 29.
1220 1236 1403 1299 Novembris
1422 1237 1517 1295 1642.

378 1335 530 1398 Postridie
548 1338 603 1398 sub
622 1357 733 1398 nonam
752 1337 929 1398 matutinam
952 1336 1144 1399 Gubernator
1163 1355 1234 1396 cum
1252 1333 1336 1394 omui
1351 1330 1541 1394 solennitate

337 1433 447 1494 usitata
458 1433 604 1495 militibus
616 1454 753 1516 egressus
766 1446 822 1507 est,
836 1455 868 1495 se
881 1434 922 1495 ad
937 1434 1089 1496 Bovarioa
1104 1441 1202 1494 castra
1220 1429 1426 1493 translaturus.
1471 1427 1539 1488 Sed

335 1528 407 1608 quia
419 1529 451 1588 in
467 1531 587 1591 Ducem
602 1531 897 1613 Wirteubergensem
911 1531 1012 1592 nescio
1023 1550 1092 1612 quae
1103 1528 1364 1592 dioteriadurante
1374 1525 1539 1586 obsidione
1581 1569 1582 1608 ᾗ

336 1627 612 1707 conjectafuerant‚
627 1638 715 1709 pocta
731 1637 849 1689 servata
865 1648 925 1688 non
942 1636 1021 1688 sunt.
1063 1626 1106 1687 Et
1119 1625 1311 1687 Gubernator
1329 1621 1454 1701 quidem
1470 1619 1539 1680 suis
1581 1617 1582 1702 l

335 1722 489 1803 spoliatus,
503 1723 613 1786 milites
625 1725 698 1785 verb
711 1725 843 1806 gregarii
857 1724 896 1785 ed
910 1723 1068 1786 contrarie
1083 1723 1175 1804 pertis
1187 1721 1309 1782 servitia
1322 1718 1429 1780 coacti.
1581 1731 1582 1796 l

376 1805 475 1902 ¹Capta
493 1822 567 1883 urbe
584 1821 712 1883 sollicite
729 1821 861 1903 dispexit
875 1820 1034 1882 Generalis
1054 1821 1092 1882 de
1108 1819 1264 1882 Guebrian
1278 1817 1377 1878 locrrm
1393 1835 1537 1875 commo·
1581 1797 1582 1884 l

336 1917 410 1978 dum
431 1918 557 1980 militem
582 1917 748 1980 reficiendi.
790 1918 1036 1981 commodiorem
1059 1917 1133 1980 verb
1160 1915 1242 1977 luitis
1268 1913 1432 1976 rationibus
1455 1921 1536 1973 tunc

337 2015 460 2094 quidem
471 2014 588 2077 nullum
602 2015 722 2096 reperit,
737 2015 907 2095 quemenm
920 2017 1009 2097 equo
1019 2015 1154 2097 proxime
1167 2013 1291 2074 aberant
1304 2009 1425 2070 milites.
1455 2008 1537 2069 Erat
1581 2017 1582 2094 l

339 2107 365 2167 is
380 2106 523 2168 Danubio
538 2108 653 2169 vicinus
666 2119 697 2169 et
714 2109 829 2169 circum
848 2127 941 2190 pagos
957 2107 1223 2190 complectebatur,
1238 2119 1427 2171 stanconam
1438 2105 1536 2166 militi
1581 2105 1582 2110 ’

337 2205 445 2267 alendo
457 2204 653 2266 sufficientem
663 2202 799 2266 babebat.
832 2204 912 2266 Illuc
923 2205 1028 2286 igitur,
1041 2206 1142 2285 quoad
1156 2205 1218 2286 ipse
1228 2203 1456 2278 convalesceret,
1472 2202 1536 2264 iter
1581 2227 1582 2292 ἦ

338 2302 492 2365 instituere
500 2301 601 2384 jussit,
612 2301 817 2383 praemisitque
825 2301 1003 2363 Geueralcm
1015 2300 1098 2363 Rosa
1106 2321 1177 2363 oum
1188 2313 1256 2366 octo
1266 2301 1432 2385 legionibus
1443 2299 1535 2382 equI·

337 2410 403 2461 tum
415 2409 445 2461 et
459 2399 573 2461 duabus
591 2397 831 2468 desultoriorum,
845 2419 880 2459 ao
898 2398 994 2459 tribus
1010 2399 1117 2459 turmis
1132 2400 1286 2480 peditum:
1308 2398 1462 2479 eidemque
1479 2418 1535 2458 ne·
1581 2406 1582 2479 ᾖ

338 2498 453 2580 gotium
466 2495 640 2579 explorandi
652 2496 727 2575 quid
740 2497 823 2557 circa
834 2495 948 2556 hostem
962 2504 1114 2577 gereretur
1127 2496 1286 2557 commisit.
1581 2492 1582 2505 ¹

380 2593 437 2656 Nil
453 2602 610 2655 cunctatus
629 2592 711 2653 Rosa
728 2592 888 2653 Miilenam
902 2612 934 2653 se
951 2591 1089 2667 contulit,
1108 2614 1144 2653 ac
1161 2593 1230 2655 istic
1248 2602 1278 2654 et
1290 2592 1531 2675 circumjacenti·

338 2691 672 2773 bnspagisoopiassnas
680 2689 843 2751 distribuit.
878 2688 1133 2770 Tutliugamverb
1142 2690 1329 2772 generalibus
1338 2689 1529 2751 insidendam

337 2789 469 2871 reliquit,
484 2796 586 2868 utpote
602 2786 756 2847 tormentis
770 2785 887 2847 bellicis
903 2784 1081 2866 reponendis
1096 2796 1316 2867 opportunam:
1336 2808 1393 2848 nec
1406 2786 1531 2849 deerant

338 2888 371 2948 in
384 2885 497 2947 vicinia
509 2884 581 2966 pagi
597 2903 652 2964 pro
669 2880 785 2963 reliquo
799 2902 889 2963 quem
906 2900 1008 2943 secum
1027 2881 1185 2944 trahebant
1201 2884 1348 2965 peditatu,
1361 2892 1392 2945 et
1410 2882 1527 2944 Rauso-

336 2985 428 3047 viano
439 2982 584 3064 equitatu.

379 3080 543 3142 Habebunt
559 3076 689 3140 Caesarei
703 3076 735 3137 in
751 3074 1107 3138 Gallo-Wimarieusibus
1120 3076 1225 3137 castris
1238 3095 1307 3137 suos
1318 3076 1524 3158 exploratores,

338 3177 391 3259 qui
412 3195 530 3237 omnem
548 3173 654 3233 militis
673 3170 914 3234 distributionem
933 3169 1090 3231 confestim
1103 3171 1241 3244 retulere,
1256 3191 1316 3253 qna
1328 3173 1446 3255 cognita
1459 3173 1525 3235 Cae·

338 3274 413 3335 sarei
427 3270 574 3355 vigesimo
588 3269 676 3330 tertio
696 3267 879 3330 Novembris
899 3266 1100 3349 Simeringam
1120 3279 1289 3344 moverunt,
1304 3269 1376 3331 belli
1393 3268 1486 3330 aleam
1500 3271 1525 3331 si

339 3369 456 3434 occasio
474 3369 565 3430 ferret
584 3366 748 3447 experturi,
764 3365 796 3425 in
815 3383 904 3443 quem
923 3362 1016 3424 finem
1034 3363 1250 3445 impedimenta
1268 3365 1370 3426 omnis
1385 3364 1416 3425 iu
1431 3374 1524 3427 tutum

339 3466 576 3529 transmiserunt.
631 3461 783 3533 Quoniam
810 3461 882 3522 verb
909 3460 1019 3542 aliquas
1047 3461 1142 3542 copies
1171 3460 1286 3522 tardius
1316 3461 1524 3534 adventabant,

339 3564 444 3625 eodem
460 3562 509 3623 die
522 3560 600 3621 nibil
617 3558 728 3621 confici
740 3559 837 3641 potuit
850 3568 937 3621 nocte
949 3560 1102 3622 irruente:
1125 3558 1157 3619 in
1168 3568 1321 3640 posterum
1334 3558 1435 3639 itaque
1447 3559 1522 3620 diem

340 3659 496 3741 pugnandi
509 3656 668 3719 consilium
680 3656 870 3731 distulerunt,
882 3655 934 3735 qui
948 3662 981 3716 ut
994 3654 1103 3732 illuxit,
1115 3656 1215 3718 visum
1228 3664 1272 3717 est
1285 3675 1338 3737 per
1347 3654 1448 3735 sylvas
1459 3676 1522 3738 pro-
