3225 4700
322 292 386 357 232
718 286 1120 356 ITINERARIUM.

323 461 412 502 onrsu
423 439 604 516 dubitarent,
615 438 779 522 Gallosque
788 440 1024 522 pertinacissime
1033 441 1115 502 urbis
1124 438 1273 502 obsidioni
1282 437 1437 499 insistere
1450 436 1558 499 vide·

321 545 399 611 rent,
412 536 533 598 tandem
547 536 695 599 boivibus
711 537 841 619 propriis
853 537 1039 599 deditionem
1057 535 1169 618 paoisei
1181 534 1328 616 compulsi
1341 543 1439 596 sunt.
1495 535 1558 595 Ac

321 631 392 694 lieet
404 632 501 694 omnis
515 631 600 694 miles
615 632 828 696 Praesidiarins
840 640 901 695 toto
913 633 1077 695 obsidionis
1088 641 1233 712 tempore,
1243 632 1300 692 snb
1312 632 1380 692 Dio
1392 640 1432 692 et
1448 630 1557 691 nudo

321 730 344 793 J
346 750 401 792 ove
422 738 525 792 noctes
545 730 687 813 exegerit,
707 728 927 811 fortissimeque
945 736 1050 790 eontra
1063 727 1169 790 Gades
1181 726 1374 810 pugnaverit,
1391 727 1555 808 pessime

320 836 421 887 tamen
439 825 459 887 b
477 824 593 887 civibus
611 834 819 887 remuneratus
837 834 893 901 est,
907 843 978 886 enm
990 832 1110 906 paratus
1124 822 1299 904 caeteroqui
1311 832 1395 884 esoet
1410 832 1448 884 et
1464 842 1552 884 san·

320 921 444 1003 guinem
467 921 566 1003 potius
585 922 737 1003 vitamque
757 941 849 1002 quarn
868 922 973 983 urbem
995 920 1131 995 reddere,
1155 920 1285 980 maxime
1308 938 1383 980 enm
1404 919 1550 980 videret

319 1018 472 1079 civitatem
491 1018 590 1080 adbuc
612 1019 652 1081 ed
672 1038 766 1080 unum
786 1017 875 1081 facile
895 1028 1027 1079 mensem
1045 1016 1294 1079 sufficientissimo
1309 1024 1466 1077 comeatu
1488 1016 1545 1075 in·

321 1122 474 1186 aunuum,
489 1123 679 1195 speraretque
693 1115 843 1196 suppetias
855 1115 888 1175 in
902 1113 1069 1194 propinquo
1082 1133 1155 1176 esse.
1197 1114 1236 1175 In
1250 1132 1377 1175 excessu
1390 1134 1435 1174 ex
1453 1114 1543 1174 urbe

319 1218 427 1291 praeter
439 1210 498 1271 tria
509 1218 657 1271 tormenta
671 1210 780 1273 bellica
792 1212 917 1292 majora,
932 1209 1034 1271 omnia
1045 1208 1162 1291 reliqna
1173 1210 1336 1273 victoribus
1351 1208 1464 1271 Gallis
1484 1230 1542 1273 re-

319 1305 454 1387 linquere
469 1306 520 1381 (an
535 1304 554 1367 a
567 1306 694 1379 ciuibus,
708 1326 746 1368 an
760 1308 798 1368 ab
813 1307 885 1387 ipsis
895 1304 1004 1381 Gallis,
1016 1305 1192 1387 ambigitur)
1202 1306 1298 1367 eoacti
1312 1314 1398 1381 sunt,
1411 1306 1433 1367 d
1447 1305 1537 1367 eivi-

319 1402 374 1463 bus
395 1402 428 1463 id
448 1400 561 1462 factum
581 1420 644 1463 esse
664 1402 741 1465 illnd
761 1411 939 1485 argumento
958 1410 1013 1477 est,
1036 1403 1119 1483 qnod
1138 1403 1223 1465 Galli
1243 1404 1305 1465 dno
1324 1410 1379 1465 ant
1400 1404 1467 1464 tria
1489 1424 1535 1465 ex

318 1496 482 1577 majoribus
495 1499 649 1560 tormentis
663 1519 730 1579 qua
742 1500 838 1581 Regis
850 1499 1067 1581 Hispaniarum
1079 1497 1211 1581 iusignia
1223 1497 1427 1578 praeferebant
1439 1496 1533 1557 ultro

318 1601 421 1673 postea
435 1592 576 1654 Duaenm
589 1594 734 1657 miserint.
777 1595 933 1675 Hispanus
942 1594 1027 1656 miles
1036 1595 1069 1655 in
1080 1595 1164 1656 exitu
1172 1614 1227 1655 suo
1237 1594 1383 1655 ducentos
1394 1613 1529 1675 qnoque

318 1688 342 1750 J
344 1710 455 1751 avenes
468 1689 508 1751 ad
520 1710 604 1753 arma
616 1691 740 1755 ferenda
751 1693 953 1762 maturrime,
966 1691 1081 1766 eduxit,
1097 1691 1151 1771 qni
1166 1689 1302 1752 Patriam
1316 1690 1526 1770 nativumque

320 1783 417 1845 solum
430 1785 565 1847 deserere
580 1787 758 1863 maluerunt,
770 1807 861 1869 quam
874 1787 1043 1850 dominatui
1057 1786 1215 1849 Gallorum
1228 1786 1348 1868 snbjioi.
1392 1784 1524 1846 Inoola·

320 1901 387 1942 rum
400 1880 608 1943 deliberationi
626 1904 699 1945 nnm
718 1885 791 1946 urbe
805 1884 898 1955 exire,
912 1903 951 1945 an
970 1883 1002 1944 in
1020 1902 1057 1945 ea
1068 1883 1228 1945 subsistere
1240 1882 1353 1945 vellent
1365 1881 1430 1943 duo
1442 1890 1521 1942 sunt

319 1996 435 2039 menses
449 1977 524 2039 dati.
566 1978 648 2041 Galli
663 1981 790 2043 devictae
804 1980 872 2041 nrbi
889 1980 951 2041 dno
966 1980 1111 2061 equitum,
1133 2000 1185 2041 sex
1197 1978 1333 2061 peditum
1346 1977 1445 2039 millia
1458 1997 1518 2058 pro

278 2155 282 2163 Ι
319 2072 459 2153 praesidio
471 2074 687 2155 imposuerunt,
701 2079 782 2139 cives
795 2097 899 2138 omnes
909 2096 980 2137 mox
992 2076 1083 2137 armis
1095 2075 1294 2148 nudaverunt,
1303 2094 1373 2155 qnoe
1386 2073 1515 2154 quidem

319 2189 431 2230 meroes
444 2169 607 2233 debebatur
619 2182 680 2234 tarn
695 2172 765 2235 fidis
777 2172 909 2234 bostium
921 2172 1051 2248 asseclis,
1066 2180 1100 2233 nt
1111 2171 1223 2252 quippe
1236 2170 1289 2250 qui
1308 2168 1443 2229 Domino
1455 2188 1513 2229 sno

319 2263 423 2326 fideles
437 2284 497 2325 nou
510 2266 638 2341 fuerant,
647 2269 797 2350 quomodo
811 2268 895 2331 erodi
907 2276 1046 2350 poterant
1054 2266 1147 2329 fidem
1160 2275 1328 2328 servaturos
1337 2265 1375 2326 iis
1384 2265 1437 2345 qui
1447 2284 1509 2326 non

319 2359 415 2423 multo
429 2371 499 2423 aute
511 2361 609 2426 hostes
623 2365 750 2428 fueraut

361 2455 441 2518 Hoee
459 2458 557 2520 subita
572 2469 602 2521 et
618 2460 707 2542 plane
723 2463 872 2545 insperata
888 2462 1018 2524 ciuitatis
1033 2457 1225 2544 expugmflb
1245 2457 1344 2520 Gsslllfl
1363 2477 1504 2540 mgnum

321 2549 476 2630 gaudium,
493 2549 638 2632 Hispanis
657 2563 762 2617 eontra
779 2555 907 2617 mnltnm
924 2553 1041 2616 laetum
1058 2555 1184 2637 peperit,
1204 2553 1422 2636 magnificeque
1443 2553 1504 2614 Pa-

323 2643 402 2707 risiis
414 2663 503 2726 super
515 2645 572 2708 bae
585 2647 711 2712 vietoria
723 2651 742 2713 b
755 2651 881 2713 summis
894 2649 1065 2732 infimisque
1077 2649 1293 2733 triumphatum
1306 2657 1359 2712 est.
