3225 4700
520 928 696 1004 CAPUT
722 929 862 1006 LXXI.

171 1134 227 1199 De
243 1133 334 1200 rebus
348 1136 430 1202 inter
448 1135 701 1202 Boio-Casurum
715 1149 747 1202 et
763 1135 1097 1201 Gallo-Wmurienses
1112 1128 1203 1193 Anno

484 1224 772 1305 nunonem.
783 1242 891 1327 pestis.

114 1485 126 1509 ,
159 1436 179 1494 .“
287 1474 289 1479 s
319 1395 338 1475 i
352 1410 1290 1508 AMmultotemporeGallo-WimariensesconjunctiHassicis

151 1497 168 1539 ’ἃ
195 1524 212 1598 f
255 1513 267 1600 3‘
369 1524 463 1606 copiis
473 1524 628 1584 inferiores
640 1523 741 1583 Rheni
756 1533 854 1604 partes
867 1521 1052 1582 infestarunt.
1076 1511 1289 1588 Paulatimque

116 1647 160 1675 w
192 1616 204 1699 ξ’
256 1641 280 1693 r
369 1621 433 1680 istis
453 1619 527 1681 locis
550 1631 734 1681 commeatus
749 1619 949 1692 decrescebat,
971 1617 1013 1678 ita
1033 1623 1067 1676 ut
1086 1614 1124 1674 de
1144 1603 1290 1671 mutandi

111 1721 157 1792 ‚J
192 1696 213 1772 'i
252 1750 268 1791 t*
279 1712 332 1802 ᾖ
369 1718 506 1791 statione,
523 1716 739 1779 transferendis
759 1715 819 1776 alio
835 1715 940 1775 castris
958 1713 1036 1774 serio
1049 1710 1140 1772 fuerit
1157 1707 1289 1789 cogitau-

106 1796 139 1877 {a
184 1850 229 1874 „-<
286 1818 308 1857 '¹
324 1834 336 1865 οΧ
370 1811 454 1873 dmn.
497 1813 564 1874 Nec
587 1833 670 1873 mora
683 1811 812 1873 ducibus
833 1813 903 1873 data
920 1822 990 1871 suut
1004 1807 1139 1890 imperia,
1157 1816 1191 1865 ut
1211 1803 1290 1863 mili-

86 1922 150 1970 tem
161 1930 217 1990 per
235 1910 351 1991 sylvam
369 1911 596 1994 Thuringicam,
612 1913 697 1992 qussi
710 1912 750 1973 ad
761 1911 851 1972 aliam
864 1907 1083 1990 expeditionem
1098 1903 1210 1964 iturum
1222 1920 1289 1981 pro-

88 2017 256 2076 moverent,
272 2027 342 2067 mox
362 2007 434 2069 verb
452 2007 572 2069 deflexo
587 2009 693 2070 itinere
710 2007 793 2069 recta
806 2007 844 2072 ,in
866 2002 1076 2075 Franconiam,
1094 2019 1155 2080 qua
1172 1997 1292 2079 patebat

88 2103 192 2165 aditus
214 2101 412 2169 effunderent,
456 2103 589 2186 Irruptio
609 2104 674 2166 haec
694 2114 729 2167 nt
748 2104 807 2166 fuit
829 2101 1035 2165 Franconibus
1055 2096 1227 2178 improvisa,
1249 2093 1292 2154 ita

88 2201 202 2280 panico
224 2211 308 2261 metu
331 2201 495 2282 plurimum
519 2203 732 2271 consternavit,
756 2213 787 2263 et
807 2200 900 2263 veluti
921 2199 990 2260 dato
1011 2196 1050 2258 ad
1074 2195 1178 2277 fugam
1202 2190 1290 2273 signo

89 2318 213 2379 paucos,
228 2297 280 2378 qui
295 2296 365 2359 hinc
380 2298 450 2360 inde
467 2298 498 2359 in
513 2299 599 2382 pagis
613 2309 643 2360 et
662 2299 782 2381 oppidis
795 2306 971 2381 supererant
984 2293 1120 2355 homines
1134 2287 1290 2352 confestim

89 2394 260 2474 dissipavit,
269 2395 349 2455 uude
360 2395 489 2455 viduatis
500 2396 567 2456 cive
577 2396 698 2466 finibus,
710 2397 831 2478 pervius
840 2396 898 2457 fuit
907 2393 1005 2455 hostili
1015 2391 1104 2452 militi
1115 2389 1190 2450 citra
1199 2385 1289 2448 ullam

90 2490 289 2551 resistentiam
305 2512 441 2552 accessus
457 2491 663 2553 Gamuudiam
679 2492 790 2567 Moeni,
806 2492 949 2565 Lohram,
965 2488 1250 2554 Flammersbacum‚
1262 2495 1292 2545 et

90 2587 152 2646 alis
175 2587 263 2668 plura
282 2588 382 2648 minus
404 2590 519 2649 munita
539 2589 615 2651 loca.
659 2591 743 2651 Hinc
763 2590 884 2672 gemini
908 2591 974 2650 vice
998 2582 1291 2662 Aschaffenburgum

91 2685 150 2745 sibi
170 2684 242 2745 dedi
261 2684 460 2766 postularunt,
477 2697 531 2748 aut
551 2687 597 2748 bis
615 2688 698 2749 mille
717 2688 843 2750 ducatos
861 2687 962 2769 pendi,
984 2686 1037 2747 sed
1058 2694 1197 2745 neutrum
1216 2678 1292 2740 obti-

90 2792 232 2856 nuerunt,
247 2782 421 2863 parantibus
435 2784 632 2865 septingentis
645 2784 706 2845 fere
720 2785 843 2845 armatis
857 2784 1071 2845 defensionem.

133 2880 273 2940 Turbatis
287 2878 367 2940 hunc
380 2879 410 2940 in
426 2881 549 2942 modum
564 2882 663 2954 rebus,
679 2902 749 2941 cum
766 2880 903 2941 Franciae
922 2879 1075 2941 orientalis
1090 2878 1164 2938 Dux
1178 2874 1294 2935 videret

90 2976 132 3037 ad
148 2975 355 3037 Gamundiam
374 2979 466 3037 sterni
481 2988 571 3059 ponte
590 2977 742 3053 Rhenum,
757 2989 787 3039 et
806 2978 957 3039 centurias
975 2977 1089 3057 aliquot
1107 2974 1242 3055 equitum
1261 2972 1292 3031 in

92 3075 219 3136 alteram
239 3076 337 3155 ripam
354 3076 518 3150 transiisse,
536 3076 589 3155 qui
608 3097 701 3159 pagos
720 3078 830 3157 passim
850 3076 1025 3156 diriperent,
1047 3072 1161 3155 placuit
1178 3072 1293 3151 episco-

93 3183 182 3254 patus
195 3172 322 3233 nomiua
336 3172 482 3233 adornare
495 3173 535 3233 ad
549 3174 698 3235 Comitem
713 3174 752 3235 de
767 3173 923 3236 Guebrian
944 3172 1137 3254 legationem,
1153 3171 1292 3249 misitque

93 3271 175 3331 viros
188 3269 312 3331 selectos
328 3269 496 3330 Dominum
511 3270 549 3332 de
564 3270 800 3332 Franckenstein
815 3269 965 3332 Colouelli
979 3271 1078 3331 locum
1093 3279 1254 3342 tenentem,
1266 3278 1296 3331 et

96 3367 265 3428 Dominum
282 3368 300 3426 a
318 3366 457 3441 Stadion,
473 3366 548 3428 duos
567 3367 640 3429 item
653 3367 786 3429 Comites
804 3368 842 3429 de
860 3367 1042 3450 Remlingen
1056 3379 1086 3428 et
1106 3368 1294 3444 Wolffskeel,

94 3464 148 3545 qui
167 3484 205 3524 ne
225 3464 311 3524 vacui
332 3473 550 3545 comparerent,
564 3466 696 3526 muneris
717 3465 783 3525 loco
802 3464 917 3546 aliquot
931 3466 994 3525 vini
1005 3465 1137 3547 plaustra
1155 3488 1224 3528 cnm
1242 3490 1295 3551 ge·

94 3580 203 3622 ueroso
219 3581 298 3641 equo
316 3560 399 3620 misit
422 3561 597 3643 rogavitque
621 3561 847 3623 indemnitatem
870 3562 984 3642 patriae.
1025 3563 1150 3625 Audivit
1170 3565 1294 3644 quidem

96 3658 207 3720 Comes
221 3658 258 3719 de
268 3656 422 3719 Guebrian
438 3657 562 3740 legatos,
578 3658 631 3718 sed
641 3658 756 3740 negatis
766 3658 991 3721 conditionibus
1005 3659 1114 3722 infecti
1126 3682 1156 3722 re
1170 3661 1293 3737 remisit,

97 3757 162 3817 vini
176 3778 226 3817 sex
246 3755 378 3837 plaustra
395 3756 540 3818 milit-ibus
554 3756 725 3838 diripienda
739 3758 832 3835 dedit,
849 3780 957 3839 equum
974 3758 1044 3818 vero
1058 3758 1113 3819 sibi
1129 3760 1208 3820 dono
1225 3761 1296 3821 mis·
