3225 4700
418 332 423 338 ’
497 335 897 411 ITINERARIUM.
1246 342 1310 410 276

113 483 146 538 te
160 481 370 560 premunitum
384 493 415 548 et
427 495 543 550 oratum
555 488 649 564 volui,
662 490 804 554 benevole
819 491 937 568 Iactor,
951 490 1070 554 silubet
1079 489 1304 574 petulsspraebe

112 591 214 648 sures,
227 585 257 639 et
270 577 383 662 dispice
395 583 464 663 quis
471 583 542 665 jure
555 584 707 670 indignari
720 587 823 669 possit,
837 607 933 670 egone
945 607 984 650 au
997 585 1170 650 adversarii.

583 759 830 824 APOLOGIA.

114 874 220 1028 EX
240 901 300 962 quo
318 903 356 945 ex
374 883 534 967 Hybaruia
551 888 583 950 iu
604 890 798 952 Germaniam
818 889 955 952 militiam
973 891 1112 952 sacerdos
1133 899 1299 965 secuturus,

95 1035 99 1042 .
200 974 366 1056 militesque
378 997 433 1060 pro
447 980 562 1043 ratione
579 989 672 1044 status
690 983 750 1044 mei
766 982 924 1065 adjuturus
940 981 1048 1062 pedem
1065 981 1170 1057 extuli,
1187 981 1253 1044 ridi
1266 982 1299 1042 iu

111 1067 204 1130 variis
216 1069 371 1133 itineribus
383 1073 534 1137 mirabiles
545 1077 655 1159 passim
668 1097 768 1139 rerum
786 1087 920 1154 eventus,
939 1087 1106 1158 temporum
1117 1077 1299 1139 vicissitudi-

109 1185 177 1242 nes,
191 1165 381 1249 facinoraque
393 1181 558 1234 memoratu
567 1172 674 1255 dignas
697 1192 765 1253 quaa
774 1191 846 1234 cum
854 1172 1155 1254 memoriaejuvanda
1165 1171 1255 1234 const
1263 1172 1296 1233 iu

110 1259 283 1323 aduersam
295 1283 362 1325 mea
375 1267 499 1346 sparsim
520 1268 745 1349 compilassem3
766 1268 875 1330 incidit
891 1269 1014 1331 taudem
1031 1268 1126 1330 libido
1142 1267 1297 1330 succisivis

108 1355 149 1416 ab
162 1354 230 1417 aliis
242 1361 486 1440 occupationibus
499 1361 592 1439 horis,
605 1365 660 1425 otii
670 1365 786 1427 vitandi
797 1364 896 1440 musi,
910 1364 942 1425 iu
952 1363 1122 1426 codiculum
1135 1362 1296 1425 ordinatim

108 1451 269 1533 redigendi
282 1463 312 1516 et
323 1456 355 1516 iu
369 1456 467 1519 lucem
481 1459 660 1541 evulgandit
683 1460 736 1541 qui
749 1460 891 1540 quoniam
903 1459 960 1520 iter
972 1479 1072 1521 meum
1082 1457 1298 1541 complecteba-

108 1555 159 1609 tur
173 1548 366 1613 Itinerariuru
380 1553 537 1636 appellavi.
578 1555 641 1617 Vix
654 1555 673 1617 d
685 1553 778 1636 proelo
790 1555 913 1631 abierat,
927 1575 996 1616 cum
1010 1575 1079 1617 ecee
1091 1555 1148 1617 tibi
1160 1553 1295 1614 homiues

107 1661 214 1723 parum
228 1645 338 1708 sinceri
351 1649 404 1710 sed
419 1649 513 1712 dolosi
522 1651 657 1713 libellum
667 1651 706 1712 ad
717 1671 765 1712 me
775 1650 956 1712 destinatum
970 1649 1134 1731 litterisque
1143 1649 1294 1711 inclusum

107 1737 314 1822 intercipiunt,
329 1743 487 1827 sigilloque
501 1755 588 1828 rupto
602 1746 777 1822 litterarum,
792 1755 898 1808 contm
904 1748 977 1829 jura
989 1746 1134 1829 gentium,
1146 1747 1292 1821 admunt,

106 1833 246 1918 lectoque
259 1838 340 1900 diras
352 1861 444 1922 quam
457 1862 527 1905 mox
540 1843 572 1904 in
586 1863 634 1905 me
647 1843 811 1925 expediunt
818 1842 994 1918 cdomnias,
1005 1841 1292 1924 pengssnlwmlffls

102 1929 225 2011 jaciunt
237 1933 364 1998 dicteria
376 1937 452 2000 salsa
460 1938 640 2022 insulsaque,
651 1959 720 2002 cum
729 1947 831 2001 tamen
840 1938 921 2020 ipsos
929 1957 987 2021 ego
995 1958 1052 2000 uec
1060 1937 1151 1998 verbo
1159 1937 1293 1999 lesem

105 2047 164 2088 nee
175 2027 266 2090 facto.
348 2051 351 2060 ·

148 2122 280 2188 Omnem
292 2146 364 2188 vero
376 2129 585 2192 controversia
599 2130 783 2192 occasionem
793 2139 824 2192 et
831 2129 1036 2192 calumniandi
1048 2148 1151 2192 ausam
1161 2129 1292 2211 arripue-

104 2226 178 2278 runt
188 2219 350 2284 adversarii
363 2223 424 2284 mei
436 2243 474 2285 ex
487 2223 547 2286 illis
559 2225 656 2287 verbis
670 2225 822 2288 Itinerarii
833 2225 893 2288 mei
906 2225 1013 2306 Cupite
1027 2224 1085 2286 IV.
1100 2225 1152 2286 ubi
1167 2224 1205 2287 de
1219 2224 1291 2306 Hy·

105 2313 212 2377 berula
224 2335 291 2401 ago.
321 2323 342 2356 ‘⁶
358 2318 471 2383 Incola
484 2319 680 2402 (Hyberuiae)
692 2323 730 2384 ab
743 2321 919 2384 liberalitate
932 2320 1115 2384 educationis
1128 2330 1159 2383 et
1170 2341 1288 2383 morum

106 2410 129 2443 ‘⁴
142 2412 353 2488 commendati,
368 2412 426 2474 nisi
439 2414 520 2495 quod
533 2415 678 2476 bonorum
692 2434 813 2476 suorum
827 2414 887 2476 siut
899 2414 1028 2496 prodigi,
1041 2424 1073 2475 et
1085 2413 1188 2496 gloriae
1196 2433 1288 2496 appe-

105 2506 128 2541 “
142 2505 311 2583 teutissimi,
326 2508 379 2589 qui
392 2509 463 2571 lieet
476 2510 595 2572 Litteris
607 2531 666 2572 uon
680 2511 723 2573 ita
735 2509 847 2572 exculti
860 2517 941 2582 suut,
954 2510 985 2569 iu
999 2509 1060 2571 fide
1075 2520 1175 2571 tamen
1188 2509 1288 2571 ortho-

104 2602 128 2636 “
141 2598 222 2662 doxi
235 2601 316 2665 firmi
329 2613 360 2665 et
369 2604 497 2677 stabiles,
508 2616 674 2667 exterorum
685 2616 715 2667 et
725 2605 855 2667 maxime
865 2605 996 2667 virorum
1010 2604 1287 2667 Ecclesiastioorum

104 2698 127 2731 ‘⁴
140 2706 273 2761 amantes
285 2721 293 2759 ε
326 2720 363 2761 ex
384 2699 556 2782 Auglorum
577 2700 756 2762 commercio
781 2699 902 2762 dedocti
927 2707 998 2761 suut
1022 2700 1179 2781 pristinam
1203 2699 1286 2762 illam

102 2795 126 2831 “
140 2792 328 2871 BarbarIem,
342 2815 434 2875 quam
448 2796 481 2858 S.
496 2796 671 2859 Bernartius
682 2795 859 2859 clarevallis
877 2796 981 2858 Abbas
995 2796 1028 2857 iu
1044 2796 1109 2858 ritu
1123 2796 1285 2859 Malacbioe

102 2892 125 2925 “
140 2888 366 2953 Ultouiensibus
378 2892 547 2973 exprobrat,
559 2892 673 2967 diceus,
687 2892 765 2953 sicut
776 2891 868 2973 piscis
880 2891 913 2952 iu
926 2890 1002 2952 mari
1015 2911 1076 2952 non
1088 2892 1166 2972 sapit
1177 2891 1281 2970 salem,

102 2988 124 3021 “
135 2984 180 3046 ita
191 2984 368 3063 Malachiae,
383 2987 462 3049 inter
475 2987 625 3049 Barbaros
639 2988 743 3065 (idest
756 2988 960 3064 Ultouieuses,
973 2988 1052 3049 inter
1065 3007 1139 3068 quos
1154 2988 1282 3050 Archia·

102 3083 125 3118 ‘⁸
137 3080 277 3163 pisoopus
292 3083 460 3145 Ecclesiam
472 3084 562 3159 rexit)
571 3084 685 3145 nullam
699 3084 864 3147 barbariem
878 3084 978 3160 traxit,
993 3083 1085 3146 &c=''

6 3231 11 3249 ,
142 3177 181 3237 In
203 3178 312 3258 quibus
333 3178 431 3241 verbis
450 3179 526 3240 duos
544 3177 618 3241 mibi
638 3180 805 3261 appingunt
823 3198 958 3240 enormes
975 3197 1089 3241 omres
1107 3178 1281 3257 adversarii,

7 3256 11 3274 ’
100 3294 207 3347 uuum,
222 3276 304 3355 quod
321 3276 421 3337 dicam
445 3272 605 3355 Hybernos
621 3274 790 3358 Anglorum
810 3274 988 3337 commercio
1003 3274 1218 3338 humanitatem
1234 3275 1281 3337 iu·

100 3368 209 3431 duisse
248 3371 405 3433 Alterum:
427 3390 475 3433 me
490 3369 681 3435 Ultouieuses
694 3372 836 3434 barbaros
848 3371 991 3433 vocitasse
1003 3371 1095 3453 idque
1107 3391 1144 3433 ex
1157 3372 1191 3434 S.
1204 3372 1282 3435 Ber·

98 3465 189 3527 nardi
201 3485 262 3527 non
275 3487 343 3528 meo
356 3488 453 3530 sensu.
497 3467 662 3548 Utriusque
675 3468 830 3530 veritatem
842 3467 982 3548 quoniam
996 3466 1038 3528 ita
1050 3466 1153 3529 volunt
1165 3467 1280 3550 impru-

99 3559 204 3622 dentes
218 3560 463 3645 impudeutesque
480 3563 568 3635 Zoili,
584 3563 638 3643 qui
655 3564 768 3625 nodum
785 3564 818 3623 in
836 3562 934 3644 scirpo
950 3572 1099 3643 querunt,
1112 3564 1277 3639 ostendam,

99 3664 133 3716 ut
144 3654 249 3718 saltem
262 3657 384 3720 rideant
396 3658 506 3722 oculati
519 3669 550 3721 et
561 3658 684 3721 minime
696 3658 857 3741 passiouati
874 3658 1014 3721 lectores
1028 3678 1120 3741 quam
1133 3658 1236 3740 inique
1247 3666 1280 3720 et

11 3824 21 3849 ι
99 3750 246 3815 malitiose
258 3761 363 3816 oontm
374 3774 423 3817 me
437 3756 603 3837 insurgant.
