3225 4700
1518 917 1909 994 CAPUT
1978 916 2220 994 LIII.

674 1080 1056 1170 Pace—'ficatio
1090 1080 1527 1148 Leodt‘emium
1563 1100 1703 1147 cum
1750 1080 2146 1149 Sereni-ssime
2188 1079 2518 1167 Principe,
2566 1075 3107 1143 Eminentissimo·

1241 1206 1355 1271 que
1380 1181 1678 1248 Ekctore
1712 1182 2059 1250 Coloniensi
2090 1181 2510 1248 Ferdinando.

711 1344 818 1424 „²³
870 1360 919 1440 {³
934 1388 939 1392 '
976 1348 1043 1400 'ff'
1039 1360 1175 1508 “⁵33³
1208 1375 1709 1439 RMAVERAT
1724 1379 1940 1440 iterum
1961 1377 2227 1460 insignes
2241 1375 2444 1458 copias
2461 1371 2930 1436 serenissimus
2946 1369 3107 1430 Elec·

710 1461 766 1536 ζ..
794 1460 802 1480 ¹
842 1516 850 1532 1
878 1412 1175 1609 &A
1234 1483 1326 1536 tor
1351 1474 1750 1549 Coloniensis,
1768 1477 2019 1557 Jamque
2044 1474 2286 1536 hostiles
2317 1473 2528 1553 copias
2569 1478 2806 1532 contra
2837 1467 3103 1530 refracta·

758 1645 770 1657 .
858 1605 930 1665 Q„
1019 1653 1023 1657 Ι
1051 1556 1178 1621 ’-’-’
1234 1573 1354 1632 rios
1378 1572 1492 1633 sibi
1530 1574 1888 1635 Leodienses
1913 1573 1979 1633 in
2012 1592 2293 1653 campum
2330 1571 2709 1641 educturum,
2748 1575 3105 1644 cruentaque

738 1657 742 1669 '
862 1605 999 1753 ’ῃ
934 1733 936 1735 ,
963 1733 988 1749 „.
1071 1713 1075 1721 .
1055 1645 1151 1725 “·“ῗ
1233 1685 1401 1727 arma
1435 1667 1825 1730 tumultuanti
1860 1666 2093 1730 civitati
2128 1666 2408 1727 illaturus
2442 1672 2629 1738 (ιι-αις
2678 1681 2829 1722 cum
2866 1658 2957 1721 illi
2991 1678 3103 1717 me-

870 1765 910 1785 Ἠ
963 1757 967 1761 ’
1059 1757 1179 1804 '0⁴
1230 1780 1428 1823 mores
1470 1763 1857 1843 pristinarum
1906 1761 2315 1823 calamitatum
2364 1760 2403 1820 a
2445 1759 2500 1821 J
2502 1780 2720 1821 oanne
2768 1758 2850 1819 de
2898 1751 3101 1814 Werth

679 1806 928 1939 aliisque
959 1857 1235 1920 Ducibus
1261 1878 1382 1919 non
1410 1859 1498 1920 ita
1529 1859 1764 1939 pridem
1800 1858 1948 1920 illuc
1981 1857 2198 1933 missis,
2235 1877 2694 1939 perpessarum,
2733 1850 3092 1916 concludunt

682 1974 810 2016 rem
838 1955 1039 2036 potius
1068 1953 1462 2035 quietioribus
1495 1955 1692 2017 modis
1725 1973 2107 2036 componere,
2148 1953 2398 2015 mittunt
2432 1954 2640 2036 igitur
2667 1953 2755 2014 ad
2791 1945 3100 2012 Serenissi-

682 2069 848 2110 mum
878 2047 1220 2114 Electorem
1248 2049 1670 2113 Coloniensem
1697 2051 2228 2113 clementissimum
2257 2051 2611 2113 Dominum
2630 2068 2843 2122 suum,
2866 2052 3090 2126 petunt·

683 2166 803 2227 que
829 2146 1181 2228 suppliciter
1218 2146 1561 2209 rebellionis
1603 2146 1868 2219 veniam,
1903 2167 2089 2228 quam
2128 2147 2179 2210 si
2215 2147 2585 2229 polliceatur
2624 2166 2744 2208 sua
2782 2140 3092 2208 Sei-cuitus,

686 2242 986 2324 spondent
1020 2243 1451 2321 subjectionem
1481 2252 1543 2315 et
1578 2263 1818 2306 omnem
1845 2243 2200 2307 fidelitatem
2225 2264 2365 2327 quoe
2390 2245 2683 2307 subditos
2713 2252 2778 2305 et
2802 2239 2896 2304 sui
2924 2236 3092 2299 Prin·

685 2338 840 2422 cipis
885 2348 1153 2403 amantes
1198 2341 1428 2405 deceat.
1535 2340 1963 2407 serenissimus
2011 2341 2256 2405 Elector
2302 2341 2414 2406 etsi
2454 2341 2740 2404 multum
2783 2334 3093 2401 rebellione

686 2434 979 2499 insolente
1004 2437 1486 2502 turbulentorum
1514 2440 1896 2520 quorundam
1920 2439 2236 2502 hominnm
2260 2449 2417 2502 esset
2444 2439 2745 2507 offensus,
2785 2433 3086 2510 mediaque

691 2533 757 2594 in
793 2544 1077 2615 promptu
1112 2533 1456 2609 habivisset,
1491 2536 1850 2601 vindicandi
1881 2535 2113 2600 illatam
2149 2536 2264 2600 sibi
2298 2536 2617 2619 injuriam,
2658 2532 2879 2597 maluit
2901 2540 3087 2590 tamen

692 2629 1125 2707 moderatione,
1154 2651 1341 2713 quam
1366 2631 1747 2696 vehementia
1776 2654 1903 2695 rem
1931 2654 2170 2696 omnem
2196 2634 2565 2711 discernere,
2594 2641 2661 2694 et
2697 2651 2809 2713 pro
2833 2623 3087 2707 ingenita

689 2725 1062 2808 benignitate
1088 2727 1326 2810 ignovit
1361 2730 1823 2811 deprecantibus
1861 2731 2170 2807 delictum,
2207 2732 2494 2813 pacisque
2534 2725 2989 2793 conditionibus
3021 2716 3086 2779 li-

693 2824 903 2886 benter
927 2825 1296 2907 subscripsit.
1338 2826 1480 2899 Quo
1505 2827 1733 2889 nuncio
1758 2827 1883 2889 loeti
1908 2828 2199 2910 primores
2218 2828 2476 2890 civitatis
2497 2838 2911 2910 opportunum
2931 2818 3077 2879 diem

693 2919 1019 2996 destinant,
1058 2941 1182 3003 quo
1216 2931 1342 2984 tota
1376 2922 1590 2985 civitas
1625 2924 1984 3007 gaudiorum
2019 2925 2188 2986 frena
2226 2925 2409 2995 laxet,
2444 2924 2569 2987 fuit
2604 2926 2658 2984 is
2687 2928 2938 3003 quartus
2962 2912 3078 2974 dies

695 3018 742 3079 J
746 3017 855 3079 ulii
888 3038 1012 3099 quo
1057 3019 1222 3101 pacis
1255 3020 1509 3081 nuncios
1545 3041 1655 3101 per
1695 3030 1884 3082 totam
1926 3021 2136 3082 urbem
2178 3021 2517 3098 dimittunt,
2569 3032 2643 3082 ut
2691 3019 2774 3081 ad
2821 3012 3068 3078 buccinoe

694 3134 908 3176 sonum
936 3115 999 3175 in
1028 3116 1305 3177 omnibus
1332 3116 1499 3178 urbis
1522 3117 1739 3197 plateis
1766 3137 1973 3198 pacem
2001 3117 2389 3200 proclament.

778 3210 1118 3273 Audierant
1144 3211 1485 3295 Evangelos
1511 3213 1756 3288 summi,
1786 3213 2179 3287 medioxumi,
2206 3214 2425 3291 infimi,
2453 3236 2567 3297 per
2592 3222 2783 3276 totam
2802 3210 2915 3270 late
2933 3200 3065 3265 civi·

700 3313 906 3379 tatem,
936 3319 1162 3385 quanto
1189 3328 1327 3369 cum
1355 3308 1583 3370 laetitiae
1611 3330 1789 3370 sensu
1816 3329 1992 3371 nemo
2017 3309 2215 3388 facile,
2245 3313 2363 3374 nisi
2389 3314 2494 3394 qui
2525 3309 2774 3384 viderit,
2800 3304 3068 3382 scripturo

696 3399 924 3461 credat.
1010 3402 1235 3465 Nullus
1261 3405 1466 3485 sejam
1496 3406 1663 3466 domi
1691 3406 1998 3468 continere
2020 3415 2270 3488 poterat,
2298 3408 2694 3473 effundebant
2719 3425 2779 3469 se
2806 3401 3059 3462 civesca-

699 3496 979 3558 tei-vatim
1004 3496 1068 3558 in
1089 3499 1422 3579 publicum,
1453 3501 1726 3563 omnium
1753 3503 2045 3565 bonorum
2073 3526 2389 3567 commune
2417 3516 2545 3569 erat
2577 3502 2883 3589 gaudium,
2917 3508 3057 3553 oom-

700 3593 900 3655 munis
936 3592 1245 3670 festivitas,
1283 3618 1490 3659 omnes
1524 3598 1601 3659 de
1638 3618 1808 3680 pace,
1848 3600 1924 3661 de
1964 3600 2278 3663 mitissimo
2311 3623 2419 3665 suo
2456 3602 2766 3681 Principe,
2801 3595 2874 3657 de
2904 3601 3060 3648 vema

699 3689 915 3751 erroris
941 3692 1556 3770 sermocinabantur,
1540 3696 1613 3756 iis
1646 3695 1788 3759 solis
1816 3698 2100 3780 exceptis,
2142 3700 2359 3780 quibus
2386 3699 2603 3782 volupe
2639 3703 2764 3757 erat
2789 3687 3056 3752 turbatam
