3225 4700
494 361 519 427 I
525 360 813 429 TINERARI
819 360 904 427 UM.
1227 366 1291 433 349

131 515 194 589 Qui
208 536 279 579 cum
290 524 425 599 optatum
432 516 528 579 sortiti
537 525 636 579 esseut
644 516 786 579 effectum
796 526 827 579 et
836 517 966 581 subrutis
976 518 1095 581 moeniis
1105 516 1293 599 praemuniis-

95 625 164 675 sent
182 612 279 675 latum
300 614 332 674 in
355 614 458 675 urbem
480 615 607 688 aditum,
632 614 778 695 impetum
802 615 973 677 obsidentes
995 617 1180 678 adornarunt
1200 614 1296 677 multa

94 731 219 773 snorum
233 722 351 793 strage:
373 711 483 773 obsessi
499 708 581 770 enim
593 708 718 770 interius
730 708 838 769 rimam
848 710 1055 771 obstruxerant
1063 730 1192 792 cumque
1202 708 1295 771 hostis

95 808 274 884 incurreret,
289 807 441 889 dispositis
454 807 527 868 hinc
542 805 614 867 inde
631 804 837 887 presidiariis,
858 805 1016 867 durissime
1031 816 1210 889 acceperuut
1219 829 1230 884 3
1251 806 1295 869 ita

94 914 129 966 ut
147 908 215 965 150.
229 906 400 981 straverint,
414 903 584 984 multosque
597 903 715 964 saucios
728 904 908 965 remiserint.

137 1001 292 1063 Inciderat
305 1001 371 1063 burc
383 1001 501 1064 obsidio
515 1002 546 1062 in
567 1020 702 1062 mensem
720 1000 744 1061 J
745 999 907 1063 anundum
924 1002 1019 1063 Anno
1037 1000 1293 1065 M.DO.XLIII.

94 1099 208 1181 frigore
221 1109 251 1161 et
268 1098 380 1181 pluviis
396 1118 540 1180 perquam
559 1096 796 1172 incommodum,
812 1098 892 1159 nude
911 1096 1021 1158 lentids
1039 1098 1179 1178 opinione
1192 1120 1294 1179 proce·

94 1197 209 1257 debant
220 1196 385 1257 obsidionis
398 1195 562 1258 molimina.
604 1194 744 1255 Dabatur
756 1195 870 1256 interea
883 1214 966 1257 mora
974 1194 1121 1257 Ooesareis
1133 1195 1173 1256 ad
1183 1216 1293 1258 novam

94 1292 318 1373 expeditionem
330 1292 552 1374 suscipiendam
563 1314 575 1369 3
596 1292 650 1373 qui
663 1292 746 1372 quod
759 1312 791 1353 se
803 1292 941 1353 Pilsnam
954 1292 1126 1367 movissent,
1141 1313 1243 1355 rumor
1257 1294 1296 1355 ad

93 1390 269 1451 obsidentes
280 1389 400 1464 tulerat,
415 1391 502 1471 cujus
513 1389 558 1451 rei
574 1387 786 1450 certitudinem
799 1402 837 1449 nt
849 1388 1016 1470 exploraret
1030 1387 1294 1461 Dorstansohnius,

94 1506 169 1547 cum
183 1486 337 1567 praecipuo
354 1486 490 1566 equitatu
502 1505 606 1547 versus
618 1493 734 1547 montes
746 1484 890 1558 excurrit,
900 1486 954 1547 sed
966 1484 1050 1547 aliud
1063 1504 1122 1546 uon
1141 1485 1294 1567 cognovit,

94 1584 191 1663 qndm
204 1584 287 1663 quod
301 1582 433 1645 Caesarei
445 1583 476 1643 in
492 1583 552 1644 suis
565 1604 597 1643 sa
611 1581 788 1643 stationibus
801 1581 914 1663 optime
923 1582 1047 1644 munitis
1056 1582 1242 1645 continerent
1255 1586 1295 1646 ad

94 1700 264 1760 quoscum
284 1699 438 1741 accessum
460 1680 578 1741 nullum
600 1678 768 1761 reperisset,
789 1678 830 1741 ad
857 1678 1042 1741 obsidionem
1068 1700 1205 1743 reversus
1231 1692 1294 1751 est;

95 1796 239 1857 cumque,
253 1796 291 1836 ne
301 1777 362 1857 qud
373 1776 451 1839 forte
464 1776 642 1839 solutionem
656 1776 822 1839 obsidionis
831 1785 981 1839 tentarent
988 1774 1129 1850 Caesarei,
1141 1786 1295 1849 metueret,

95 1894 204 1955 operas
223 1874 401 1956 duplicavit,
416 1875 561 1955 rebusque
576 1874 716 1936 omnibus
733 1873 894 1955 dispositis,
910 1872 1080 1955 generalem
1098 1872 1242 1954 impetum
1262 1875 1294 1935 in

95 1971 279 2053 vigesimum
288 1981 429 2053 quartum
440 1971 582 2033 Januarii
590 1972 701 2033 indixit
710 1992 721 2045 3
742 1970 988 2051 seinterequites
998 1970 1183 2052 promulgari
1191 1972 1294 2051 jussit,

95 2078 142 2142 ut,
157 2068 183 2129 si
198 2068 250 2149 qui
265 2080 374 2143 essent,
389 2068 442 2148 qui
455 2088 510 2149 pro
528 2069 653 2149 praemio
664 2067 756 2129 simul
773 2067 924 2129 incurrere
938 2066 1059 2141 vellent,
1074 2068 1200 2148 tempori
1214 2088 1295 2130 com-

98 2177 249 2247 parerent
287 2165 529 2247 Ccmparuerunt
544 2166 606 2227 duo
622 2166 746 2228 omnino
765 2164 872 2237 millia,
892 2185 928 2225 ex
945 2164 993 2239 iis,
1011 2164 1064 2245 qui
1081 2184 1226 2244 equorum
1243 2165 1295 2226 de-

97 2263 182 2324 fectu
201 2263 318 2344 pedites
337 2262 527 2333 incedebant,
548 2281 677 2342 quornm
695 2280 855 2323 numerum
876 2269 1005 2341 quatuor
1024 2260 1119 2322 millia
1139 2260 1296 2323 excessisse

99 2361 241 2422 credunt.
279 2361 342 2422 Sed
359 2359 492 2422 camilla
513 2360 578 2422 dies
595 2359 746 2422 continuis
762 2358 874 2440 pluviis
892 2369 968 2420 esset
982 2357 1107 2432 lubrica,
1122 2358 1251 2440 impetus
1262 2359 1295 2420 in

96 2458 184 2520 aliud
196 2469 314 2539 tempus
327 2458 438 2520 dilatus
450 2467 505 2519 est.

140 2555 341 2617 Advsnsrunt
354 2576 414 2617 aon
430 2554 527 2617 multb
539 2566 606 2636 post
620 2553 860 2616 Castrianorum
874 2571 982 2614 novem
995 2552 1129 2633 equitum
1145 2552 1251 2628 millia,
1265 2564 1296 2614 et

97 2652 236 2734 peditum
255 2653 390 2734 quinque
411 2652 536 2714 omnino
557 2650 654 2712 millia
661 2673 672 2726 3
693 2648 748 2712 hus
772 2651 873 2731 copias
897 2660 932 2710 ut
954 2660 1171 2730 conspexerunt
1193 2649 1294 2723 Succi,

98 2749 246 2812 continub
272 2749 458 2812 obsidionem
479 2748 642 2822 solverant,
665 2767 794 2828 cumque
817 2757 955 2810 notarent
979 2741 1179 2810 Caesariornm
1202 2751 1294 2813 iuter-

97 2857 193 2907 ventu
204 2847 322 2908 succidi
331 2867 368 2908 ex
379 2846 529 2908 Bobemia
538 2854 750 2920 commeatum,
762 2845 803 2906 ad
812 2844 916 2906 Albim
926 2847 1073 2928 progressi
1083 2855 1163 2908 runt.
1194 2846 1293 2920 Quem

97 2953 190 3026 ponta
203 2955 382 3018 straverant,
397 2954 431 3006 ut
439 2942 531 3006 militi
543 2963 583 3006 ex
596 2952 721 3021 utraque
733 2952 818 3022 parte
832 2941 994 3023 pabulandi
1008 2942 1095 3008 fieret
1107 2943 1204 3026 copis.

141 3041 213 3104 Hac
232 3042 421 3124 expeditione
439 3040 566 3103 feliciter
585 3040 722 3102 confecta
744 3039 968 3101 Picolomineus
988 3040 1007 3100 d
1027 3039 1175 3102 Caesareis
1190 3040 1294 3103 castris

98 3139 253 3209 dimissus,
265 3139 297 3200 iu
313 3137 457 3221 Belgium
472 3137 621 3219 profectus
634 3148 688 3213 cst,
705 3137 858 3219 Hispanus
879 3137 979 3220 copias
998 3137 1144 3200 ducturus
1161 3138 1192 3200 in
1207 3139 1294 3219 cujus

98 3237 199 3298 locum
214 3237 359 3298 Galaesus
371 3245 416 3298 est
428 3236 613 3298 substitutus.
