3225 4700
519 328 915 397 rurnssssroru.
1247 331 1302 396 roi
1338 299 1342 316 '

72 490 202 538 omem
221 484 372 561 coligeret,
388 480 569 562 ulteriusque
587 504 795 566 progressurus
811 492 893 560 crat3
914 504 985 545 oum
998 482 1069 545 verb
1087 482 1203 543 videret
1220 500 1303 562 mag·

75 591 180 635 num
199 576 264 637 suis
275 578 479 659 progressibus
493 599 602 659 ponere
615 580 863 660 impedimentum
877 579 1096 653 Fontsrabiam,
1106 578 1198 639 srmis
1210 578 1304 658 impe·

75 676 165 733 tere
185 682 220 733 et
232 694 404 756 expugnare
417 684 495 737 sture
509 676 620 739 statuit.
661 676 736 737 'l'oto
749 676 843 757 igitur
856 696 926 739 cum
939 677 1082 750 exercitu,
1095 675 1177 736 omni
1191 674 1224 735 in
1237 693 1303 734 cem

78 787 168 829 rem
185 770 317 833 subsidii
329 791 438 852 genere
451 771 607 848 instructo,
621 772 775 835 civitatem
788 774 885 855 cingit
897 788 928 835 et
940 773 1003 834 acri
1014 772 1168 834 obsidione
1181 770 1302 851 premit,

80 884 206 945 eoque
222 867 288 948 jam
307 886 480 949 progressus
495 868 592 930 fueret
614 869 722 950 purtim
743 869 847 950 ignitis
869 868 1025 943 machinis,
1045 868 1154 949 partim
1171 866 1303 927 militum
1404 890 1409 899 =

82 957 270 1036 industrii,
286 972 321 1026 ut
334 964 560 1046 propugnacula
574 964 689 1045 aliquot
704 965 784 1027 certi
800 986 852 1047 spe
865 986 897 1027 se
909 966 1042 1027 obtinere
1055 973 1181 1046 putaret.
1222 961 1303 1024 Cum

81 1058 182 1119 verb
196 1059 231 1120 id
253 1059 385 1139 Hispani
398 1060 546 1136 viderent,
561 1060 710 1141 probeque
728 1070 941 1144 cognoscerent
957 1070 1069 1143 quanto
1088 1061 1121 1121 id
1134 1059 1227 1134 urbis,
1240 1058 1302 1119 imb

83 1154 201 1217 totins
219 1154 333 1217 Patrius
347 1157 457 1219 dsmno
472 1157 608 1219 futurum
626 1167 711 1234 asset,
725 1157 864 1219 omnibus
878 1157 992 1218 viribus
1006 1165 1111 1218 contra
1124 1156 1181 1217 niti
1192 1164 1302 1217 statue·

84 1262 180 1313 runt
191 1273 201 1311 ε
223 1253 277 1314 Ad
290 1252 457 1315 octodecim
467 1254 566 1334 itsque
580 1253 676 1316 millis
687 1253 865 1315 selectorum
874 1253 1005 1315 militnm
1018 1253 1050 1313 in
1065 1252 1194 1314 Francia
1206 1261 1304 1313 casim

82 1348 255 1424 educunt,
270 1370 305 1411 uc
319 1349 445 1430 septimo
464 1350 647 1430 Septembris
665 1352 742 1426 (erat
754 1350 780 1411 is
794 1349 884 1411 Nstae
903 1350 1024 1411 Msnrs
1037 1349 1173 1431 Virginis
1190 1348 1302 1429 pridic-

86 1448 177 1522 nus)
193 1454 279 1507 tanto
289 1446 402 1527 impetu
418 1444 535 1507 bostem
548 1446 595 1507 sui
609 1446 751 1527 propositi
764 1455 794 1507 et
810 1442 945 1507 stationis
959 1445 1183 1507 tenacissimum
1195 1465 1302 1528 aggre-

88 1542 247 1617 diuntur,
261 1550 296 1603 nt
308 1542 433 1603 confuso
445 1542 575 1622 primum
588 1544 735 1604 exercitus
743 1542 860 1617 ordine,
871 1552 936 1603 tum
946 1542 1047 1603 multis
1059 1543 1190 1605 militum
1204 1541 1300 1615 cussis,

90 1658 178 1699 eum
192 1638 316 1699 tandem
326 1640 358 1699 in
371 1639 473 1721 fugem
484 1637 656 1701 effuderint.
688 1638 907 1721 Sempiternsm
918 1640 1038 1702 laudem
1048 1640 1105 1701 boc
1114 1640 1147 1700 in
1156 1638 1302 1701 conflictu

91 1735 189 1811 tulit,
207 1734 339 1797 Senioris
356 1734 509 1815 Principis
528 1735 675 1799 Generosi
692 1735 831 1797 Parentis
850 1734 989 1810 Gondaei,
1009 1755 1071 1795 non
1088 1734 1243 1814 degeneris
1256 1754 1302 1795 so-

90 1830 187 1893 bolis
201 1831 291 1913 legio,
304 1850 372 1912 quse
385 1839 448 1893 tam
460 1832 577 1893 fortiter
589 1850 621 1893 se
635 1830 782 1913 Hispanis
793 1830 965 1912 opposuisse
980 1830 1103 1905 dicitur,
1117 1839 1151 1889 ut
1163 1829 1222 1890 nisi
1234 1829 1302 1891 alise

94 1928 179 1991 dues
194 1928 353 2010 legiones,
368 1926 610 1989 Msillersidisns
620 1927 736 1989 scilicet
749 1937 780 1989 et
789 1927 894 2003 ultera,
909 1946 999 2007 quem
1013 1926 1052 1987 da
1065 1945 1176 1987 corona
1187 1925 1300 1985 vocito-

95 2026 192 2101 bant,
208 2026 240 2087 in
254 2024 358 2107 iugum
370 2023 522 2098 abiissent,
531 2024 624 2086 dubio
635 2022 741 2105 procul
750 2023 835 2085 irrito
844 2034 954 2085 conatu
968 2042 1028 2085 non
1042 2022 1107 2083 sins
1120 2021 1216 2083 multo
1227 2022 1302 2083 His-

95 2140 258 2201 pariorum
274 2121 420 2203 sunguine
437 2122 639 2183 recedendum
656 2120 770 2183 fuisset.
815 2119 885 2181 Hoc
899 2120 932 2179 in
944 2120 1106 2202 congressu
1118 2118 1158 2179 sd
1172 2118 1302 2199 quodra-

98 2218 197 2299 ginta
207 2216 314 2279 Franci
328 2216 444 2279 nobiles
456 2217 601 2279 occidisse
614 2216 767 2279 dicuntur.
807 2215 1060 2297 Arcbiepiscopus
1071 2215 1303 2299 Burdogalansis

98 2322 137 2378 st
153 2312 321 2396 Episcopus
336 2312 521 2376 Arelatensis
540 2313 605 2395 (qui
619 2312 725 2378 melius
742 2312 859 2376 calamo
873 2321 903 2374 et
915 2312 1053 2395 precibus
1066 2322 1170 2377 contra
1181 2313 1302 2395 spiritu·

99 2411 169 2472 ales
182 2411 281 2474 bostes
294 2409 439 2472 Ecclesiae
453 2412 648 2492 pugnassent)
661 2412 741 2492 tegre
754 2409 832 2472 salvi
844 2423 1010 2472 evaserunt.
1044 2409 1196 2472 Condaeus
1209 2410 1302 2471 Prin·

100 2529 180 2590 ceps
193 2509 241 2570 vir
253 2507 392 2570 militsris
404 2516 436 2569 et
452 2506 483 2567 in
498 2506 602 2589 pugni
618 2506 675 2568 hue
690 2507 816 2589 primus,
831 2527 909 2586 equo
923 2507 1051 2568 fluvium
1065 2509 1206 2579 manavit,
1220 2527 1256 2567 ac
1269 2527 1302 2568 se

100 2605 172 2670 und
185 2625 255 2666 cum
268 2603 432 2667 Cardinsle
445 2604 484 2665 de
500 2603 531 2664 la
543 2603 671 2679 Valette,
686 2603 805 2666 Comite
823 2603 1015 2677 Grsmmont,
1030 2603 1208 2665 Marchione
1220 2604 1259 2665 de
1273 2602 1303 2666 la

102 2702 216 2775 Force,
232 2699 410 2762 Mercbione
423 2699 461 2760 de
476 2699 586 2774 Gente,
599 2699 724 2778 eliisque
738 2699 888 2780 Bajonam
901 2700 1032 2760 retraxit.
1075 2700 1252 2762 Oconbnere
1264 2721 1302 2762 ax

102 2796 257 2860 militibus
269 2795 351 2858 mille
364 2795 523 2878 quingenti
535 2795 666 2870 circiter,
681 2794 839 2876 quingenti
852 2795 942 2876 capti,
956 2806 1103 2858 tormenta
1118 2796 1227 2858 bellice
1238 2816 1302 2857 ma-

97 2896 176 2976 jora
189 2893 313 2974 triginta
324 2901 448 2973 septem,
457 2891 617 2972 omnisque
628 2891 854 2971 impedimento,
864 2891 942 2952 inter
955 2912 1023 2971 quae
1035 2913 1140 2954 currus
1147 2892 1303 2974 ipsiusmet

103 2989 240 3052 Gondsei
256 2988 410 3070 Principis
425 2997 549 3072 urgento
564 2988 710 3067 rebusque
731 2987 872 3069 preciosis
887 3008 1003 3069 graves,
1022 2988 1063 3050 ad
1079 2989 1302 3070 quadringenta

104 3097 319 3150 namnetorum
329 3083 427 3147 millis
435 3084 573 3147 sastimati
584 3083 692 3146 nosuis
705 3085 811 3145 relicte
818 3093 899 3147 sunt.
933 3083 1054 3164 Captivi
1064 3094 1176 3165 postea,
1187 3085 1228 3150 ,sb
1241 3085 1303 3150 Re·

105 3189 189 3268 gum·
204 3180 418 3244 humanissimo
440 3180 595 3262 Philippo,
614 3201 718 3242 omnes
737 3180 769 3242 in
788 3179 946 3261 pristinem
965 3179 1133 3242 libertatem
1149 3181 1214 3244 sine
1231 3181 1302 3244 litro

105 3279 241 3340 restituti
253 3287 334 3353 sunt,
349 3287 385 3338 ut
396 3277 527 3357 primum
537 3277 575 3338 de
590 3277 730 3358 Principe
745 3276 825 3357 Regi
837 3275 972 3338 Francius
982 3295 1085 3338 recens
1098 3288 1168 3339 nato
1180 3277 1213 3338 in
1228 3278 1302 3340 His·

106 3375 210 3460 puniis
221 3373 359 3436 anditum
371 3383 425 3434 est.

154 3470 263 3532 Plures
281 3470 402 3530 interim
421 3469 565 3550 legiones,
580 3471 619 3531 de
634 3471 743 3532 nostris
761 3468 794 3529 in
813 3468 994 3530 Pomersnii
1010 3480 1105 3547 sexto,
1123 3471 1260 3552 septimo,
1273 3480 1304 3532 et

108 3578 219 3628 octavo
240 3567 356 3647 Aprilis
376 3565 550 3627 mundatum
568 3575 749 3648 acceperunt
767 3565 941 3626 transeundi
962 3565 1088 3628 Albim:
1115 3569 1219 3629 eodem
1240 3568 1302 3627 fert

8 3651 9 3666 ¹
111 3675 246 3744 tempore
260 3661 458 3724 Inuictissimi
469 3661 663 3744 Imperatoris
673 3661 765 3724 nostri
776 3661 961 3724 Ferdinsndi
973 3661 1041 3723 111.
1052 3663 1182 3744 Conjux,
1194 3682 1303 3744 magno
