3225 4700
347 350 413 413 346
736 342 1154 413 ITINERARIUM.

346 501 478 561 viensem
492 498 735 581 compositionem
750 508 871 581 pactum
890 508 1106 581 statutumque,
1128 497 1284 575 solverint,
1298 498 1340 559 ad
1358 514 1451 557 suam
1467 494 1548 576 quis·

346 617 405 678 que
418 596 564 679 legionem
578 605 631 657 aut
640 595 799 658 stationem
813 596 900 657 liberi
914 596 1114 667 dimittentur.

389 692 455 753 ΙΙΙ.
479 691 590 753 Dictus
609 693 759 753 Dominus
774 692 932 754 Generalis
945 693 1177 755 Commissarius
1191 692 1252 755 unb
1264 712 1335 755 cum
1349 702 1488 773 utraque
1500 712 1549 753 sna

347 791 466 872 legione
481 789 564 850 etad
580 788 659 870 ipsas
677 790 879 871 spectantibus
893 790 1070 852 officialibus
1083 790 1239 872 supremis,
1252 799 1282 851 et
1295 789 1508 863 inferioribus,
1523 804 1549 849 et

347 887 466 949 subdito
474 887 531 947 sibi
540 886 636 947 milite
645 887 793 969 gregario,
802 908 855 968 per
863 887 1059 949 sufficientem
1067 888 1184 949 salvum
1193 887 1378 948 conductum
1389 886 1547 956 Drestam,

347 996 513 1064 postauam
527 1003 564 1044 ex
575 984 648 1044 urbe
661 1004 822 1066 egressum,
835 984 900 1046 siue
914 1005 998 1047 mora
1009 996 1039 1047 et
1051 986 1177 1067 ambage
1192 984 1368 1046 deducetur.
1413 984 1512 1056 Quod
1525 984 1547 1043 si

347 1092 448 1141 tamen
469 1082 568 1142 forent
587 1081 641 1161 qni
661 1081 740 1142 ultro
761 1081 800 1142 ad
822 1080 943 1142 alteram
965 1092 1079 1163 partem
1101 1082 1299 1164 commigrare
1322 1080 1441 1142 vellent
1466 1079 1547 1141 nullo

348 1178 439 1238 modo
457 1177 681 1250 detinebuntur,
699 1198 756 1240 uec
774 1177 854 1238 ullus
870 1179 928 1239 nisi
944 1180 1069 1260 praescio
1086 1190 1117 1241 et
1131 1178 1310 1260 praemonito
1327 1177 1470 1239 Domino
1488 1178 1545 1239 Ge·

348 1275 443 1335 nerali
456 1274 682 1351 commissario,
696 1296 734 1337 ex
746 1275 915 1357 legionibus
929 1278 990 1340 suis
1003 1279 1034 1339 vi
1048 1277 1243 1339 abstrahetur.

390 1372 450 1432 IV.
480 1372 594 1433 Omnes
622 1371 809 1433 Serenissimi
835 1373 982 1435 Electoris
1002 1374 1099 1436 Ducis
1120 1374 1259 1436 Saxonioe
1280 1373 1461 1447 consiliarii,
1484 1374 1543 1435 offi-

348 1468 449 1544 ciales,
464 1488 590 1529 camera·
605 1468 777 1530 reddituum
791 1470 954 1550 prepositi,
966 1471 1168 1552 praefectique,
1184 1470 1296 1550 aliique
1309 1470 1425 1532 similes
1440 1470 1542 1531 famuli

348 1586 403 1627 sua
415 1565 529 1639 munia,
542 1574 575 1626 ut
587 1574 655 1625 aute
665 1565 848 1626 deditionem
864 1566 956 1637 urbis,
967 1566 1105 1641 obibunt,
1117 1567 1219 1627 tamin
1229 1567 1442 1649 judicialibus,
1454 1568 1541 1648 qubm

347 1662 478 1744 politicis
491 1673 522 1724 et
536 1661 737 1744 pragmaticis.
766 1662 945 1725 Electoralis
955 1678 1076 1744 quoque
1084 1663 1179 1735 curia,
1190 1674 1224 1725 ut
1237 1672 1266 1724 et
1279 1664 1469 1737 reddituum,
1481 1684 1542 1745 pos·

349 1772 460 1833 tarum,
486 1759 663 1821 veredorum
685 1758 804 1834 domus,
830 1760 892 1822 und
912 1781 982 1821 cum
1004 1760 1181 1821 officialibus
1208 1759 1364 1820 indemnes
1386 1781 1540 1821 conserva·

348 1858 479 1931 buntur3
502 1855 666 1936 nunciique
687 1876 739 1917 sea
758 1877 904 1932 cursores,
924 1858 987 1919 sive
1006 1857 1116 1939 privati
1135 1856 1180 1917 illi
1197 1857 1267 1930 sint,
1283 1856 1347 1917 sive
1363 1858 1494 1937 publici,
1506 1857 1538 1918 ad

348 1952 529 2015 commercia
539 1961 570 2013 et
579 1971 626 2012 res
635 1952 770 2033 publicas
781 1954 1000 2033 promovendas
1014 1954 1107 2029 missi,
1118 1952 1210 2015 libere
1219 1972 1387 2015 commeare
1397 1954 1538 2027 sinantur,

349 2059 492 2111 caveatur
505 2058 606 2109 tamen
619 2068 657 2109 ue
672 2050 748 2128 quid
764 2050 893 2131 negotiis
904 2050 1033 2131 ‘privatis
1047 2050 1202 2124 misceant,
1217 2050 1298 2129 quod
1315 2050 1461 2111 militiam
1477 2070 1539 2111 eou-

349 2156 464 2217 cernat,
478 2156 508 2207 et
520 2164 638 2207 coronae
653 2145 787 2208 Suecieae
801 2149 889 2227 eique
905 2146 1116 2209 confoederatis
1129 2146 1229 2207 obesse
1247 2147 1350 2227 possit.
1395 2146 1539 2208 Officiales

350 2246 420 2306 item
435 2263 497 2305 sum
508 2242 681 2305 Serenitatis
690 2243 878 2318 Electoralis,
894 2243 925 2303 in
940 2242 1068 2326 negotiis
1078 2244 1117 2304 ad
1132 2242 1299 2303 Electorem
1313 2242 1467 2316 Saxoniae,
1479 2264 1538 2305 cum

350 2362 497 2404 consensu
513 2352 613 2404 tamen
633 2341 863 2414 Gubernatoris,
877 2353 907 2404 et
922 2340 1051 2404 obtentis
1068 2340 1203 2425 ejusdem
1221 2338 1298 2402 salvi
1315 2340 1487 2404 conductus
1499 2342 1539 2402 lit·

351 2440 421 2500 teris
434 2439 478 2500 ire
491 2439 648 2519 redireqne
662 2438 882 2520 permittantur.

388 2535 468 2598 Hoec
483 2545 517 2597 ut
528 2536 741 2598 inviolabiliter
753 2546 910 2597 serventur
925 2535 988 2596 sine
1001 2535 1106 2597 fraude
1120 2535 1230 2596 dolove
1244 2533 1324 2596 malo
1337 2555 1376 2597 ex
1391 2537 1539 2617 utriusque

350 2630 443 2710 partis
462 2630 626 2712 respective
640 2630 827 2713 generalibus
843 2633 1077 2707 subscribentur,
1090 2642 1120 2693 et
1138 2631 1245 2716 sigillis
1258 2634 1444 2696 munientur.
1485 2637 1539 2694 Ac·

352 2727 461 2788 tamin
475 2727 580 2789 eastris
592 2736 661 2788 ante
676 2727 810 2810 Lipsiam
825 2731 874 2790 26.
891 2730 1041 2792 Novemb.
1084 2731 1176 2790 Auno
1193 2731 1280 2791 1642.

824 2843 877 2925 (u.
900 2843 946 2920 s.)

900 2950 1089 3016 Lucuranus
1104 2953 1343 3018 Doasrsusourt.

1000 3066 1050 3146 (L
1074 3067 1122 3146 S·)

1114 3183 1252 3246 Iolcum
1267 3183 1465 3247 Scuusrrmz.

393 3401 486 3464 Circa
506 3405 555 3466 12.
574 3404 752 3466 Decembris
764 3407 847 3484 (stilo
862 3410 954 3485 novo)
972 3417 1129 3491 postquam
1150 3409 1307 3472 Saxonicae
1325 3410 1459 3494 legiones
1476 3429 1535 3471 arce

354 3500 641 3582 Pleussenburgeusi
655 3510 685 3563 et
697 3504 771 3565 urbe
782 3503 931 3585 Lipsiensi
945 3507 1149 3580 excessissent,
1158 3527 1193 3568 ae
1202 3507 1342 3569 Drestam
1353 3508 1534 3570 dvietoribus

352 3598 489 3659 deductae
507 3609 615 3670 essent,
632 3599 695 3678 ipse
714 3599 871 3662 Generalis
891 3601 1156 3679 Dorstensobnius‚
1173 3605 1284 3666 moenia
1299 3615 1453 3687 occupate
1466 3602 1534 3664 areis

351 3703 380 3755 et
396 3695 486 3770 urbis,
500 3694 699 3775 obequitavit,
713 3706 756 3769 ut,
769 3697 796 3758 si
816 3699 890 3779 quid
910 3699 1044 3762 dirutum
1057 3701 1183 3777 videret,
1202 3702 1359 3764 confestim
1376 3713 1532 3764 restauran-
