3225 4700
353 330 414 395 192
606 410 615 419 Ἰ
742 324 1141 393 tumnensium

385 477 448 539 His
461 477 503 538 ita
515 475 674 559 dispositis,
684 476 848 539 destinarat
860 477 936 539 forte
948 477 1048 541 dietus
1060 477 1218 541 Palatinus
1231 477 1307 541 iter
1323 496 1444 539 suum
1459 473 1592 539 Molina

343 574 484 655 dirigere,
498 594 568 635 cum
582 573 620 635 de
633 592 753 635 accessu
766 573 831 654 ejus
843 582 979 635 monetur
993 574 1074 637 urbis
1086 574 1304 650 Gubernator,
1319 593 1443 655 quem
1461 592 1592 653 praeseu

343 678 405 731 tem
417 669 538 731 honoris
551 688 641 730 causa
655 668 729 745 adit,
747 668 895 749 jubetque
909 669 1032 731 nomine
1049 670 1096 732 sui
1113 670 1208 754 Regis
1223 670 1414 751 tantisper
1433 669 1521 731 istic
1536 671 1592 731 sub

344 766 458 841 sistere,
469 765 568 846 quoad
578 765 711 827 Parisios
721 764 759 826 de
769 765 833 847 ejus
843 765 977 827 adventu
986 766 1163 829 nunciatum
1172 777 1250 829 esset
1261 789 1272 828 ι
1303 766 1410 829 redit
1422 767 1592 847 expeditu

343 881 457 937 cursor,
471 861 570 942 quiin
584 881 684 923 arcem
696 859 828 921 melioris
846 860 990 922 custodiar
1006 881 1096 924 causa
1111 862 1349 925 deducendum
1365 881 1449 923 esse
1467 860 1592 923 Princi-

342 978 413 1039 pem
432 957 566 1033 nunciat,
590 956 687 1018 donec
707 976 778 1017 cum
798 954 965 1018 sufficiente
986 956 1128 1019 comitatu
1150 957 1181 1019 iu
1204 958 1336 1019 tutiora
1360 957 1449 1019 loca
1475 958 1592 1019 deduci

340 1062 457 1136 posset:
485 1073 542 1115 nec
565 1052 660 1114 multo
683 1061 751 1134 post
775 1052 815 1113 ad
838 1060 908 1113 suut
930 1051 1053 1115 ducenti
1079 1053 1193 1133 equites
1214 1055 1231 1115 ὲ
1256 1053 1450 1115 Francica
1476 1054 1587 1116 mittet

340 1149 535 1224 selectissimi,
549 1149 601 1230 qui
615 1148 763 1211 Comitem
778 1147 953 1209 Palatinum
968 1148 1008 1209 ad
1025 1168 1125 1211 arcem
1141 1148 1173 1210 in
1191 1168 1333 1211 nemore
1351 1150 1585 1212 Vincennensi

340 1246 438 1323 sitam,
461 1246 501 1309 ad
517 1244 669 1306 honestam
690 1242 858 1304 custodiam
878 1243 1102 1320 comitarentur,
1121 1264 1295 1325 omnesque
1311 1244 1461 1315 'litteras
1485 1242 1581 1306 aliare

340 1343 451 1424 scripta
471 1360 539 1422 quas
555 1360 657 1401 secum
674 1338 774 1413 ferret,
797 1339 890 1417 (inter
907 1359 975 1420 quae
995 1341 1155 1403 cambiales
1176 1342 1296 1403 litterae
1324 1362 1393 1423 pro
1417 1343 1592 1404 Ducentis*

338 1439 472 1500 millibus
486 1438 670 1498 Fraucorum
683 1444 807 1517 reperta
824 1444 904 1511 sunt,
921 1436 989 1497 aliae
1005 1436 1078 1499 item
1093 1436 1274 1519 Anglorum
1291 1438 1411 1520 Regia
1427 1438 1575 1500 Palatino

338 1532 504 1615 pollicentis
527 1533 605 1595 dena
626 1532 784 1595 Scotorum
804 1540 836 1594 et
857 1532 1029 1615 Auglorum
1048 1532 1180 1595 militum
1201 1533 1325 1606 millia,
1350 1534 1431 1596 alim
1456 1535 1592 1611 adbuc,

337 1628 448 1709 quibus
450 1628 612 1709 jubebatur
621 1630 800 1711 quantocius
809 1629 970 1691 adrentme
979 1629 1012 1691 in
1022 1628 1217 1692 Germauiam
1227 1638 1264 1692 et
1275 1648 1315 1692 se
1327 1650 1411 1691 cum
1427 1631 1569 1693 Hassicrb
1591 1634 1592 1639 ’

339 1724 653 1808 Coningsmaricisque
666 1726 761 1808 copiis
773 1726 969 1807 conjungere)
982 1725 1140 1808 eriperent.
1182 1726 1267 1799 Quae
1282 1728 1404 1790 omnia
1418 1748 1487 1790 uon
1503 1730 1566 1790 sine

337 1822 445 1883 acerbo
459 1820 592 1883 Palatini
606 1822 759 1905 Principis
771 1821 925 1884 stomacho
938 1830 1057 1903 peracta
1069 1831 1150 1885 suut.

378 1918 478 1981 Causa
495 1918 676 1999 captivitatis
698 1928 846 2001 pratense
865 1917 932 1980 bec
952 1928 1007 1995 est,
1030 1919 1112 1999 quod
1131 1918 1196 1981 sine
1215 1919 1350 2000 praevio
1373 1920 1420 1983 ad
1442 1919 1558 2003 Regem

337 2016 449 2076 nuncio
460 2014 577 2077 Gallias
589 2015 768 2096 pertransire
781 2015 872 2077 tacite
882 2035 971 2077 ausus
983 2024 1068 2089 esaet,
1078 2010 1159 2097 quoii
1169 2016 1307 2098 quidem
1322 2017 1457 2099 signum
1471 2024 1554 2087 esset,
1591 2010 1592 2039 ¹

337 2110 529 2192 exploratorii
548 2110 653 2182 animi,
674 2118 727 2172 aut
744 2130 815 2172 cum
832 2110 933 2192 aliquo
946 2111 1049 2193 Regni
1065 2112 1193 2193 primate
1210 2114 1477 2195 conspirationis.
1519 2112 1551 2174 si

336 2207 417 2268 enim
429 2205 516 2267 aliter
528 2206 655 2268 tramire
663 2206 805 2267 voluisset
815 2205 971 2267 Gallim?
989 2225 1045 2268 cur
1058 2206 1154 2269 inscio
1166 2209 1267 2291 rege?
1289 2230 1353 2273 cur
1367 2210 1477 2272 tecte?
1493 2228 1547 2271 cur

337 2323 398 2366 uon
415 2302 539 2385 aperte?
567 2311 602 2364 ut
617 2301 676 2385 ipsi
695 2301 799 2364 saltem
817 2301 934 2364 debitus
952 2300 1047 2366 bonor
1064 2302 1198 2366 exhiberi
1215 2306 1256 2367 ab
1278 2306 1433 2368 officiosis
1447 2304 1544 2368 Gallis

336 2401 498 2482 potuisset:
526 2399 708 2481 probabilior
720 2417 810 2460 causa
827 2397 893 2459 haee
908 2398 1035 2462 videtur.
1070 2399 1162 2474 Quod
1174 2401 1214 2462 ad
1227 2401 1413 2464 Galliarum
1426 2401 1539 2483 Regem

337 2498 425 2560 certis
442 2496 612 2559 rumoribus
624 2495 758 2575 delatum
774 2503 852 2558 esset
865 2493 1040 2577 Principem
1054 2496 1226 2561 Palatinum
1242 2498 1387 2581 Imperio
1401 2498 1539 2560 Romano

335 2591 523 2654 reconciliari
535 2591 674 2667 voluisse,
688 2601 778 2674 atque
790 2601 825 2654 ut
837 2592 1001 2655 faciliorem
1012 2593 1135 2656 haberet
1143 2594 1183 2656 arl
1195 2595 1426 2676 Imperatorem
1440 2611 1536 2655 acesc-

336 2708 414 2762 sum,
430 2686 639 2751 Brieaceusem
654 2687 852 2750 munitionem
866 2687 916 2750 cui
931 2688 1004 2770 ipse,
1019 2709 1074 2752 ceu
1088 2689 1319 2752 Vinarieusium
1335 2690 1459 2752 fleturus
1473 2688 1533 2749 Ge·
1591 2757 1592 2770 χ

337 2779 457 2854 neralis,
479 2780 589 2861 quibus
611 2800 680 2842 mox
700 2778 912 2861 praeficiendus
933 2781 1096 2854 dicebatur,
1119 2781 1233 2844 Cereri
1250 2782 1431 2844 restituere.
1472 2779 1530 2840 Sed

334 2884 509 2958 argutorum
521 2877 656 2939 virorum
668 2876 815 2938 sententia
831 2876 899 2952 fuit,
918 2897 985 2938 eam
1003 2876 1095 2940 solam
1112 2878 1202 2940 fuisse
1215 2897 1354 2952 causam,
1367 2877 1451 2959 quod
1468 2894 1528 2936 me·
1591 2943 1592 2958 χ

334 2979 433 3034 tueret
454 2973 524 3035 Rex
541 2972 681 3038 Francia
704 2973 730 3034 si
752 2971 909 3052 Palatinus
929 2994 998 3036 cum
1022 2983 1165 3056 potestate
1187 2974 1362 3037 Wimarioo
1385 2969 1526 3034 exercitui

335 3068 547 3150 preficeretur,
561 3068 634 3144 fore,
649 3077 683 3130 ut
695 3068 758 3149 ipse
771 3068 828 3130 sibi
843 3089 898 3151 pro
911 3069 1005 3132 tuteli
1017 3079 1048 3132 et
1062 3069 1169 3153 majori
1186 3071 1349 3132 securitate
1367 3067 1522 3129 Brisaceu·

335 3164 602 3226 semmuuitiouem
610 3173 781 3240 reservaret,
788 3164 872 3226 velut
879 3175 1075 3247 opportunam
1083 3166 1184 3228 sedem
1192 3165 1263 3227 iude
1272 3165 1306 3226 in
1316 3163 1518 3225 Palatinatum

336 3259 524 3321 excurrendi.
547 3260 593 3322 Ut
602 3269 637 3322 ut
645 3261 693 3335 sit,
704 3259 763 3322 boc
772 3269 887 3323 certum
899 3260 977 3322 hanc
990 3262 1191 3344 captivitatem
1206 3261 1344 3324 Palatini
1356 3258 1516 3341 precipuos

337 3355 494 3438 Principes
505 3356 660 3440 egerrime
669 3355 781 3430 tulisse,
791 3355 920 3418 maxime
929 3377 1000 3420 vero
1009 3358 1190 3441 Angliarum
1200 3358 1329 3440 Regem,
1341 3362 1514 3438 quapropter

334 3461 456 3532 accepto
476 3461 557 3514 certo
575 3454 639 3536 ejus
659 3453 702 3514 rei
723 3451 845 3528 nuncio,
865 3471 968 3514 omnes
989 3455 1124 3517 Gallicas
1143 3475 1234 3518 naves
1254 3455 1287 3516 in
1308 3451 1447 3537 portubus
1467 3445 1510 3510 sui

336 3644 446 3710 Gallia
469 3664 588 3708 causam
610 3644 780 3710 retentionis
801 3645 849 3710 sui
872 3647 988 3730 nepotis
1011 3647 1199 3730 intelligeret.
1252 3647 1312 3709 Sed
1334 3663 1393 3706 non
1415 3637 1503 3702 multo
