3225 4700
327 321 392 386 232
723 316 1126 385 ITINERARIUM.

328 490 416 533 eursu
429 468 609 545 dubitarent,
621 468 784 551 Gallosque
794 470 1030 552 pertinacissime
1038 470 1121 532 urbis
1130 467 1279 531 obsidioni
1288 466 1446 529 insistere
1458 464 1557 527 vide

327 576 405 641 rent,
419 566 538 629 tandem
553 565 572 628 d
585 566 701 628 civibus
717 568 846 649 propriis
859 566 1045 629 deditionem
1063 564 1174 647 paeisei
1188 563 1334 646 compulsi
1346 572 1447 626 suut.
1508 564 1557 622 A«

326 661 398 723 lieet
409 661 507 723 omnis
521 661 606 723 miles
621 662 834 724 Praesidiarins
845 670 907 724 toto
919 663 1082 724 obsidionis
1094 670 1238 741 tempore,
1250 661 1305 721 sub
1318 661 1385 722 Dio
1397 668 1440 721 et
1456 658 1557 719 nuda

326 760 407 823 Jove
427 768 531 821 nostes
550 759 692 843 exegerit,
713 758 933 840 fortissimeque
951 767 1056 821 eontra
1069 756 1174 821 Gallos
1187 756 1380 839 pugnaverit,
1395 754 1557 837 pessime

325 865 427 917 tamen
445 854 464 917 ὰ
483 854 599 917 uiribus
617 864 824 917 remuneratus
843 865 899 929 est,
913 874 983 916 eum
995 863 1116 935 paratus
1130 853 1304 933 ceteroqui
1317 860 1399 913 esset
1416 861 1456 913 et
1474 870 1557 912 san·

325 950 450 1033 guinem
473 950 572 1032 potius
591 952 743 1031 vitamque
762 970 854 1032 quam
874 951 979 1012 urbem
1001 950 1136 1024 reddere,
1160 950 1291 1010 maxime
1313 967 1388 1009 oum
1409 946 1557 1009 videret

325 1048 478 1109 civitatem
497 1047 596 1109 adhue
618 1048 658 1109 ad
678 1068 772 1109 unum
792 1048 881 1111 facile
900 1056 1032 1109 mensem
1050 1045 1300 1107 sufficientissimo
1315 1052 1476 1105 comeatu
1501 1044 1555 1103 in·

326 1152 480 1215 structam,
495 1152 685 1224 speraretque
699 1144 850 1225 suppetias
861 1143 893 1205 in
908 1141 1076 1224 propinquo
1088 1162 1160 1204 esse.
1203 1142 1242 1203 In
1256 1162 1382 1204 excessu
1396 1162 1445 1203 ex
1461 1142 1552 1201 urbe

325 1248 432 1320 praeter
445 1240 504 1300 tria
516 1248 663 1301 tormenta
677 1240 786 1301 bellios
798 1241 923 1322 majora,
937 1238 1040 1299 omnia
1050 1238 1167 1320 reliqua
1180 1238 1342 1301 victoribus
1355 1236 1471 1299 Gallis
1496 1258 1551 1299 re·

325 1335 460 1417 linquere
474 1336 527 1410 (an
541 1335 560 1396 d
573 1335 699 1407 oiribus,
713 1356 751 1397 an
766 1336 805 1397 ab
819 1336 891 1417 ipsis
902 1334 1009 1409 Gallis,
1022 1334 1197 1416 ambigitur)
1208 1335 1304 1396 eoacti
1318 1342 1402 1409 sunt,
1416 1333 1441 1394 d
1455 1334 1547 1394 eivi-

324 1432 380 1493 bus
401 1431 433 1491 id
454 1430 567 1491 foetum
587 1450 650 1493 esse
670 1432 747 1494 illud
767 1440 945 1514 argumento
964 1440 1019 1504 est,
1041 1432 1124 1511 quod
1145 1432 1229 1494 Galli
1249 1433 1311 1494 duo
1330 1439 1384 1493 aut
1405 1431 1475 1492 tria
1500 1452 1544 1492 ex

324 1526 489 1607 majoribus
501 1527 655 1589 tormentis
669 1548 736 1610 quae
748 1529 843 1611 Regis
856 1528 1072 1610 Hispaniarum
1085 1526 1217 1609 insignia
1229 1525 1433 1606 preferebant
1447 1524 1542 1586 ultro

324 1630 427 1703 postea
441 1622 582 1683 Duaoum
596 1624 740 1686 miserint.
783 1625 938 1705 Hispanus
948 1622 1033 1685 miles
1042 1624 1075 1683 in
1085 1623 1169 1684 exitu
1177 1642 1233 1683 suo
1243 1623 1389 1684 ducentos
1400 1642 1539 1702 quoque

324 1718 348 1781 J
350 1738 460 1780 avenes
474 1720 513 1781 ad
527 1738 610 1782 arma
622 1721 746 1785 ferenda
757 1721 958 1791 maturrimos,
972 1720 1087 1794 eduxit,
1103 1720 1157 1800 qui
1170 1718 1308 1781 Patriam
1321 1718 1536 1799 nativumque

325 1814 423 1875 solum
436 1814 572 1876 deserere
585 1817 763 1892 maluerunt,
776 1836 867 1897 quam
880 1816 1048 1879 dominatui
1063 1814 1220 1878 Gallonrm
1233 1815 1353 1896 subjici.
1398 1814 1533 1875 Inoola·

325 1931 392 1971 rum
407 1909 614 1973 deliberationi
632 1933 705 1974 num
724 1914 797 1975 urbe
811 1912 903 1984 exire,
917 1932 956 1972 an
976 1912 1008 1972 in
1026 1932 1062 1972 ea
1074 1911 1233 1974 subsistere
1246 1910 1359 1972 vellent
1371 1910 1436 1972 duo
1451 1921 1532 1970 sunt

324 2026 441 2067 menses
456 2006 530 2068 dati.
573 2008 654 2070 Galli
670 2009 796 2072 devicte
811 2008 879 2070 urbi
894 2007 957 2069 duo
971 2008 1117 2089 equitnm,
1138 2027 1191 2069 sex
1203 2006 1338 2089 peditum
1353 2006 1453 2067 millia
1464 2028 1528 2087 pro

284 2185 289 2193 Ι
325 2102 465 2183 presidio
478 2103 693 2184 imposuerunt,
707 2106 787 2168 aives
801 2124 905 2167 omnes
915 2125 986 2165 mox
998 2105 1089 2165 armis
1101 2103 1301 2177 nudaverunt,
1309 2122 1378 2183 quse
1392 2104 1526 2182 quidem

324 2218 437 2259 meroes
449 2198 613 2261 debebatur
625 2211 687 2263 tam
700 2201 771 2263 fidis
783 2200 914 2263 bostium
928 2200 1057 2276 asseclis,
1072 2210 1106 2261 ut
1118 2199 1229 2280 qnippe
1242 2197 1295 2277 qai
1314 2195 1451 2257 Domino
1463 2217 1524 2257 suo

325 2291 429 2356 fideles
442 2313 503 2355 non
517 2294 644 2369 fuerant,
653 2298 803 2379 quomodo
817 2297 901 2360 eredi
913 2304 1051 2379 poterant
1059 2294 1153 2358 iidem
1166 2302 1335 2356 sewatmos
1343 2291 1381 2354 iis
1390 2291 1445 2373 qui
1455 2312 1521 2354 nou

325 2389 421 2452 multo
434 2399 504 2452 ante
518 2389 615 2454 hostes
629 2393 756 2457 firerant.

366 2485 446 2548 Haeo
465 2486 609 2550 subitost
625 2489 713 2570 plane
730 2492 878 2574 insperata
894 2489 1024 2553 civitatis
1039 2485 1231 2573 expugnatio,
1251 2485 1349 2548 Gallis
1369 2505 1516 2569 magnum

327 2577 482 2660 gaudium,
499 2577 645 2662 Hispanis
663 2593 767 2646 eontra
784 2584 914 2646 multum
931 2581 1047 2645 lustum
1064 2581 1190 2665 peperit,
1210 2581 1430 2665 magnificeque
1451 2582 1515 2644 Pa-

328 2672 408 2736 risiis
420 2693 509 2756 super
521 2673 578 2738 huo
592 2676 717 2741 victoria
730 2680 749 2741 d
761 2679 887 2742 summis
900 2677 1070 2760 infimisque
1083 2677 1299 2762 triumphatum
1312 2687 1366 2741 est.
