3225 4700
320 345 387 414 262
722 345 1125 420 Ins-Naasnwus.

318 497 447 580 propriis
459 496 544 580 equis
556 497 680 562 domam
693 495 814 576 vehere,
832 500 978 564 videbant
994 501 1104 564 miselli
1120 501 1241 578 edoni,
1261 499 1363 577 alios,
1381 499 1474 581 quod
1489 520 1544 561 nou

318 595 547 670 seminaverant,
562 594 595 656 in
609 594 717 659 horrea
729 595 852 672 inferre,
865 619 898 662 ae
917 599 969 680 qui
983 598 1103 681 pondus
1119 598 1288 662 Autumni
1308 606 1346 659 et
1362 596 1465 659 Veris
1478 597 1546 658 tule-

318 703 387 754 rant
399 693 417 755 d
430 693 531 756 fructn
543 691 590 756 eui
608 691 719 756 laberio
734 693 875 758 excludir
903 696 998 778 probe
1016 697 1140 778 insuper
1156 695 1393 778 intelligebant
1411 693 1475 754 nini
1488 703 1545 755 tam

318 790 447 852 ιιιῑιιιιιι,ἱ
460 789 624 853 calamitati
636 789 744 852 modus
757 801 919 872 poneretur
931 792 996 854 sore
1007 803 1045 855 nt
1054 793 1135 856 farae
1145 793 1186 856 ad
1198 793 1391 854 instantem
1405 790 1544 870 hyemem

318 889 462 969 perirem,
480 887 597 952 collatis
612 888 707 971 igitur
722 889 859 953 consiliis
872 889 1061 952 concludunt
1075 890 1191 952 hostem
1204 909 1271 952 nen
1289 899 1408 970 aperta
1428 887 1474 964 ri,
1495 908 1544 948 seu

318 983 436 1048 occulto
456 984 538 1060 dolo,
559 985 579 1047 b
596 994 697 1067 segete
715 1005 771 1048 sna
788 985 959 1067 probibere,
975 987 1069 1050 aatius
1085 1007 1151 1050 esse
1164 988 1238 1063 rati,
1262 996 1306 1048 nt
1322 986 1436 1047 anbita
1451 994 1544 1046 morte

319 1079 411 1142 semel
423 1079 559 1143 miserias
572 1081 706 1160 finirent,
726 1104 818 1167 qnam
836 1084 1030 1168 languentem
1049 1085 1182 1146 animam
1200 1084 1246 1146 ad
1266 1082 1387 1145 mortis
1405 1081 1543 1143 victima·

318 1177 431 1240 tionem
444 1177 559 1240 iteratis
571 1179 729 1262 suppliciis
743 1183 906 1246 traherent.
937 1184 990 1245 Ad
1003 1183 1082 1246 hanc
1096 1179 1372 1245 machinationem
1386 1198 1464 1240 vero
1476 1197 1541 1238 cum

318 1295 350 1336 ae
361 1273 443 1336 cives
457 1273 611 1338 inferiores
624 1287 773 1352 notarent,
792 1295 850 1340 uec
868 1277 948 1340 boati
964 1277 1157 1353 sufficientes,
1175 1275 1277 1339 cortis
1295 1274 1430 1338 nunciis
1447 1273 1541 1335 unde·

317 1391 438 1454 quaque
455 1391 546 1454 opem
565 1371 697 1436 militum
718 1375 892 1449 sollicitant,
911 1375 1128 1458 udduenutqne
1152 1372 1366 1436 colomellam
1390 1370 1539 1434 Wolfium

317 1468 371 1550 qni
384 1467 628 1553 Ascbafenburgi
637 1491 712 1534 cum
726 1472 861 1555 legione
875 1471 1058 1555 Dragonnm
1069 1471 1265 1543 subridebat,
1276 1469 1308 1532 ia
1321 1471 1411 1532 enim
1421 1489 1493 1531 cnm
1501 1489 1537 1528 ex

318 1565 452 1629 virorum
469 1567 652 1646 prudentum
673 1569 818 1632 relatione
835 1569 991 1652 negotium
1006 1568 1065 1631 boo
1081 1568 1211 1632 feliciter
1227 1567 1358 1650 suscipi
1377 1576 1413 1630 et
1428 1565 1537 1628 confici

318 1682 404 1744 poene
418 1662 543 1738 rideret,
554 1665 653 1729 adfuit
665 1675 781 1748 quanta
793 1665 892 1748 potnit
902 1665 1055 1728 celeritate
1071 1685 1143 1730 cnm
1160 1665 1263 1726 tribus
1281 1675 1464 1746 quatuorve
1474 1683 1535 1724 ma·

216 1787 223 1804 ·
318 1759 441 1842 nipnlia,
458 1779 495 1822 uc
513 1761 568 1824 sub
588 1783 685 1826 seram
703 1783 862 1845 vesperam
882 1763 1031 1826 Honhstse
1049 1762 1200 1826 Mbennm
1216 1762 1415 1832 transmisit,
1434 1759 1485 1822 ubi
1503 1778 1534 1820 ae

316 1857 538 1939 conjunxerunt
549 1861 897 1942 exprenidioilliusloei
900 1860 1244 1944 ‚etGoningateiniaum
1259 1858 1456 1922 arciasalidi
1465 1858 1532 1938 qui·

317 1953 388 2016 dam
408 1954 531 2030 milites,
550 1965 583 2018 et
601 1955 662 2020 loci
682 1958 775 2020 eitum
794 1959 1101 2040 constitutionemque
1119 1959 1234 2041 optime
1257 1957 1427 2032 callentoe,
1453 1953 1529 2016 nacti

317 2051 420 2136 itaque
432 2052 531 2116 lidum
547 2054 716 2120 Ductorem
729 2057 866 2138 plerique
884 2056 1144 2119 desultoriorum'
1134 2077 1167 2116 ru
1186 2056 1286 2138 pedes
1304 2073 1339 2116 ae
1352 2053 1527 2124 demittant,

318 2149 434 2230 iterque
449 2148 584 2212 Uraellas
595 2149 752 2234 dirigunt:
773 2152 893 2214 Ductor
902 2172 974 2215 cnm
984 2151 1107 2215 bibisset
1116 2152 1297 2236 plusculam
1309 2151 1396 2214 bvia
1404 2151 1525 2221 uberat,

317 2266 499 2327 cusamque
512 2248 626 2328 prabet
638 2258 673 2311 nt
682 2250 797 2311 tardina
810 2269 902 2331 quam
915 2250 1058 2312 volabant
1070 2249 1110 2311 ad
1123 2250 1237 2312 moenia
1250 2249 1458 2332 appellarent,
1468 2245 1525 2307 sole

312 2343 380 2427 jam
392 2345 487 2427 prope
500 2344 670 2409 diluculum
684 2346 897 2429 praemittente,
913 2347 958 2411 ita
974 2357 1011 2409 ut
1025 2366 1178 2408 nonnemo
1195 2347 1318 2429 ceperit
1331 2345 1476 2408 dubitare
1487 2362 1522 2403 sn

317 2460 365 2503 rea
383 2440 494 2503 confici
513 2452 624 2523 postet,
639 2462 678 2505 an
698 2464 770 2506 vero
788 2442 1042 2507 incommodiore
1058 2454 1196 2525 tempora
1212 2444 1338 2506 differri
1358 2441 1521 2522 expediret,

317 2538 391 2620 quie
409 2546 509 2601 tamen
525 2540 621 2601 animi
638 2544 773 2603 omnium
793 2540 835 2603 ad
854 2540 1052 2622 irruptionem
1070 2541 1303 2623 propendebant
1319 2536 1519 2609 annuitDux,

316 2635 520 2719 praemisitque
537 2637 841 2720 Coningsteinianam
856 2638 1032 2719 presidium
1049 2658 1122 2700 oum
1142 2658 1198 2701 suo
1216 2636 1361 2700 Ductore
1381 2634 1520 2697 locumte-

316 2742 406 2795 nante
431 2732 474 2793 D.
498 2734 625 2796 Andron
648 2734 776 2796 Seubert
796 2734 893 2796 milite
906 2754 979 2797 sane
1001 2734 1126 2819 egregio
1142 2745 1174 2798 et
1193 2736 1226 2797 in
1249 2735 1361 2819 paucis
1379 2733 1517 2799 animoso

317 2848 407 2911 quem
427 2829 563 2911 seqnitur
580 2830 765 2911 Capitaneus
782 2830 919 2894 delectus
931 2832 1167 2915 Archisatrapioe
1179 2830 1462 2917 Coningeteiniane
1474 2824 1517 2885 rir

315 2946 376 2989 nou
389 2926 490 2989 mium
503 2926 673 2999 bellicosus,
687 2928 740 3008 qni
753 2946 825 2989 cum
835 2928 877 2989 ad
889 2938 991 3009 portas
1001 2918 1236 3012 appropiassent,
1248 2950 1287 2993 ac
1297 2922 1513 3009 aliquantidum

316 3024 575 3105 perstrepnisaent,
598 3022 799 3085 inclamantur
819 3025 859 3086 ab
875 3024 1060 3101 exorbitem,
1081 3026 1151 3107 quis
1168 3028 1373 3108 approximet.
1423 3018 1514 3083 Sileni

317 3140 420 3183 omnen
431 3132 461 3183 et
468 3122 634 3183 subsistunt
643 3119 792 3197 nonnihil,
803 3122 978 3203 neatrepitn
984 3132 1055 3184 ante
1062 3132 1182 3205 tempus
1188 3120 1306 3186 hostem
1316 3120 1511 3204 quiescentem

317 3216 459 3291 excitent,
469 3228 534 3279 tom
544 3216 650 3279 relicta
660 3216 849 3298 aliquantam
862 3228 959 3300 porta,
970 3219 1011 3281 ad
1024 3220 1137 3284 monia
1149 3219 1290 3297 endunt,
1304 3216 1509 3303 applicantque

317 3310 424 3387 scalas,
439 3322 469 3374 et
481 3312 653 3375 felicissime
666 3332 727 3395 qno
739 3314 881 3376 volebant
892 3314 1058 3378 enituntur.
1080 3317 1203 3379 Interea
1214 3315 1396 3399 pyrobclum
1408 3308 1507 3373 estid!

316 3408 422 3491 primae
436 3418 530 3490 purte
542 3409 756 3493 applicaverat,
769 3430 807 3473 ao
820 3410 949 3473 feliciter
959 3411 1130 3493 diajeoerat,
1144 3434 1215 3475 cum
1224 3416 1291 3496 jam
1300 3412 1341 3475 ad
1350 3406 1504 3473 wcnudm

316 3504 444 3595 alterpm
462 3505 584 3589 affigere
603 3506 729 3585 laborat,
749 3506 861 3569 milites
880 3507 1006 3588 quidam
1026 3508 1119 3571 tacite
1140 3520 1244 3593 apertu
1262 3511 1375 3572 minori
1365 3499 1503 3588 postult

317 3580 514 3685 ejacdlautnr‚
522 3600 754 3717 hominemque
745 3624 777 3665 ιιι
790 3604 1184 3717 mediocpereopprimunt.
1204 3600 1499 3697 Quoniamrerojam

317 3698 412 3764 molta
425 3720 494 3782 pars
507 3699 681 3765 rnilitum
653 3702 827 3783 civiumque
838 3702 930 3765 erat
920 3722 953 3765 ιιι
970 3702 1062 3780 nrbe;
1081 3702 1234 3787 bustisque
1251 3724 1356 3768 somno
1371 3696 1498 3779 indulge·
