3225 4700
659 364 789 429 320
1482 352 2301 424 ITINERARIUM.

659 512 875 573 belluae
905 508 1109 585 instar,
1129 505 1193 570 in
1229 507 1452 571 vadum
1478 506 1806 580 adnatavit,
1842 526 1915 568 ac
1938 504 2119 588 paulo
2145 514 2278 586 post
2311 503 2376 565 in
2411 503 2578 565 littus
2604 509 2924 564 extractus
2951 508 3070 561 est.
3204 469 3205 501 ¹

663 610 761 671 Ex
788 627 906 688 quo
931 606 1131 688 plures
1157 605 1351 667 divini
1379 604 1579 666 nescio
1604 603 1756 684 quid
1782 601 2006 663 sinistri
2032 600 2250 661 ominis
2284 599 2734 681 praesagierunt,
2777 617 2854 659 eo
2882 595 3074 677 quod

660 704 805 766 alias
851 703 1053 778 etiam,
1093 721 1232 763 cum
1266 699 1459 762 simile
1495 706 1826 760 monstrum
1866 697 1929 757 in
1974 694 2108 756 illas
2153 715 2285 756 oras
2323 693 2667 776 appulisset,
2703 694 3069 753 Tui-carum

605 851 613 882 ,
661 799 987 862 saevissima
1010 796 1265 879 irruptio
1288 794 1658 866 successerit,
1688 812 1810 873 qua
1835 792 2032 873 ipsum
2052 790 2351 853 Granium
2377 789 2416 852 a
2440 789 2657 851 'furcis
2679 797 3071 870 occupatum

660 917 785 959 esse
811 891 1419 979 historiographorum
1447 888 1795 972 comprobat
1819 888 2132 951 sententia.

1468 1578 1850 1655 CAPUT
1932 1577 2227 1654 LXIV.

766 1782 871 1848 De
899 1779 1383 1849 Dorstensohnii
1408 1780 1684 1846 adventu
1711 1778 1810 1946 ac}
1821 1779 2152 1947 exdezcitum
2180 1782 2426 1868 ejusque
2452 1778 2945 1868 expeditionibus

1660 1904 1768 1970 qm
1811 1905 1883 1947 us
1968 1905 2049 1948 m.

859 2029 883 2061 η
924 2045 935 2061 '¹
976 2042 988 2065 ³
1072 2033 1132 2081 ²³²·
1163 2049 1302 2111 AM
1348 2048 1581 2131 pridem
1626 2069 1701 2110 ex
1747 2047 1965 2110 Suecia
1999 2049 2451 2131 exspectabatur
2489 2048 3048 2111 Excellentissimus

1200 2145 1503 2207 Dominus
1524 2144 1842 2207 Generalis
1871 2144 2218 2207 Leonardus
2246 2144 2680 2220 Dorstensohn,
2709 2145 2817 2225 qui
2845 2146 2909 2206 in
2939 2145 3046 2205 de·

1064 2249 1088 2278 ⁴
1109 2248 1112 2249 ’
1137 2242 1140 2246 ⁴
1198 2241 1417 2303 mortui
1434 2240 1726 2303 Bannerii
1751 2240 1954 2302 locum
1973 2242 2340 2314 succederet,
2359 2250 2537 2322 atque
2555 2241 2885 2303 exercitum
2904 2261 3045 2301 cum

759 2390 771 2397 .
800 2398 801 2401 ,
856 2410 859 2418 ,¹
964 2370 1120 2446 {mu
1117 2396 1119 2398 ,
1195 2338 1446 2421 imperio
1465 2338 1711 2401 duceret
1735 2346 2012 2420 superato
2031 2339 2274 2400 tandem
2296 2338 2507 2399 morbo
2525 2360 2599 2401 ex
2625 2358 2747 2420 quo
2771 2337 3041 2420 aliquan-

691 2446 711 2498 .'
767 2430 940 2502 &we
976 2426 988 2442 ²
1012 2398 1132 2502 33⁴*-
1191 2435 1376 2516 tisper
1394 2434 1793 2496 decubuerat
1775 2455 1838 2495 ιιι
1857 2434 2280 2498 Pomeraniam
2293 2433 2555 2516 primum
2569 2455 2772 2496 mense
2790 2434 3040 2496 Octobri

660 2549 819 2591 auno
851 2531 1004 2590 1642
1039 2531 1163 2591 una
1198 2551 1338 2593 cum
1373 2529 1594 2592 eximia
1627 2530 1835 2607 classe,
1863 2551 1986 2612 qua
2019 2533 2290 2642 copiosas
2323 2531 2621 2613 suppetias
2647 2532 2900 2593 vehebat
2936 2552 3038 2612 ap·

659 2625 813 2706 pulit
840 2624 1232 2688 Stralsundiae
1267 2647 1487 2709 magno
1522 2625 1825 2708 triumpho
1861 2635 1923 2688 et
1957 2627 2173 2709 saepius
2208 2626 2415 2691 iterata
2444 2631 2742 2712 majorum
2775 2639 3037 2692 tormen-

658 2730 855 2783 torum
881 2721 1221 2804 explosione
1247 2721 1571 2805 magnifice
1607 2731 1889 2805 exceptus
1921 2733 2027 2784 est.
2109 2723 2273 2786 Dein
2306 2726 2643 2808 imperavit,
2671 2726 2994 2796 militem,'
2973 2748 3036 2788 ιιι

660 2817 788 2881 istis
822 2818 1319 2901 circumpartibus
1356 2817 1511 2880 istuc
1547 2839 1737 2900 usque
1774 2820 2101 2895 detentum,
2131 2820 2211 2882 ad
2247 2821 2480 2898 Albim,
2524 2823 3036 2906 Boitzenburgum

661 2935 865 2977 versus
899 2915 1216 2992 deducere,
1246 2915 1392 2976 dum
1428 2915 1545 2976 sibi
1580 2915 1618 2977 a
1644 2915 2205 2978 Stralsundensibus
2238 2918 2612 2981 solverentur
2649 2920 2907 2982 ducenta
2930 2920 3034 2981 tri·

660 3010 832 3092 ginta
855 3010 1047 3072 millia
1074 3009 1488 3093 Imperialium
1523 3020 1584 3073 et
1617 3011 1982 3072 necessarius
2013 3032 2246 3093 pannus
2270 3015 2578 3077 vestiendo
2603 3015 2783 3077 militi
2807 3019 3032 3078 coeme-

659 3116 840 3168 retur.
922 3106 1157 3168 Praeter
1192 3106 1348 3169 hanc
1383 3108 1700 3189 pecuniam
1738 3107 1863 3189 ipse
1888 3126 2128 3190 quoque
2156 3110 2660 3173 Dorstensohnius
2694 3115 2815 3173 400
2849 3112 3035 3174 millia

662 3199 1072 3283 Imperialium
1092 3212 1313 3286 paratae
1334 3202 1601 3283 pecunias
1622 3223 1697 3264 ex
1715 3203 1932 3265 Suesia
1949 3224 2152 3267 secum
2169 3207 2519 3284 adduxerat,
2536 3208 2600 3268 in
2619 3207 2814 3270 illium
2832 3208 3031 3284 finem,

659 3305 729 3357 ut
765 3296 964 3369 militi,
991 3299 1198 3362 solutis
1237 3299 1570 3381 stipendiis,
1599 3300 1830 3361 animos
1863 3301 2134 3376 adderet,
2159 3310 2220 3364 et
2245 3303 2357 3364 sibi
2383 3323 2644 3366 amorem
2669 3305 3029 3366 conciliaret.

661 3390 783 3453 His
817 3392 1067 3474 aliisque
1102 3396 1277 3457 rebus
1310 3394 1617 3470 confectis,
1657 3394 1784 3476 ipse
1823 3396 2333 3460 Dorstensohnius
2369 3400 2570 3481 copias
2603 3419 2740 3462 suas
2777 3410 3029 3475 secutus,

660 3488 1172 3572 Boitzenburgum
1220 3492 1376 3554 inter
1427 3501 1488 3554 et
1532 3490 1997 3575 Invenburgum
2042 3494 2293 3555 militem
2339 3496 2655 3569 recensuit,
2702 3497 3031 3578 reperitque

648 3587 881 3667 justum
910 3586 1255 3660 exercitum,
1277 3588 1421 3650 huic
1446 3587 1735 3650 militibus
1758 3608 1909 3669 quos
1934 3591 2059 3672 ipse
2083 3610 2286 3652 secum
2311 3592 2642 3655 adduverat
2668 3592 2733 3653 in
2759 3593 3031 3674 praesidis

659 3683 945 3767 nntisper
970 3682 1199 3759 divisis,
1226 3684 1616 3767 praesidiariis
1640 3684 1784 3748 ‘verb
1809 3686 1977 3750 velut
2007 3706 2228 3771 pugnae
2263 3688 2589 3770 aptioribus
2621 3690 2884 3752 evocatis
2910 3689 3028 3770 (ex-
