3225 4700
484 342 894 425 JTJNERARIUM.
1224 344 1286 409 221

74 498 344 583 segregationem,
367 518 467 563 meum
491 521 551 564 uon
572 510 617 565 est
637 500 696 564 boo
719 501 787 564 loeo
810 499 947 583 pluribus
974 492 1151 582 iimeptare,
1171 504 1290 581 tempus

76 598 195 657 omnia
208 597 323 679 aperiet
335 616 426 681 quem
439 608 520 661 reete
532 620 624 681 quam
633 599 737 679 inique
750 597 877 679 quisque
890 596 995 678 egerit.
1037 594 1105 657 Nee
1114 604 1203 657 antea
1214 596 1289 658 dnm

79 692 267 775 eonJunotis
283 712 354 756 oum
368 694 498 775 Imperio
514 694 629 757 viribus
641 702 837 777 pugnaretur,
851 711 927 775 opus
938 700 1003 754 erat
1015 691 1162 774 ejusmodi
1175 700 1288 773 protes-

80 788 266 851 tetionibus.
307 790 360 853 Aa
379 810 426 853 me
442 791 526 871 qnod
543 790 651 854 attinet
662 790 752 872 juxte
773 788 885 851 belliue
904 787 1042 850 instituta
1060 797 1129 869 post
1144 788 1201 849 hae
1217 808 1287 850 eum

85 883 285 947 Exoellentia
295 904 360 962 sua,
374 896 405 949 et
418 906 489 948 oum
503 886 568 949 istis
581 886 720 948 domibus
729 904 782 947 seu
791 884 912 947 illarum
922 884 1077 967 oopiarum
1089 884 1299 948 Generalibus

84 988 221 1043 traotme
234 1002 291 1065 pro
303 1000 391 1064 oequo
404 989 435 1044 et
447 981 527 1045 bono
539 1002 599 1045 non
613 981 823 1044 intermittam.

133 1077 262 1139 Domini
284 1077 412 1141 Comitis
433 1078 472 1140 (le
496 1078 607 1140 Hoditn
627 1076 776 1153 officiarii,
799 1075 911 1157 aliique
935 1076 975 1138 da
1001 1077 1067 1159 ejus
1089 1077 1205 1140 familia
1224 1099 1287 1140 uon

85 1174 320 1248 detinebuntur,
333 1174 387 1237 sed
400 1183 435 1236 ut
447 1174 579 1255 primum
593 1173 653 1235 bue
665 1172 804 1235 venerint
817 1172 857 1234 nd
869 1182 970 1234 vestra
980 1175 1289 1239 eastramnsmitten·

85 1282 153 1348 tur,
175 1280 260 1333 extre
281 1270 481 1353 capitaneum
502 1269 766 1345 locumtenentem,
783 1270 824 1332 de
843 1288 905 1351 quo
919 1268 986 1351 jam
1006 1289 1070 1333 sum
1092 1269 1288 1333 Excellentiae

86 1366 212 1429 abunde
224 1367 373 1429 eonstnbit
386 1366 537 1450 quomodo
550 1367 615 1449 ejus
627 1386 659 1429 se
669 1386 717 1429 res
726 1364 866 1440 bebeant,
876 1385 963 1447 spero
971 1386 1058 1428 suum
1068 1365 1289 1429 Excellemiem

86 1462 208 1525 nullam
225 1464 258 1525 in
276 1463 335 1526 boo
353 1464 392 1527 de
410 1462 509 1545 eepite
526 1464 592 1547 ejus
609 1482 749 1545 prooessu
773 1460 961 1542 iniquitatem
982 1473 1179 1545 reperturam.
1220 1463 1289 1527 Neo

88 1560 214 1623 Nobilis
230 1560 254 1624 J
256 1560 371 1637 arvenis,
392 1559 485 1641 Sparr
502 1559 613 1635 (lictus,
633 1558 811 1621 retinebitur
826 1556 846 1618 b
862 1556 959 1634 nobis,
977 1560 1005 1621 si
1023 1560 1147 1640 quidem
1166 1560 1289 1625 isinter

88 1676 174 1719 meos
187 1656 329 1740 supersit,
344 1656 383 1719 (le
396 1676 457 1739 quo
471 1654 584 1737 inquiri
596 1654 715 1718 ioniam.

130 1752 286 1817 Ceterum
298 1752 387 1835 plane
399 1761 523 1816 autumo
535 1751 707 1815 hesternum
718 1751 737 1813 a
747 1760 847 1814 vestra
856 1750 1094 1815 Excellentiaad
1103 1772 1153 1816 me
1162 1753 1286 1817 missum

88 1849 271 1912 'Iubieiuem
288 1869 374 1912 suam
391 1848 573 1932 legationem
586 1867 647 1910 non
660 1849 732 1912 satis
744 1849 923 1931 percepisse,
932 1847 1177 1929 quandoquidem
1190 1862 1290 1913 vesus

92 1944 352 2008 Excellentiatam
366 1944 492 2007 diversis
504 1953 627 2025 tamque
640 1946 717 2008 bene
729 1945 884 2008 instructis
896 1943 1075 2008 exercitibus
1088 1954 1176 2008 aneta
1184 1956 1239 2023 est,
1250 1968 1288 2009 ex

91 2061 156 2123 quo
174 2040 262 2103 fenile
273 2042 371 2105 uideri
390 2050 516 2124 poteret,
531 2062 580 2105 me
598 2042 670 2106 solis
682 2042 828 2109 Caesareis
841 2042 943 2124 oopiis·
952 2041 1044 2125 longe
1055 2040 1237 2113 inferiorem,
1250 2063 1288 2105 ex

91 2137 162 2201 loeo
175 2137 278 2199 tutiori
290 2137 419 2199 cedendi
428 2138 544 2201 nullam
557 2138 695 2201 habuisse
704 2158 843 2202 censam:
864 2140 946 2221 quod
954 2138 982 2199 si
990 2147 1091 2201 tamen
1103 2159 1166 2201 suae
1179 2139 1289 2202 Exoel·

90 2233 195 2296 lentim
211 2233 308 2295 adhue
324 2232 451 2295 biduum
465 2235 565 2316 quoad
579 2234 738 2301 Bavarieae
750 2236 846 2319 oopim
861 2255 932 2299 cnm
946 2235 1054 2297 nostris
1068 2254 1101 2297 se
1115 2237 1288 2320 conjunxis-

91 2340 170 2408 sent,
197 2338 355 2413 expectere
381 2328 526 2408 libuisset,
550 2352 611 2394 non
638 2332 799 2397 defuissem
823 2333 933 2415 ntique.
950 2332 1025 2395 meis
1046 2332 1181 2415 partibus
1201 2334 1288 2398 vobis

67 2455 69 2459 ·
91 2427 296 2511 comparendi,
320 2427 405 2508 quod
425 2427 522 2511 ipsum
545 2428 667 2492 fortuna
689 2439 720 2492 et
740 2439 859 2512 tempus
881 2428 982 2492 adium
1003 2428 1064 2490 alio
1084 2429 1118 2491 iu
1141 2430 1210 2493 loeo
1231 2453 1288 2514 pro

92 2523 318 2607 opportunitate
331 2523 423 2586 debit.
453 2524 547 2598 Quod
559 2525 693 2608 responsi
706 2525 772 2588 loeo
784 2545 871 2588 suam
885 2525 1104 2589 Excellentiam
1115 2526 1212 2590 oelare
1225 2549 1287 2591 non

92 2618 186 2694 volui,
203 2618 328 2682 Divinae
343 2617 529 2683 Proteetioni
541 2622 625 2683 omni
638 2641 676 2684 ex
688 2631 841 2704 pertenue
858 2622 1083 2685 oommendans.
1124 2623 1241 2687 Datum
1254 2625 1285 2687 in

93 2715 210 2780 Castris
224 2715 615 2780 CesarisadSaalleldiam
633 2719 783 2781 13.Juuii
796 2721 861 2781 An.
878 2716 967 2781 1640.
1136 2763 1143 2772 -

734 2817 842 2879 Venire
855 2817 1049 2878 Eseellmtie
1061 2817 1169 2878 Servos

1042 2913 1245 2976 Praemium.
1279 2953 1282 2957 ·

612 3017 766 3102 cosm,

94 3155 276 3214 Litterarum
293 3155 685 3218 Generalirloenmteueutir
698 3157 969 3236 Lnuebsrpemium
985 3159 1143 3235 Copiorsm
1160 3161 1286 3220 Joomuis

315 3252 458 3330 (leopario
472 3252 608 3334 Kzttziap
622 3254 664 3314 ud
679 3253 819 3314 Comitem
834 3253 1067 3314 Pieolominiam.

95 3375 282 3441 Perillustris
294 3378 405 3444 Comes
418 3381 566 3463 imprimis
579 3381 773 3541 oplservanppe
775 3381 909 3445 Domine
919 3380 1077 3445 Genemlis
1086 3381 1286 3448 Maresehalle

621 3497 714 3560 ampr,
775 3522 783 3540 .

98 3586 341 3742 LITTERAE
352 3597 460 3652 vestrae
479 3589 673 3701 Eneellentias
690 3611 765 3674 quas
782 3592 823 3654 ad
841 3591 936 3676 Regis
958 3590 1084 3656 Sueoim.
1126 3592 1286 3657 Generalis

179 3683 372 3748 Maresohalli
382 3685 599 3749 Excellentiam
607 3687 630 3750 J
631 3689 945 3752 oannemBannirium
954 3689 1044 3766 misit,
1055 3691 1140 3753 nobis
1148 3691 1284 3774 legendae
