3225 4700
624 254 709 317 22
1372 249 2185 321 ITINERARIUM.

623 411 1015 485 praestarent3
1057 402 1271 464 borum
1303 423 1417 485 ego
1451 403 1577 485 ipse
1613 405 1805 466 ductu
1835 405 1916 466 ed
1956 403 2293 466 Dominum
2322 402 2701 466 Colonellum
2739 403 3011 467 Guiliel·

627 521 796 562 mum
825 501 970 563 Gall
999 500 1290 563 Ibernum
1318 502 1584 583 perveni,
1616 511 1793 582 atque
1820 523 1960 564 cum
1994 523 2067 564 eo
2104 500 2363 563 natalem
2402 499 2656 561 Domini
2682 501 3014 576 celebravi,

625 598 771 659 inde
807 607 1010 680 postea
1045 597 1312 681 Pragam
1357 597 1436 658 ad
1476 597 1810 660 Dominum
1853 598 2232 660 Colonellum
2272 596 2318 657 J
2321 597 2571 658 acobum
2612 597 2863 659 Gordon
2903 597 3016 658 de-

625 695 844 756 ductus
871 714 1024 755 sum.
1087 693 1200 755 Est
1228 695 1432 777 Praga
1459 695 1674 756 civitas
1690 696 1968 777 Augusta
1992 703 2054 756 et
2080 694 2390 755 Bohemiae
2418 693 2596 754 totius
2622 692 3013 774 Metropolis,

627 791 1062 872 quadripartito
1113 790 1329 863 divisa,
1379 791 1444 851 in
1497 811 1744 873 parvam
1794 793 1889 867 (ut
1937 792 2180 864 vocant)
2225 799 2476 871 partem,
2528 789 2593 849 in
2641 789 3008 869 Antiquam,

632 885 874 947 Novam
911 895 974 946 et
1009 886 1055 947 J
1060 886 1370 947 udoeorum
1408 887 1733 948 civitatem.
1820 886 2223 948 saluberrimo
2254 887 2386 947 loco
2420 886 2534 947 sita
2566 895 2676 961 est,
2717 886 2755 947 ὸ,
2787 885 3014 947 Molda

629 980 896 1057 alluitur,
927 1001 1064 1062 quoe
1092 1002 1156 1043 se
1181 1003 1302 1043 non
1329 983 1537 1063 procul
1567 982 1604 1044 a
1634 981 1838 1064 Pragfl
1864 982 1928 1043 in
1958 983 2169 1043 Albim
2192 991 2490 1044 exonerat.
2572 982 2773 1043 Monti
2801 982 3010 1043 vicino

622 1077 873 1139 incubat
898 1098 1005 1139 arx
1027 1078 1293 1139 visendoe
1319 1077 1808 1158 pulchritudinis,
1837 1098 1912 1139 ex
1937 1098 2058 1159 qua
2087 1087 2241 1139 totus
2268 1076 2435 1139 urbis
2460 1078 2718 1138 ambitus
2741 1076 2861 1158 qufi
2880 1077 3007 1138 late

620 1182 784 1254 patet
821 1174 1202 1253 circumspici
1239 1173 1553 1234 commode
1590 1181 1814 1253 potestt
1867 1195 1944 1235 ex
1980 1172 2101 1235 und
2134 1174 2291 1234 arcis
2329 1183 2497 1254 parte
2531 1173 2794 1254 porticus
2828 1194 3007 1254 spec-

622 1278 784 1332 tatur
807 1269 990 1352 longa
1025 1279 1086 1330 et
1119 1269 1319 1350 ampla
1351 1289 1459 1350 per
1491 1289 1674 1349 quam
1712 1269 1909 1352 Reges
1940 1269 2019 1330 ad
2050 1269 2339 1350 templum
2366 1269 2633 1330 vicinum
2666 1289 3007 1330 commeare

624 1375 1083 1440 consueverunt,
1113 1385 1186 1426 ex
1214 1363 1402 1425 altera
1429 1384 1576 1446 pons
1611 1364 1849 1447 ligneus
1874 1386 1981 1448 per
2005 1385 2188 1446 quem
2218 1366 2281 1426 in
2315 1365 2553 1426 bortum
2580 1365 2759 1426 datur
2784 1366 3003 1427 transi-

619 1471 755 1537 tus;
785 1462 849 1522 iu
876 1461 1159 1542 subjectis
1177 1461 1348 1542 ponti
1373 1460 1562 1522 foveis
1582 1460 1841 1522 ferarum
1858 1462 2071 1523 visitur
2100 1460 2421 1523 multitudo
2447 1482 2670 1544 magno
2690 1461 3005 1522 oculorum

620 1556 909 1618 ludibrio.
993 1557 1143 1617 Vidi
1171 1555 1390 1639 Pragae
1417 1555 1619 1618 locum
1656 1558 1719 1616 in
1746 1577 1867 1638 quo
1904 1558 1968 1618 S.
2003 1557 2392 1619 Wenceslaus
2429 1558 2833 1619 Bohemorum
2860 1557 3004 1618 Rex

625 1652 1005 1715 Drabomirae
1034 1653 1241 1714 matris
1260 1673 1384 1714 suae
1413 1652 1724 1715 fraudibus
1744 1664 1806 1715 et
1832 1655 2094 1715 consiliis
2120 1674 2229 1735 pro
2248 1654 2486 1734 justitia
2510 1663 2571 1715 et
2595 1653 2720 1715 fide
2746 1663 3002 1716 mortem

620 1749 912 1830 oppetiit3
950 1749 1064 1811 sed
1090 1757 1149 1810 et
1175 1749 1301 1809 imo
1325 1749 1583 1833 vestigia
1609 1760 1817 1814 extant
1840 1751 1944 1812 ubi
1974 1760 2165 1812 mater
2191 1751 2478 1812 vindictae
2505 1750 2730 1812 divinoe
2757 1761 3005 1831 experta

619 1852 710 1904 est
724 1844 1120 1926 justissimam
1147 1845 1453 1917 ultionem,
1481 1864 1663 1925 quam
1690 1856 1849 1907 terra
1874 1847 2184 1909 dehiscens
2197 1846 2395 1907 vivam
2423 1867 2563 1908 cum
2590 1845 2790 1907 anima
2816 1846 3000 1907 simul

619 1950 683 2001 et
725 1960 973 2021 corpore
1019 1941 1304 2023 abripuit.
1405 1939 1578 2003 Hinc
1621 1952 1833 2022 quarto
1877 1942 1923 2003 J
1926 1943 2159 2004 anuarii
2196 1941 2297 2003 die
2337 1941 2585 2003 discessi
2630 1952 2699 2003 ut
2742 1962 3001 2022 sequens

619 2045 802 2116 caput
829 2036 1121 2098 ostendet.

1485 2660 1864 2737 CAPUT
1935 2662 2125 2739 VII.

1247 2825 1701 2915 Commigratio
1728 2850 1863 2893 mea
1892 2829 1979 2893 ad
2011 2827 2361 2895 Butler-um.

1129 3012 1241 3072 OL
1270 3012 1536 3074 medium
1576 3012 1718 3075 coeli
1754 3014 2031 3097 attigerat
2068 3034 2210 3076 cum
2251 3013 2455 3096 Pragfl
2488 3015 2631 3088 exii,
2662 3013 2999 3076 comitabar

961 3100 1065 3237 iffi)
1085 3120 1101 3148 ’-
1170 3108 1474 3169 Polonnm
1501 3108 1810 3184 Nobilem,
1838 3110 1941 3189 qui
1970 3109 2242 3172 levandis
2266 3111 2380 3173 vioe
2406 3111 2694 3172 molestiis
2708 3112 2992 3192 jumento

928 3253 929 3256 η
1005 3245 1022 3257 ‹
1069 3205 1101 3237 ’“
1168 3224 1266 3266 me
1287 3205 1472 3285 juvit.
1554 3204 1716 3266 Cum
1752 3204 2045 3266 Jeclitum
2086 3206 2393 3290 attigimus
2434 3206 2593 3268 laute
2636 3207 2882 3288 quidem
2911 3208 2992 3267 ab

632 3293 716 3365 ,4ιῖ
768 3337 788 3361 1„
856 3289 864 3309 ²
941 3337 945 3341 -
965 3281 1105 3433 ἒξ
1170 3300 1404 3381 hos-pite
1433 3321 1639 3362 sumus
1674 3301 1885 3377 habiti,
1922 3303 2028 3363 sed
2060 3304 2136 3363 ob
2178 3324 2351 3384 aquae
2388 3304 2697 3386 penuriam
2730 3301 2991 3364 multum

922 3413 937 3429 ῒ
985 3397 1013 3429 ·“
1173 3397 1433 3479 perpessi
1498 3417 1726 3473 sumus,
1786 3400 2069 3479 qnoniam
2136 3421 2342 3462 omnes
2407 3401 2602 3463 fontes
2666 3398 2991 3481 asperrimo

607 3490 828 3574 frigore
878 3491 1360 3576 congelaverant.
1471 3493 1848 3555 Fertiliorem
1893 3495 2251 3557 Bohemiam
2288 3518 2598 3579 nunquam
2641 3497 2788 3559 alias
2830 3498 2986 3573 vidi,

608 3587 871 3650 maxime
917 3599 1051 3670 post
1096 3588 1397 3671 duplicem
1444 3591 1519 3651 ab
1561 3589 1729 3652 hoste
1783 3600 1845 3652 et
1889 3590 2129 3654 Caesare
2181 3593 2596 3675 direptionem,
2648 3605 2711 3657 et
2749 3595 2990 3679 indige-
