3225 4700
743 530 839 639 {5
897 500 1170 613 *ξύ
1426 524 1540 631 2112,
1790 497 1912 606 ³1²
2172 551 2286 635 ²5²
2545 516 2645 601 ’.ῃ
2934 603 2960 617 ·

1552 811 1617 885 C
1631 810 1700 885 A
1713 810 1773 886 P
1791 810 1861 885 U
1875 810 1940 886 T
2010 809 2069 886 L
2084 810 2180 886 X.

1257 960 1364 1029 De
1388 960 1568 1027 rebus
1590 963 1783 1049 gestis
1811 959 1900 1027 ad
1931 957 2459 1045 Woffenbuthum.

685 1162 686 1165 κ
743 1117 780 1210 ..1212
803 1109 1076 1209 *si-2²2³:
1194 1124 1791 1189 USCEPERANT
1820 1123 2313 1205 Luneburgenses
2337 1122 2500 1185 eirca
2523 1122 2656 1185 haec
2680 1122 2900 1184 eadem
2925 1132 3090 1183 tem-

711 1237 732 1301 ..⁴ss
747 1193 819 1261 5³²?
875 1205 1120 1362 {2²
1144 1209 1160 1217 ”
1235 1241 1383 1305 pora
1420 1221 1732 1304 negotium
1770 1220 2015 1282 omnino
2049 1238 2363 1301 operosum
2404 1226 2464 1280 et
2494 1217 2745 1279 minime
2778 1228 3089 1300 opportu-

699 1301 763 1394 *ἕξ
791 1305 899 1394 „R
930 1293 972 1313 .-
1076 1390 1088 1398 Α
1116 1321 1172 1394 Ε
1236 1337 1405 1391 num,
1433 1318 1676 1399 quando
1702 1314 2269 1378 Wolfenbuthanam
2289 1314 2661 1376 obsidionem
2686 1314 2890 1374 moliti
2910 1325 3086 1374 sunt.

707 1402 771 1470 -ἕῖ-
787 1390 1020 1534 ‘Q
1069 1494 1071 1497 v
1076 1407 1173 1502 '33
1243 1415 1425 1477 Enim
1454 1435 1598 1476 vero
1626 1423 2023 1496 praeterquam
2049 1413 2214 1493 quod
2241 1420 2434 1473 castro
2461 1411 2551 1472 illi
2577 1411 2817 1473 abunde
2837 1420 2977 1472 erat
3004 1414 3088 1472 ab

703 1486 803 1582 f*
847 1494 895 1573 f.-
915 1462 1020 1538 ὑί
1148 1510 1172 1537 ·“’”
1239 1509 1433 1571 omnis
1467 1510 1704 1593 generis
1735 1519 2010 1572 comeatu
2046 1508 2374 1589 provisum,
2402 1506 2846 1569 sufficientem
2824 1527 3088 1587 insuper

679 1568 983 1687 receperat
1007 1575 1336 1691 defensioni
1363 1606 1638 1682 militem,
1667 1606 1768 1668 cui
1795 1626 1936 1667 cum
1963 1604 2215 1687 imperio
2232 1604 2552 1686 praefectus
2569 1604 2766 1666 fuerat
2792 1604 3084 1666 Rausch-

680 1703 1002 1785 enbergius
1029 1702 1125 1764 vir
1150 1702 1398 1764 consilio
1423 1711 1485 1765 et
1509 1703 1691 1765 armis
1717 1701 2210 1783 promptissimus.
2266 1698 2446 1772 Quod
2471 1701 2586 1762 etsi
2615 1700 3083 1783 Luneburgicos

681 1819 802 1861 non
826 1798 1068 1870 latebat,
1096 1799 1395 1861 desiderio
1423 1810 1622 1861 tamen
1659 1799 2085 1881 recuperandae
2118 1797 2514 1859 haereditariae
2549 1797 2797 1859 ditionis
2832 1797 3081 1858 accensi
3180 1816 3181 1864 1

680 1896 1052 1957 obsidionem
1090 1896 1336 1957 omnino
1365 1897 1840 1979 prosequendam
1877 1904 2005 1957 toto
2037 1903 2259 1957 conatu
2294 1902 2614 1977 putaruntz
2665 1893 3080 1955 existimantes

686 1991 851 2054 tanto
887 1992 1179 2075 gloriosus
1216 1992 1343 2053 fore
1376 1992 1638 2068 vincere,
1679 1992 1906 2074 quanto
1942 1989 2352 2074 gloriosiorem
2383 1991 2543 2052 nacti
2578 1990 2828 2052 fuissent
2861 1990 3080 2052 adver·
3180 2056 3181 2079 χ

684 2088 929 2161 sarium,
979 2099 1040 2150 et
1084 2087 1284 2149 locum
1338 2088 1718 2150 munitiorem
1772 2089 2166 2169 suscepissent
2209 2087 2701 2170 expugnandum.
2786 2087 3080 2168 Improbo
3180 2142 3181 2163 ¹

689 2183 875 2265 igitur
900 2184 1098 2246 labore
1125 2192 1186 2245 et
1210 2185 1508 2246 indefesso
1527 2184 1750 2260 studio,
1775 2185 2017 2247 mutatis
2039 2185 2342 2247 interdum
2364 2183 2740 2260 stationibus,
2759 2193 2820 2245 et
2837 2183 3078 2267 partitis

692 2278 754 2338 in
780 2277 980 2360 plures
1005 2279 1301 2341 laboribus
1319 2278 1461 2341 illuc
1483 2300 1670 2362 usque
1690 2282 1994 2364 negotium
2017 2281 2444 2363 perduxerunt,
2469 2289 2534 2342 ut
2554 2300 2846 2361 aquarum
2865 2279 3075 2340 illuvie

687 2384 878 2436 totum
903 2387 1165 2439 castrum
1186 2377 1515 2454 inundarit,
1542 2379 1692 2440 adeo
1719 2386 1786 2439 ut
1811 2377 2214 2460 praesidiarius
2238 2378 2413 2439 miles
2437 2396 2558 2437 non
2585 2377 2703 2437 nisi
2721 2377 2786 2437 iu
2805 2375 3071 2438 editiori-

689 2471 800 2532 bus
827 2472 971 2534 locis
998 2474 1302 2535 continere
1329 2494 1391 2535 se
1417 2483 1631 2555 posset.
1715 2474 1797 2535 Et
1820 2473 1962 2535 licet
1986 2475 2063 2535 ob
2099 2473 2402 2556 angustias
2427 2472 2809 2534 habitationis
2841 2473 3070 2534 incom-

700 2568 959 2629 modisse
986 2570 1251 2651 degeret,
1283 2590 1394 2631 nec
1422 2571 1529 2632 diu
1556 2571 1863 2633 videretur
1888 2572 2065 2633 rebus
2091 2571 2177 2632 ita
2202 2570 2492 2632 stantibus
2520 2590 2690 2652 posse
2721 2570 3066 2653 perdurare3

698 2664 925 2725 invicta
949 2674 1147 2726 tamen
1174 2667 1457 2747 patientia
1485 2667 1711 2728 ducum
1737 2686 2080 2729 communes
2107 2666 2372 2728 miserias
2399 2687 2540 2728 cum
2574 2667 2849 2749 gregario
2884 2666 3068 2726 milite

698 2759 1119 2840 perferentium
1146 2770 1207 2822 et
1233 2761 1634 2823 obsidentium
1661 2764 1977 2844 praefracta
2000 2762 2253 2824 audacia
2277 2762 2339 2821 in
2368 2762 2691 2843 perniciem
2709 2762 3065 2823 obsessorum

703 2866 826 2917 tam
858 2857 1053 2919 valide
1080 2866 1140 2918 et
1167 2858 1409 2918 cordate
1437 2859 1740 2919 ruentium
1764 2859 2219 2934 existimulabat,
2249 2868 2315 2920 ut
2337 2868 2602 2920 extrema
2628 2859 2824 2940 potius
2846 2859 3065 2940 perpeti

702 2953 1043 3028 resolveret,
1072 2973 1253 3034 quam
1281 2953 1470 3015 furori
1497 2964 1559 3015 et
1585 2953 1908 3015 calamitati
1935 2955 2167 3016 cedere.
2251 2955 2573 3016 Eminebat
2595 2955 2751 3016 inter
2768 2956 3062 3036 praesidia-

703 3050 821 3111 rios
848 3058 991 3111 tunc
1018 3050 1168 3110 forte
1205 3050 1281 3109 ab
1316 3050 1504 3110 animi
1541 3049 1893 3111 fortitudine
1920 3071 2226 3133 nunquam
2254 3051 2396 3112 satis
2421 3051 2758 3113 laudandus
2791 3052 3064 3133 equestris

707 3146 995 3227 manipuli
1039 3145 1328 3208 Centurio
1366 3144 1934 3226 (Immerniichtern,
1978 3166 2083 3207 seu
2119 3146 2362 3207 familiae
2396 3148 2655 3227 proprio,
2683 3167 2788 3208 seu
2828 3148 2863 3208 ὲ
2900 3148 3062 3208 sociis

707 3240 918 3300 affecto
944 3241 1266 3324 agnomine
1294 3242 1690 3320 vocitabatur)
1718 3242 1824 3322 qui
1849 3261 2007 3323 saepe
2034 3243 2253 3324 saepius
2278 3252 2471 3304 castro
2496 3243 2768 3318 emissus,
2787 3264 2888 3325 per
2904 3245 3061 3306 cuni-

706 3335 872 3396 culos
910 3357 1361 3417 nonnunquam,
1405 3338 1756 3419 plerumque
1792 3349 1996 3419 aperto
2040 3359 2271 3422 campo,
2314 3339 2631 3401 vellicabat
2672 3338 2915 3416 hostem,
2955 3361 3058 3401 nec

706 3452 974 3513 unquam
1001 3433 1233 3496 redibat
1260 3434 1570 3516 inglorius,
1597 3433 1745 3514 quin
1765 3433 1864 3495 vel
1883 3437 2150 3516 captivos
2168 3438 2494 3507 reduceret,
2519 3435 2617 3498 vel
2635 3456 2836 3497 ensem
2853 3438 3055 3498 recenti

706 3525 963 3587 hostium
992 3527 1282 3608 sanguine
1314 3528 1622 3588 rubentem
1650 3526 1913 3588 referret.
1970 3529 2176 3590 Rebus
2202 3531 2363 3594 hunc
2382 3532 2446 3592 in
2467 3533 2713 3594 modum
2744 3534 3053 3595 constitutis

703 3623 1046 3685 metuebant
1082 3623 1270 3704 copiae
1311 3622 1624 3696 Caesareae,
1661 3644 1735 3683 ue
1772 3644 1891 3703 qua
1926 3625 2114 3686 nimia
2151 3629 2499 3691 necessitate
2535 3640 2931 3711 premerentur
2959 3631 3052 3691 ob-
