3225 4700
353 285 417 351 304
750 282 774 348 1
779 280 1055 351 Tritanum
1061 282 1147 350 UM.

301 460 307 469 ·
355 443 509 506 Praetoriae
522 441 647 525 legionis
661 440 790 517 Ductor,
811 441 991 523 Rudolphus
1009 441 1264 519 Birckenseldius‚
1281 442 1305 507 J
1307 443 1440 505 unislaus
1462 442 1567 525 Kyn-

353 541 465 615 sclrius,
485 549 515 601 et
536 538 708 600 Gulielmus
729 537 956 619 Hockiugerus.

393 636 461 697 Hos
485 635 702 697 comitabantur
727 636 890 696 earundem
915 634 1079 718 legionum,
1104 634 1204 697 locum
1228 644 1372 708 tenentes,
1395 635 1565 698 Colonelli

352 741 489 813 quatuor,
505 730 646 792 Praefecti
658 729 730 791 item
745 728 857 811 vigiliis
870 731 1002 811 supremi
1016 740 1086 807 tres,
1100 730 1209 813 viginti
1226 740 1285 792 tres
1302 732 1424 813 insuper
1441 740 1561 792 centu-

288 835 293 849 “
351 830 449 891 mones
463 828 606 908 equitum.
649 826 691 888 Et
704 828 781 888 iuter
795 826 850 887 hos
866 826 1089 888 Illustrissimus
1109 826 1249 888 Marchio
1268 826 1473 889 Durlsceusis
1492 826 1560 889 Ca-

351 924 432 985 rolus
446 924 590 1006 Magnus,
608 922 718 1004 aliique
736 922 825 983 facile
843 930 963 983 centum
981 922 1139 984 officiales:
1167 924 1322 1007 gregarius
1339 924 1426 984 miles
1450 922 1560 985 mille·

351 1021 469 1081 uarium
485 1039 641 1081 numerum
660 1018 819 1080 excessisse
837 1018 967 1092 dicitur:
988 1020 1039 1080 ubi
1057 1020 1098 1081 ad
1115 1020 1197 1082 urbis
1215 1029 1316 1101 portus
1333 1020 1555 1092 substiterunt,

350 1138 389 1178 ne
402 1116 527 1178 confuso
541 1117 646 1178 ordine
664 1115 861 1189 innodaretur,
881 1114 979 1175 visum
996 1124 1041 1177 est
1058 1115 1198 1177 ordinare
1215 1116 1296 1178 huuc
1311 1117 1342 1177 iu
1356 1118 1489 1177 modum
1504 1117 1555 1176 in·

350 1233 495 1295 gressum,
513 1221 547 1274 ut
566 1212 707 1295 praeireut
725 1211 767 1272 52
783 1210 902 1272 circiter
921 1211 1104 1293 cataphracti
1121 1212 1246 1292 equites,
1268 1212 1321 1273 hos
1340 1211 1427 1292 equis
1451 1212 1551 1273 etiam

348 1310 489 1371 sublimes
501 1315 693 1388 sequerentur
703 1305 844 1367 Marchio
856 1306 1004 1368 Badensis
1015 1328 1104 1390 supra
1112 1309 1282 1370 nominatus
1293 1327 1362 1369 cum
1374 1308 1552 1390 Schleugio

348 1407 402 1488 qui
415 1407 568 1468 sinistrum
581 1403 725 1484 principis
738 1401 817 1463 latus
829 1401 966 1484 stipabat,
981 1403 1052 1465 istos
1065 1423 1141 1485 poue
1159 1403 1177 1464 h
1190 1413 1275 1485 tergo
1292 1403 1473 1485 premebant
1484 1414 1548 1465 tres

348 1503 400 1563 alii
408 1504 473 1583 jam
488 1501 561 1562 dicti
575 1498 722 1562 Colonelli
735 1518 805 1559 oum
819 1498 884 1561 aliis
897 1500 1055 1581 praecipuis
1069 1500 1243 1561 officialibus
1255 1500 1381 1581 captivis
1395 1502 1545 1562 succede-

348 1601 421 1661 bant
440 1599 508 1660 duae
526 1596 677 1659 Centuriae
697 1593 965 1676 cataphractorum.
1014 1596 1134 1677 Captivi
1154 1616 1224 1657 vero
1243 1595 1351 1678 reliqui
1368 1596 1503 1658 inermes
1524 1598 1543 1657 h

346 1696 461 1777 reliquo
474 1695 568 1758 milite
580 1694 811 1755 deducerentur.
856 1693 1099 1774 Quamprimum
1118 1692 1198 1755 intra
1214 1693 1318 1754 urbem
1337 1692 1463 1754 admissi
1476 1692 1542 1753 fue·

347 1802 418 1853 runt
431 1792 518 1873 sigua
530 1790 678 1871 equestria
691 1790 728 1851 ab
742 1791 920 1854 adversariis
938 1790 1059 1852 obtenta
1076 1789 1115 1850 ad
1132 1790 1228 1850 aedem
1242 1787 1419 1870 Principem
1438 1789 1540 1851 delata

254 1879 257 1894 ¹
346 1896 425 1949 sunt.
467 1887 588 1969 Captivi
608 1887 679 1949 verb
699 1888 731 1948 iu
751 1888 885 1951 diversas
902 1888 1007 1949 domos
1029 1896 1060 1949 et
1081 1885 1229 1947 custodias
1248 1886 1393 1967 tantisper
1411 1886 1538 1947 deducti

345 1984 445 2065 quoad
464 1983 504 2046 27
523 1982 630 2045 Martii
649 1982 757 2044 devehi
776 1986 908 2047 secundo
925 1983 1067 2045 Danubio
1084 1989 1203 2064 possent
1220 1981 1369 2043 Viennam
1390 1982 1535 2043 Austriae.

346 2079 455 2141 Placet
460 2078 517 2140 hoc
525 2078 591 2139 loco
598 2086 737 2154 attexere,
748 2100 816 2160 quae
827 2081 976 2156 lemmata,
986 2078 1147 2160 praecipuis
1157 2076 1275 2139 vexillis
1283 2098 1320 2139 ex
1332 2076 1536 2161 Sohlaugiuna

345 2175 430 2238 clade
443 2174 609 2256 reportatis,
622 2175 766 2258 inscripta
778 2175 899 2237 fuerint.

386 2272 480 2354 Signa
492 2269 655 2332 universim
669 2270 775 2331 vicena
791 2290 810 2331 a
824 2270 969 2333 cesares
986 2271 1106 2332 obtenta
1125 2269 1251 2331 fueraut.
1293 2270 1406 2331 Eorum
1425 2270 1533 2350 praeci·

343 2388 437 2450 punm
450 2388 487 2429 ex
500 2387 560 2428 uua
572 2377 655 2448 parte
669 2366 747 2429 hanc
759 2368 982 2449 inscriptionem
996 2366 1117 2430 serebat.
1158 2368 1262 2429 Virtus
1275 2388 1347 2429 uera
1355 2366 1533 2428 nobilitas-

344 2465 392 2526 Ex
406 2462 659 2525 meent-Cum
674 2464 741 2524 Deo
757 2473 787 2526 et
803 2463 986 2525 Victrieibus
1005 2463 1284 2524 armis-Alterum
1300 2462 1474 2524 ostendebat
1494 2484 1531 2524 ex

342 2561 399 2622 hac
413 2561 488 2622 facie
502 2567 560 2621 stat
576 2560 607 2620 iu
621 2559 753 2642 potentia
767 2561 838 2635 Dei,
853 2580 889 2621 ex
904 2558 1076 2620 altera-ln
1094 2559 1150 2620 hoc
1168 2560 1255 2642 siguo
1271 2558 1454 2620 uinces-In
1471 2559 1530 2620 alio

342 2657 496 2739 legebatur
516 2676 551 2717 ex
572 2676 634 2717 uno
653 2655 835 2717 latere-In
856 2655 989 2718 Nomine
1011 2656 1072 2717 Dei
1090 2656 1191 2717 Patris
1210 2667 1241 2718 et
1259 2655 1330 2717 Filii
1349 2663 1380 2716 et
1400 2655 1528 2736 Spiritus

343 2752 446 2815 Sancti
466 2750 562 2812 hostes
578 2762 693 2814 nostros
710 2753 989 2834 aggredimur-ex
1009 2751 1304 2824 altera-Domine,
1326 2751 1459 2813 Dextera
1477 2761 1529 2813 tua

341 2849 436 2911 vincit
449 2847 556 2909 hostes.
580 2848 726 2920 Quartum
739 2849 885 2909 referebat
897 2846 968 2908 hinc
982 2847 1250 2928 quidem—Quod
1263 2847 1362 2910 fecero
1374 2849 1524 2910 sectamini

340 2943 496 3006 -lsthiuo
517 2943 759 3005 verb—Gladius
778 2943 904 3004 Domini
922 2953 951 3004 et
970 2943 1106 3004 Gedeou.
1149 2943 1315 3016 Quinctum
1333 2945 1523 3026 spectandum

339 3041 489 3124 praebebat
506 3039 537 3100 in
556 3039 646 3120 priori
663 3037 950 3119 facie—Persequar
968 3037 1105 3100 inimicos
1124 3059 1214 3113 meos,
1229 3039 1261 3098 iu
1277 3039 1446 3120 posteriore,
1461 3030 1522 3102 Do-

339 3138 420 3198 mine
434 3137 452 3198 h
466 3156 513 3197 me
526 3145 621 3198 stante
634 3157 695 3197 uon
708 3135 830 3196 timebo.
872 3134 912 3194 In
930 3143 1013 3197 sexto
1029 3135 1375 3198 uidebatur-Audaces
1395 3135 1520 3198 Fortuna

333 3232 589 3314 juvat-Et-Tu
601 3242 707 3293 contra
718 3232 876 3294 audentior
889 3231 940 3292 itu.
983 3231 1149 3314 Septimum
1162 3229 1319 3293 exhibebat
1333 3232 1519 3314 Epigrapheu

337 3330 456 3390 -'-Gum
471 3330 539 3390 Deo
552 3337 582 3390 et
593 3329 767 3390 uictricibus
785 3328 876 3388 armis
893 3337 924 3388 et
939 3328 1119 3389 certantibus
1139 3327 1263 3389 offertur
1279 3328 1422 3390 Victoria.
1460 3329 1518 3390 Oc·

227 3411 234 3425 ’
336 3437 438 3488 mrum
451 3425 494 3486 ita
505 3423 831 3505 loquebatur,—Gorde
844 3422 940 3485 clamo
953 3433 984 3485 et
996 3423 1134 3485 manibus
1146 3444 1256 3505 pugno.
1299 3424 1423 3486 Nonum
1436 3425 1516 3486 deui-

335 3543 394 3604 qne
411 3542 447 3583 ex
461 3520 558 3602 prima
574 3499 650 3582 lisele
668 3519 1057 3603 preferebat-Precinxit
1075 3539 1123 3581 me
1141 3520 1252 3583 uirtute
1270 3521 1309 3582 ad
1326 3521 1514 3582 bellum—ex

333 3614 789 3695 secunda-Jehovamemeuto
799 3615 869 3708 mei.
911 3615 1055 3679 Mousbat
1064 3615 1177 3679 interea
1187 3616 1343 3679 Generalis
1352 3617 1512 3679 Banuerius
