3225 4700
488 305 897 378 ITINERARIUM.
1244 323 1288 390 39

21 533 25 544 Ι
85 461 157 524 hae
171 461 344 526 riaebautur
356 461 542 525 excubitores
555 463 587 524 in
600 461 687 546 porti
700 463 777 527 sulse
790 465 930 528 exteriori
942 487 1004 543 sex,
1020 468 1051 530 in
1065 468 1201 533 interiori
1211 475 1283 536 verb

88 571 230 641 quatuor,
248 559 358 639 quibus
371 561 424 642 jus
439 569 504 622 erat
517 561 712 637 introeuntes,
730 563 813 625 uude
830 574 939 639 esseut,
958 565 1070 644 quidve
1087 567 1284 648 postularent,

88 657 285 740 interrogare.
327 655 512 728 Quindecim
529 658 659 739 denique
675 659 707 720 in
724 679 791 721 eam
810 661 1006 724 intendebant
1020 683 1136 740 curam,
1151 674 1185 726 ut
1202 667 1285 728 vicos

89 755 219 827 obirent,
240 765 439 834 canerentque
466 756 712 837 perstrepentium
739 758 963 840 rixantiumque
989 760 1159 839 molestias3
1193 782 1286 844 qnam

90 851 172 914 enim
194 851 335 933 strepitus
353 853 572 933 cujuscunque,
590 853 639 914 vir
657 852 708 914 hic
729 853 820 916 merit
839 853 1009 936 impatiens,
1028 858 1101 918 satis
1122 858 1287 940 loquuntur

90 958 185 1009 muter
203 949 295 1009 etiam
315 947 438 1020 charta,
456 949 531 1010 adeo
551 957 641 1010 utne
660 950 845 1030 passerculos
860 951 979 1018 acutius
995 974 1100 1015 rocem
1117 957 1286 1019 attollentes

91 1043 168 1104 ferre
181 1054 290 1125 posset.
332 1045 471 1106 Aderant
484 1045 573 1106 etiam
588 1045 628 1106 ed
641 1047 705 1127 ejus
719 1047 863 1128 obsequia
875 1049 1010 1128 quotidie
1023 1069 1076 1110 sex
1086 1051 1223 1114 Berones
1232 1074 1285 1115 sex

93 1141 249 1220 Equssmis
263 1141 378 1203 ordinis
390 1142 450 1203 uiri
462 1141 588 1216 nobiles,
602 1151 711 1223 praeter
724 1144 882 1224 sexaginta
893 1144 1033 1225 ephebos,
1046 1148 1100 1226 qui
1118 1157 1152 1208 ut
1164 1149 1286 1211 civilem

92 1245 121 1298 et
141 1237 274 1300 aulicam
295 1239 389 1300 vitam
411 1238 612 1314 erudirentur,
635 1238 846 1321 aparentibus
864 1242 1002 1302 sanctim
1023 1244 1285 1306 submittebantur.

93 1333 165 1394 Non
182 1343 307 1417 tangam
328 1334 385 1396 hoc
403 1335 470 1396 loco
489 1335 677 1415 Gynecaeum
697 1335 853 1398 nobilitate
872 1347 903 1398 et
919 1359 1045 1399 numero
1062 1340 1235 1421 spectabile,
1253 1343 1285 1402 in

92 1432 277 1494 consortium
288 1431 427 1514 conjugis
441 1433 481 1494 ad
494 1431 615 1493 lectum.
658 1433 738 1494 Cum
754 1435 1010 1515 progrediendum
1028 1436 1208 1517 quandoque
1221 1452 1287 1500 erut

92 1529 122 1588 in
150 1528 320 1609 publicum,
343 1528 563 1610 qninquaginta
585 1528 698 1603 esseda,
721 1529 816 1589 tribus
843 1550 987 1609 eqnomm
1010 1532 1096 1614 jugis
1122 1541 1219 1594 tracta
1245 1535 1286 1596 ad

92 1625 356 1687 Wsllensteinium
373 1624 469 1686 solum
484 1625 649 1706 spectantia
661 1624 892 1702 comitabantur,
908 1637 1016 1708 praeter
1028 1649 1064 1688 ea
1077 1648 1145 1709 qua
1164 1630 1286 1692 aliunde

92 1721 214 1784 honoris
228 1721 318 1783 oausd
335 1722 528 1783 accedebant.
571 1719 713 1782 Plaustra
726 1741 795 1802 quse
809 1722 990 1783 colinariam
1007 1734 1183 1804 apparatum
1196 1724 1285 1786 rehe-

93 1819 165 1880 bant
190 1819 320 1880 habebat
345 1818 484 1879 similiter
504 1817 727 1899 quinquagena,
753 1837 882 1898 quornm
904 1819 1025 1900 singula
1050 1829 1178 1899 quatuor
1200 1823 1286 1902 equis

93 1913 285 1976 vehebantur.
327 1914 508 1976 Aulicorum
527 1912 644 1975 Rhedae
662 1915 797 1994 undique
811 1914 890 1975 vitro
907 1914 1017 1977 clausae
1037 1917 1142 1977 decem
1160 1918 1286 1979 aderant

93 2011 228 2094 singulas
237 2031 288 2072 sex
299 2011 369 2092 equi
380 2011 604 2092 precedebant:
622 2009 803 2072 famulitium
818 2021 963 2093 equestre
972 2012 1191 2095 quinquaginta
1200 2014 1286 2094 equis

92 2107 328 2190 generosissimis
354 2106 480 2168 sublime
504 2106 687 2189 portabatur,
713 2127 843 2189 quornm
867 2108 966 2188 quivis
993 2109 1034 2171 ad
1057 2109 1136 2170 latus
1159 2111 1288 2172 ducebat

91 2204 186 2265 alium
208 2225 319 2285 equum
336 2203 544 2286 operosissime
561 2203 730 2279 instratum,
747 2204 779 2264 in
797 2223 887 2265 usum
903 2203 1059 2285 ipsiusmet
1078 2205 1175 2267 Ducis
1196 2205 1285 2268 Frid·

91 2301 213 2364 landiae.
257 2301 490 2365 Stabulabantnr
503 2301 568 2383 ejus
581 2301 651 2382 equi
670 2300 702 2361 iu
722 2301 813 2363 unico
826 2301 919 2383 equili
938 2302 1016 2364 miro
1034 2301 1118 2365 cultu
1131 2303 1284 2367 fabricato.

94 2398 249 2481 Prmsepia
268 2410 354 2461 erant
370 2418 547 2471 marmorea,
561 2398 600 2459 ad
614 2398 742 2479 quodvis
760 2418 863 2460 eorum
879 2398 946 2461 fons
958 2399 1156 2461 vivacissimae
1173 2411 1203 2462 et
1215 2400 1285 2461 lim-

91 2496 258 2577 pidissimae
279 2516 366 2577 aquae
390 2495 523 2568 saliebat,
547 2514 602 2576 pro
625 2494 810 2576 adaquandis
832 2496 989 2577 jumentis.
1041 2496 1114 2558 Nou
1139 2497 1285 2579 proculi

92 2593 215 2655 Palatio
233 2594 336 2656 hortus
355 2592 574 2654 amoenissimus
587 2592 751 2667 colebatur,
765 2593 994 2673 aqueductibus
1007 2601 1037 2654 et
1049 2592 1154 2654 statuis
1165 2594 1285 2675 elegan-

88 2689 215 2751 tissimis
235 2702 366 2764 ornatus,
384 2690 417 2750 in
431 2688 492 2750 line
506 2688 585 2750 horti
600 2688 760 2749 Aristium
773 2688 1022 2769 conspiciebatur,
1037 2710 1075 2751 ex
1087 2686 1285 2751 omni‘avium

89 2806 203 2869 genere
216 2786 491 2861 instructissimum,
506 2784 537 2845 in
556 2804 592 2847 ec
605 2784 697 2845 rariae
716 2796 801 2847 erant
818 2784 929 2865 plante
946 2805 982 2846 ac
1000 2786 1118 2846 arbores
1136 2785 1176 2847 ed
1194 2786 1285 2849 nidu-

88 2882 218 2945 laudnm
240 2883 346 2945 aribus
366 2892 455 2965 aptae,
474 2892 504 2943 et
523 2902 562 2943 ne
583 2880 642 2962 qud
664 2882 740 2943 forte
761 2881 854 2942 cased
873 2882 1066 2964 egrederetur
1082 2882 1211 2957 avicula,
1231 2882 1285 2945 filo

87 2981 189 3043 ferreo
201 2980 354 3063 eleganter
366 2978 530 3061 composito
542 2986 621 3039 totus
635 2977 685 3039 ille
699 2978 829 3039 ambitus
842 2977 1087 3039 concludebatur.
1131 2978 1170 3039 Iu
1183 2979 1285 3041 medio

85 3077 170 3138 horti
183 3085 248 3138 erat
258 3076 375 3157 piscina
383 3076 501 3150 nobilis,
513 3094 605 3156 quam
615 3074 814 3136 dilicatissimi
823 3074 951 3155 piscium
960 3073 1134 3155 implebant.
1165 3074 1283 3137 Mensae

85 3174 157 3255 ejus
176 3173 294 3235 lautitia
304 3173 355 3234 vel
371 3173 443 3233 iude
462 3171 626 3254 colligitur,
641 3170 723 3251 quod
740 3170 854 3232 eadem
870 3190 988 3251 mappa
1002 3180 1037 3255 ‘et
1051 3172 1190 3233 mantilia
1205 3192 1283 3233 nun-

86 3290 182 3352 quam
195 3288 331 3331 mensam
343 3270 390 3329 bis
402 3276 577 3342 sternerent,
592 3267 651 3329 nisi
664 3266 777 3348 optime
791 3267 874 3347 prius
887 3266 967 3339 lotae,
980 3277 1011 3328 et
1023 3267 1189 3329 rectissime
1202 3290 1284 3330 com·

86 3368 207 3451 positae.
251 3366 344 3429 Hauc
356 3365 481 3427 vivendi
494 3374 525 3425 et
537 3364 711 3427 edificandi
725 3364 871 3425 rationem
889 3365 988 3426 ubivis
1002 3364 1137 3425 locorum
1154 3368 1283 3428 oenebm.

88 3464 216 3527 Gidsiui
230 3462 312 3525 enim
326 3462 483 3544 pallacium
494 3470 628 3523 erexerat
640 3460 731 3521 simili
745 3460 807 3521 lere
821 3458 926 3535 lormd,
937 3480 1009 3521 cum
1017 3461 1121 3541 equili,
1130 3462 1183 3524 ubi
1192 3462 1283 3523 etiam

88 3560 190 3623 medii
212 3580 306 3642 prope
324 3560 362 3620 ab
383 3559 457 3620 urbe
476 3556 563 3619 leuci
580 3556 682 3619 locum
703 3557 950 3637 circumsepserat
969 3556 1003 3617 in
1022 3558 1233 3619 educationem
1253 3568 1285 3619 et

89 3658 284 3720 seminarium
298 3676 454 3738 equorum,
469 3654 501 3717 in
515 3654 602 3737 cujus
621 3654 723 3716 medio
734 3654 844 3715 turrim
856 3653 961 3715 statuit
972 3673 1064 3733 quam
1077 3654 1184 3716 incolit
1196 3652 1282 3734 vigil,
