3225 4700
350 340 413 403 206
747 334 768 399 1
774 333 1051 403 TINERARI
1056 334 1141 401 UM.

388 491 450 553 IX.
474 490 608 573 Septimo
621 490 739 554 decimo
750 492 891 554 Octobris
901 491 1145 573 comesquldam
1159 493 1291 555 ιιιιίοιιο
1305 490 1493 575 Huugrrus
1502 514 1560 556 cum

346 588 518 672 quingentis
538 588 689 670 equitibus
708 588 811 671 Prage
827 588 1000 658 dimittitur.
1015 598 1049 650 ut
1060 589 1100 651 de
1113 588 1212 652 Sueoo
1228 589 1325 651 eirea
1348 590 1560 652 Brundusium

346 695 452 769 agente
465 695 548 748 certa
557 686 714 767 indagaret
723 694 753 749 et
761 684 885 746 referret
893 686 933 748 ad
942 686 1107 747 exercitum
1119 695 1259 748 nostrum
1273 686 1425 748 nuncia:
1448 685 1499 748 bic
1508 709 1558 751 uon

346 783 441 845 multo
454 792 520 864 post
532 800 681 865 egressum
696 800 785 843 ιιιιιιιι
800 781 820 843 b
832 781 971 843 Suedlcis
987 782 1163 848 latrunculis
1175 782 1427 856 circundantur,
1442 803 1481 844 ac
1493 804 1560 864 equo

345 880 377 941 in
400 880 474 963 ingl
494 878 670 953 collabente,
691 878 730 940 ab
752 876 836 939 hoste
855 876 1055 959 intercipitur,
1078 878 1143 961 ipse
1164 899 1235 946 rere
1256 878 1410 941 libertati
1433 892 1557 943 mactus

344 976 548 1058 captivitatem
562 974 672 1057 aegrius
685 972 784 1036 ferens
796 973 893 1035 multo
905 984 1017 1036 conatu
1030 976 1202 1056 captiuitate
1212 994 1245 1037 se
1260 976 1424 1057 expedire
1434 977 1476 1037 ud
1486 977 1557 1037 labo

343 1082 400 1148 rat,
423 1092 552 1154 cumque
572 1092 633 1133 non
654 1070 714 1132 nisi
738 1079 853 1131 armata
872 1090 964 1132 mauu
985 1071 1019 1133 id
1039 1072 1165 1134 obtineri
1186 1092 1279 1153 posse
1300 1072 1442 1149 videret,
1462 1074 1553 1137 caesim

342 1168 478 1250 punctim
492 1188 551 1249 quc
565 1186 652 1230 ossus
664 1166 776 1228 terebat
793 1168 826 1227 in
844 1166 950 1232 obvios
966 1167 1031 1229 sins
1048 1167 1223 1230 discrimine
1243 1169 1356 1244 erevit,
1381 1169 1429 1230 ita
1446 1180 1482 1229 ut
1500 1170 1555 1251 ipse

342 1266 472 1348 denique
485 1277 597 1347 septem
611 1264 708 1347 plegio
720 1265 840 1325 saucius
853 1263 987 1328 animose
1000 1265 1175 1328 conciderit
1211 1266 1297 1349 Ejus
1313 1266 1456 1328 cadaver
1470 1265 1505 1327 H
1506 1288 1553 1327 nn·

342 1363 407 1445 gari
421 1362 470 1423 vel
483 1382 538 1423 ιιιο
556 1360 645 1421 etiam
667 1359 814 1443 sanguine
831 1359 1041 1422 redimendum
1056 1370 1291 1443 putarentque
1306 1361 1399 1423 circa
1417 1372 1554 1423 renovato

341 1459 447 1542 prelio
468 1478 523 1539 pro
546 1456 690 1519 Ductoris
712 1457 757 1517 sui
781 1456 898 1519 exuviis
920 1457 1018 1523 multo
1040 1478 1162 1520 snorum
1182 1458 1345 1541 sanguiue
1367 1459 1550 1541 depugnant,

340 1555 441 1636 quoad
462 1555 584 1616 taudem
603 1554 641 1615 ab
663 1553 748 1615 hoste
769 1561 958 1616 extorserunt
977 1574 1015 1615 ex
1038 1554 1138 1616 nnime
1154 1574 1281 1636 eorpus,
1308 1556 1401 1637 quod
1423 1554 1550 1635 Pragam

339 1672 441 1713 secum
454 1651 654 1725 abduxerunt,
668 1670 704 1712 ac
718 1650 933 1733 perhonorifice
947 1660 982 1713 ut
994 1654 1093 1713 virum
1106 1650 1289 1713 bellicosum
1305 1652 1442 1714 decebat
1456 1651 1548 1732 sepul·

340 1748 412 1812 ebro
426 1747 601 1811 intulerunt.

380 1844 422 1906 X.
447 1844 518 1904 Hoc
531 1844 637 1905 eodem
651 1864 753 1910 meuse
770 1844 940 1927 gravissiuri
961 1855 1059 1906 motus
1077 1845 1156 1907 iuter
1172 1844 1298 1928 Anglos
1312 1854 1347 1907 et
1360 1844 1470 1907 flectes
1481 1842 1545 1925 glis·

339 1950 423 2016 cunt,
443 1940 481 2002 ob
499 1941 682 2001 ceremonias
694 1940 841 2021 quaedum
860 1941 1086 2004 Ecclesiasticus
1102 1942 1152 2003 vel
1174 1941 1375 2004 innovandas
1395 1941 1447 2003 vel
1466 1942 1545 2001 abro-

339 2038 471 2121 gaudeat
492 2036 544 2117 qui
564 2034 754 2099 hauddubie
775 2056 830 2099 sno
851 2046 985 2119 tempore
1005 2038 1038 2098 iu
1059 2037 1246 2121 apertlssirna
1264 2048 1299 2099 et
1321 2048 1452 2119 cruenta
1473 2036 1542 2096 bella

339 2133 479 2196 videntur
501 2132 644 2214 erupturi.
687 2132 771 2195 Secti
792 2134 873 2214 typis
895 2134 1030 2215 diploma
1050 2134 1230 2217 evulgarunt
1254 2154 1323 2217 quo
1347 2134 1408 2196 sibi
1429 2133 1542 2212 suisque

339 2231 426 2291 rebus
439 2228 565 2311 pellium
581 2232 792 2311 proterebant,
806 2228 831 2291 J
833 2230 1023 2311 uetitlamqne
1037 2230 1096 2291 sibi
1113 2231 1361 2312 patrocinantem
1380 2230 1481 2291 multis
1498 2249 1540 2289 ar·

339 2328 489 2413 gementis
502 2329 702 2392 adducebant.
724 2327 840 2392 Contra
852 2348 923 2389 vero
933 2327 1104 2410 Anglornm
1114 2328 1182 2390 Rex
1195 2328 1429 2392 minacissimae
1438 2346 1540 2408 easque

339 2437 473 2508 patentes
488 2426 601 2490 litteras
618 2425 728 2506 passim
747 2425 831 2508 affigi
850 2425 931 2501 lecit,
944 2425 1054 2506 quibua
1070 2425 1228 2487 Scotorum
1245 2426 1449 2488 rebellionem
1467 2422 1537 2484 serio

339 2523 546 2606 exaggerabat,
562 2542 685 2602 reosque
696 2520 843 2583 Criminis
857 2523 950 2583 Laesae
961 2521 1131 2603 Majestatis
1142 2522 1249 2605 Regiae
1264 2524 1460 2585 adducebat:
1481 2539 1539 2579 om-

339 2641 392 2681 nes
412 2639 500 2699 porro
521 2618 680 2700 Principes
700 2627 730 2680 et
750 2627 844 2681 status
863 2618 1074 2706 obtestubatus‚
1092 2639 1130 2680 ue
1144 2618 1163 2679 a
1175 2638 1231 2682 sno
1243 2621 1352 2702 capite
1367 2615 1536 2681 dissidentia

339 2715 472 2778 membra
484 2714 632 2790 audirent,
647 2723 700 2776 aut
713 2713 744 2774 iu
759 2735 792 2776 re
806 2715 911 2796 iniqua
922 2717 960 2777 ils
973 2714 1085 2776 santio
1098 2715 1245 2778 adessent.

379 2811 440 2872 XI.
463 2811 571 2872 Mense
581 2811 747 2873 Novembri
762 2811 978 2874 illustrissimus
991 2810 1139 2892 Princeps
1151 2831 1187 2872 ac
1199 2811 1357 2879 Dominus
1366 2811 1407 2873 ds
1417 2809 1531 2891 eggen-

337 2909 411 2991 berg
418 2907 607 2970 matrimouio
616 2908 673 2968 sibi
678 2907 784 2989 junxit
793 2907 978 2969 Marchionis
987 2908 1153 2970 Christiani
1163 2907 1397 2970 Oulmbacensis
1409 2906 1529 2968 Frliam:

340 3005 514 3086 Sponeaque
530 3024 566 3065 eo
581 3013 713 3086 tempore
727 3003 901 3064 Ratisbouoe
914 3003 1077 3084 magnifico
1095 3025 1165 3065 cum
1183 3013 1332 3085 apparatu
1345 3012 1467 3083 accepts
1477 3007 1526 3072 est,

337 3105 425 3185 eujus
437 3101 544 3164 honori
557 3101 658 3162 omnia
670 3107 817 3162 tormenta
831 3098 940 3160 bellice
956 3100 1069 3180 majore
1087 3101 1264 3182 minoraque
1282 3101 1384 3162 soluta
1401 3106 1478 3172 sunt,
1494 3114 1528 3155 ac

337 3199 528 3279 postmodum
541 3198 632 3260 etium
646 3197 757 3259 ibidem
772 3195 884 3277 nuptie
895 3195 978 3279 regio
988 3217 1079 3279 prope
1089 3207 1211 3278 sumptu
1224 3197 1395 3265 celebratae.
1417 3194 1524 3256 Eodem

338 3313 431 3377 prope
446 3304 578 3376 “mpure
593 3294 703 3356 comes
716 3293 757 3356 de
774 3291 904 3354 Fueutes
921 3303 987 3373 post
1002 3294 1056 3355 diu
1074 3315 1192 3356 summe
1208 3313 1281 3356 cum
1302 3293 1446 3376 patientia
1464 3309 1525 3370 per·

338 3378 569 3476 pessosdolcres
582 3389 758 3472 Autuerpioe
771 3389 820 3471 pie
830 3389 862 3449 ln
875 3389 1008 3452 Domino
1018 3391 1211 3466 obdormivit,
1225 3393 1292 3474 ejus
1303 3399 1428 3452 mortem
1440 3402 1521 3446 omne

338 3509 430 3573 prope
445 3487 587 3570 Belgium
602 3489 708 3552 acerbo
719 3507 791 3552 enm
802 3485 908 3548 dolore
918 3488 1022 3562 sensit,
1036 3488 1147 3570 quippe
1164 3489 1218 3570 qni
1237 3490 1278 3549 ob
1296 3487 1390 3549 iidem
1406 3493 1436 3545 et
1450 3479 1521 3560 vigi·

338 3585 463 3649 lantiam
480 3584 561 3667 apud
577 3603 680 3645 omnes
698 3601 822 3645 summas
840 3582 1013 3664 intusque
1030 3583 1209 3647 cruditionis
1225 3583 1363 3646 homines
1383 3586 1445 3641 ertu
1463 3574 1519 3634 cls·

338 3683 482 3746 riseimus.
525 3681 592 3743 Nec
610 3679 704 3742 multo
724 3688 791 3762 poet
808 3679 981 3742 Ratisbonee
996 3699 1116 3762 quoque
1133 3680 1211 3743 viris
1227 3678 1355 3742 excessit
1370 3668 1518 3738 Generalis
