3225 4700
337 363 402 428 340
639 438 646 455 ‚
732 355 1137 424 [naucularum.

342 516 439 578 uellus
454 512 588 575 Heuster
600 510 624 572 J
626 510 724 572 unior.
765 508 941 571 Colonellns
956 507 1098 591 Legionis
1112 506 1260 570 Ludovici
1275 508 1444 591 Gonzagae.
1491 506 1543 567 Lo-

342 621 533 674 cnm-tenens
545 608 686 692 Legionis
696 606 925 668 Miiusterianae.
959 606 1193 667 Locum-tenens
1204 606 1345 689 legionis
1356 606 1543 685 Bruayanae‚

344 710 588 793 Baumgardner.
630 706 864 767 Iocum-teneus
884 704 1024 787 Legionis
1052 702 1161 765 veteris
1179 703 1405 779 Picolomineae,
1432 702 1544 783 Crepa.

342 810 574 869 Iocum-tenens
588 803 727 885 Legionis
741 801 981 863 Bucheimiauae.
1024 800 1254 863 Locum-teneus
1269 801 1411 884 legionis
1431 800 1545 861 Borni-

341 902 480 963 vallanae.
522 901 755 961 Locum-tenens
770 898 912 980 legionis
921 897 1106 959 Reichianae.
1149 896 1385 960 Iocum-tenens
1400 896 1546 980 Legionis

342 1000 602 1060 Fernemontanae.
644 996 814 1057 Praesectus
834 995 947 1078 vigiliis
966 1015 1123 1076 supremus
1140 996 1172 1055 in
1193 996 1327 1079 Legione
1340 997 1437 1057 veteri
1454 995 1545 1055 Pico·

341 1096 473 1157 lomiuea
483 1093 593 1155 Comes
608 1092 736 1154 Petatzi.
778 1091 948 1153 Praefectus
960 1091 1074 1173 uigiliis
1089 1112 1248 1174 supremus
1264 1112 1300 1153 ex
1316 1093 1453 1175 legione
1467 1110 1546 1151 noua

343 1192 559 1254 Picolominea.
602 1191 767 1271 Supremos
791 1188 906 1272 vigiliis
928 1188 1090 1270 praefectus
1111 1208 1150 1249 ex
1178 1188 1310 1271 Legione
1335 1188 1544 1261 Moncatlani,

342 1290 455 1351 Bauer·
704 1369 753 1428 Es
766 1374 858 1445 parte
876 1366 1011 1426 Cesarea
1023 1366 1183 1458 uulnerati.

383 1482 502 1543 Praeter
512 1479 694 1555 vulneratos,
703 1499 779 1559 quos
790 1478 870 1539 inter
882 1479 1015 1559 captivos
1028 1479 1165 1560 superius
1179 1478 1344 1556 retulimus,
1355 1478 1408 1541 alii
1422 1500 1543 1563 quoque

342 1578 492 1640 vulnerati
506 1584 676 1651 evaserunt,
693 1595 822 1654 quorum
835 1574 961 1636 vulnera
974 1594 1043 1635 cum
1057 1584 1203 1635 testentur
1220 1575 1379 1637 militarem
1394 1578 1543 1651 animum,

342 1675 449 1736 merito
476 1693 550 1735 seroe
571 1673 736 1755 posteritati
762 1692 867 1735 eorum
888 1672 1011 1733 nomina
1031 1672 1258 1755 consignantur,
1280 1681 1351 1734 suut
1377 1688 1482 1735 antem
1501 1694 1545 1735 se·

341 1783 476 1854 quentes.

379 1866 553 1929 Colonellus
566 1865 763 1946 Warloffsky.
806 1865 981 1928 Colonellua
999 1864 1188 1927 Vorhauber.
1230 1864 1370 1926 Marchio
1387 1865 1542 1928 Palavici-

341 1987 408 2026 nus.
451 1963 627 2026 Golonellus
642 1961 771 2023 Kracht.
814 1962 1049 2024 Iocum-tenens
1070 1960 1214 2043 Legionis
1235 1961 1441 2023 Coloredauae.
1489 1964 1541 2024 Lo

342 2070 531 2122 cum-tenens
546 2059 687 2141 Legionis
701 2057 979 2119 Rambsdorffianae.

384 2156 490 2218 Nolim
504 2156 576 2217 uero
590 2154 647 2216 hac
660 2174 728 2215 mea
742 2154 904 2235 scriptione
918 2155 973 2216 ulli
988 2152 1115 2217 suboriri
1129 2154 1267 2227 dubium,
1282 2154 1355 2235 quin
1370 2164 1485 2237 praeter
1498 2176 1539 2217 re·

342 2253 470 2314 censitos
494 2251 600 2313 heroes
626 2249 750 2331 plurimi
776 2250 829 2311 alii
850 2251 965 2314 fuerint
988 2250 1079 2333 primi
1101 2250 1234 2311 subsellii
1256 2250 1376 2324 milites,
1395 2253 1449 2333 qui
1472 2254 1542 2314 licet

342 2348 470 2410 viriliter
483 2370 553 2409 cum
568 2348 652 2410 hoste
670 2347 823 2429 congressi
838 2359 917 2409 sunt.
961 2347 1028 2409 Hos
1047 2357 1148 2410 tamen
1170 2347 1256 2409 Deus
1271 2347 1370 2410 salvos
1383 2348 1402 2410 a
1416 2349 1540 2411 vulnere

341 2457 372 2508 et
386 2457 481 2508 morte
494 2447 526 2506 in
541 2445 666 2506 meliora
679 2454 824 2526 tempora,
830 2443 878 2505 vel
892 2443 965 2506 alias
978 2444 1158 2516 occasiones,
1168 2465 1232 2506 esse
1244 2445 1351 2522 voluit,
1362 2447 1473 2526 quibus
1488 2467 1542 2530 ego

342 2543 463 2605 laudem
477 2563 563 2604 suam
577 2541 703 2601 minime
717 2542 894 2625 derogatum
909 2562 960 2604 eo:
981 2561 1031 2602 eos
1045 2541 1162 2602 tantum
1177 2563 1350 2624 percensere
1363 2542 1456 2618 uolui,
1468 2564 1540 2624 qno

340 2660 408 2700 rum
422 2639 523 2699 adme
537 2638 661 2698 nomina
674 2639 789 2718 perlata
801 2647 882 2714 sunt,
900 2639 1012 2722 quique
1026 2639 1065 2700 ad
1081 2638 1278 2700 Historiolam
1292 2660 1389 2701 meam
1404 2651 1541 2722 spectare

342 2735 443 2816 aliquo
458 2735 563 2796 saltem
577 2735 667 2796 modo
680 2735 871 2796 videbantur.

687 2867 737 2925 En
751 2867 872 2927 Succicd
880 2877 969 2944 porte
983 2868 1189 2928 occubuerunt.

381 2976 540 3039 Generalis
552 2979 773 3040 armamentarii
787 2979 946 3060 praefectus
957 2979 1018 3040 Lili
1033 2979 1153 3041 Hoeck.
1196 2980 1355 3042 Generalis
1365 2982 1540 3065 vigiliarum

340 3073 499 3155 praefectus
514 3074 658 3159 Schlaug.
700 3075 874 3138 Colonellus
892 3087 922 3139 et
940 3077 1138 3139 Consiliarius
1153 3076 1287 3139 Bellicus
1301 3079 1435 3140 Grubbe.
1479 3079 1541 3142 Co·

339 3169 468 3232 lonellus
483 3172 615 3234 Bibbau.
656 3171 830 3235 Golouellus
851 3174 1020 3237 Schlieben.
1063 3174 1297 3236 Locum-tenens
1316 3175 1460 3258 Iegionis
1474 3179 1541 3238 An·

243 3338 245 3341 ¹
336 3266 412 3328 toni.
454 3267 689 3331 Iocum-teneus
704 3269 848 3352 legionis
867 3270 962 3353 Stieg.
1000 3270 1233 3332 Locum-tenens
1246 3271 1387 3353 legionis
1404 3273 1539 3356 Tratzig.

339 3362 524 3444 capitaneus
539 3365 652 3428 Bauer.
693 3365 1067 3451 CapitaneusMortaigne.
1107 3367 1290 3448 capitaneus
1306 3367 1520 3449 Mansperson.

666 3507 669 3511 ’
685 3499 736 3556 Er
747 3497 868 3558 Seeeico
881 3501 1012 3558 exercitu
1026 3499 1183 3558 uulnerati.

380 3610 540 3672 Generalis
565 3611 716 3691 equitatus
744 3611 893 3674 Stalhaus.
947 3611 1122 3674 Colonellus
1147 3611 1321 3674 Steinboclr.
1362 3610 1539 3674 Colonellus

338 3705 502 3768 Fritzlews.
545 3707 781 3769 Iocum-tenens
798 3707 941 3792 legionis
961 3708 1097 3771 Rochau.
1141 3709 1373 3772 Locum-tenens
1393 3709 1537 3792 legionis
