3225 4700
706 463 776 518 ⁹⁹
955 521 1041 573 w2
1100 580 1117 597 .
1315 463 1470 571 Σὺ
1571 531 1589 535 0
1733 519 1878 602 πρ
2111 462 2182 534 τ’
2440 478 2617 593 521:
2860 458 2918 529 ’²

1474 776 1851 852 CAPUT
1921 775 2135 852 XLI.

856 950 1238 1040 Metropolis
1271 950 1617 1017 Sabaudioe
1643 950 1727 1017 ab
1754 950 2025 1038 ejusdem
2053 949 2357 1039 Principe
2391 946 2627 1015 Thema
2651 960 2712 1014 et

1454 1053 1535 1120 H
1534 1054 1770 1139 ispani-3
1798 1063 2158 1141 occupatur.

1134 1237 1650 1302 o'rIEBA'rUR
1692 1260 1895 1303 rerum
1938 1239 2004 1302 in
2051 1238 2355 1302 eabaudia
2397 1238 2764 1300 Francorum
2806 1236 3007 1321 Regu

994 1333 1089 1441 ,ῑῖ
1167 1335 1406 1398 nomine
1433 1334 1778 1399 Cardinalis
1802 1337 1881 1399 de
1905 1335 1966 1398 la
1982 1335 2219 1399 Valette
2245 1356 2388 1398 cnm
2409 1336 2589 1398 Duce
2609 1335 2688 1397 de
2717 1336 3009 1417 Longue-

637 1477 653 1514 Γ
720 1433 741 1456 ⁸
911 1409 1126 1538 ξιτ-Β
1123 1432 1354 1495 ville
1333 1452 1644 1515 ipsamque
1669 1433 2067 1495 Taurinorum
2095 1434 2460 1516 Augustam,
2489 1433 2575 1494 ita
2599 1429 2836 1494 volente
2863 1433 3011 1493 Du·

865 1526 869 1550 '
1164 1530 1318 1592 cissa
1350 1529 1669 1593 Sabaudiae
1693 1530 1964 1593 defuncti
1993 1530 2191 1592 Ducis
2215 1530 2422 1603 vidua,
2460 1529 2788 1591 obtinebat.
2874 1528 3008 1590 Sed

685 1666 690 1670 ·
829 1662 837 1668 ·
967 1691 969 1693 ,
1163 1631 1311 1692 dnm
1338 1630 1665 1692 meditatur
1687 1629 2008 1691 consilium
2034 1631 2111 1691 de
2136 1628 2323 1690 armis
2356 1626 2540 1709 regiis
2575 1626 3008 1706 promovendis

600 1725 683 1787 ad
712 1682 1064 1789 Cuneanam
1091 1727 1512 1803 munitionem,
1538 1746 1722 1808 quam
1749 1726 2104 1788 obsidebant
2128 1734 2274 1787 tunc
2309 1724 2461 1785 forte
2491 1721 3006 1805 Longuevilliani,

599 1821 813 1903 adjicit
836 1822 1128 1898 animum,
1154 1832 1466 1904 castraque
1491 1842 1601 1885 sua
1629 1822 1807 1885 sociis
1832 1822 2043 1885 castris
2067 1822 2372 1895 admovet,
2400 1827 2579 1900 atque
2615 1818 2700 1880 ita
2726 1817 3008 1879 destituit

600 1917 916 1998 potissimo
946 1919 1231 2001 praesidio
1267 1917 1587 1981 Sabaudiae
1623 1917 2022 2000 metropolim.
2108 1917 2250 1979 Non
2285 1916 2482 1999 potuit
2514 1914 2646 1977 hoec
2679 1913 3004 1976 Gallorum

602 2022 727 2073 tam
773 2024 979 2095 aperta
1026 2014 1325 2076 temeritas
1368 2012 1553 2075 latere
1600 2012 1956 2095 Principem
2012 2013 2333 2076 Sabaudiae
2379 2011 2672 2074 Thomam
2725 2010 3004 2073 defuncti

605 2109 804 2171 Ducis
834 2110 1081 2173 fratrem
1118 2110 1516 2184 Germanum,
1551 2110 1663 2172 sub
1695 2110 1977 2191 auspiciis
2016 2109 2280 2191 Hispani
2315 2118 2462 2171 tunc
2505 2108 2886 2183 militantem,
2932 2117 3006 2169 ut

611 2224 758 2287 ergo
784 2206 1069 2287 cognovit
1095 2205 1482 2269 cardinalem
1515 2205 1889 2282 abscessisse,
1923 2206 2252 2287 urbemque
2282 2225 2406 2267 non
2442 2204 2562 2267 nisi
2591 2205 2782 2266 tribus
2812 2203 3006 2287 legio-

606 2302 784 2363 nibus
831 2301 1087 2365 Gallicis
1137 2302 1527 2385 propugnari,
1578 2301 1694 2365 tria
1737 2302 2008 2384 equitum
2062 2301 2254 2364 millia
2302 2302 2671 2383 totidemque
2725 2302 3002 2384 peditum

609 2409 984 2481 quantocyus
1037 2400 1310 2476 adducit,
1358 2400 1688 2480 eodemque
1739 2399 1938 2462 adhuc
1985 2399 2084 2462 die
2134 2399 2523 2462 Fortelicium
2574 2400 2637 2461 in
2688 2395 3004 2461 semilunae

606 2495 866 2578 figuram
899 2507 1039 2560 ante
1070 2498 1280 2559 urbem
1314 2506 1676 2574 extructum,
1705 2498 1870 2579 quod
1900 2496 2138 2559 nonnisi
2164 2498 2202 2559 a
2227 2497 2524 2560 duodenis
2551 2496 2749 2558 Gallis
2772 2499 3002 2559 servari

607 2609 993 2674 cognoverat,
1027 2592 1283 2655 feliciter
1315 2602 1659 2675 expugnat:
1704 2592 2111 2674 postridieque
2149 2602 2288 2655 ante
2324 2593 2467 2655 solis
2503 2603 2702 2656 ortum
2741 2594 3002 2655 admotis

610 2688 1051 2768 Pyrobolorum
1081 2709 1186 2750 seu
1211 2689 1449 2771 ignium
1484 2689 1948 2751 artificiosorum
1981 2687 2294 2765 machinis,
2331 2689 2482 2750 duas
2520 2698 2720 2770 portas
2748 2689 2863 2771 disj
2872 2690 2998 2765 icit,

606 2785 912 2867 murisque
935 2786 1274 2847 conscensis
1308 2785 1521 2846 urbem
1550 2784 1746 2847 victor
1782 2785 1912 2846 sine
1949 2785 2241 2867 sanguine
2275 2805 2540 2860 suomm,
2577 2787 2684 2847 sed
2723 2807 2838 2848 nec
2880 2807 3003 2847 uno

615 2881 863 2962 quidem
912 2882 1270 2956 desiderato,
1316 2881 1659 2962 ingreditur
1683 2887 1938 2963 gsummo
1982 2901 2122 2942 cum
2170 2881 2396 2943 civium
2443 2881 2690 2964 plausu3
2750 2884 3004 2945 immani

607 3071 981 3134 velocissime
1023 3080 1328 3154 receperat
1374 3091 1495 3132 una
1536 3092 1677 3133 cum
1722 3073 1988 3133 Ducissa
2028 3072 2213 3134 vidua
2252 3073 2383 3135 filio
2427 3074 2717 3158 Principe
2758 3085 3000 3157 totoque

609 3165 879 3228 Familiae
923 3187 1047 3228 suae
1085 3167 1394 3249 Gynaeceo
1433 3167 1559 3228 solo
1604 3188 1787 3249 prope
1832 3167 2071 3229 indusio
2111 3170 2350 3232 amicta.
2445 3172 2711 3236 Obtenta
2740 3176 2888 3236 urbe
2919 3176 2999 3237 ad

604 3263 999 3343 direptionem
1036 3264 1387 3345 provolabat
1426 3264 1622 3336 miles,
1657 3285 1797 3327 cum
1832 3263 2128 3347 Princeps
2156 3265 2414 3329 Thomas
2441 3269 2552 3330 sub
2577 3290 2755 3352 poena
2785 3271 2999 3352 capitis

606 3357 860 3434 inhibet,
885 3379 962 3420 ne
989 3361 1125 3441 quis
1152 3360 1303 3422 ullas
1330 3361 1489 3424 aedes
1524 3361 1837 3424 invaderet
1866 3361 2130 3439 civium3
2173 3363 2330 3425 datoe
2365 3373 2563 3426 tamen
2599 3367 2821 3446 praedae
2859 3379 2999 3432 sunt

606 3454 821 3515 domus
846 3474 1051 3517 omnes
1080 3456 1501 3518 Ministrorum
1541 3457 1762 3519 Galliae
1800 3457 2010 3540 Regis,
2051 3459 2441 3542 ejusdemque
2479 3463 2739 3525 nationis
2773 3485 2999 3527 merca-

607 3560 826 3625 torum,
878 3550 925 3613 J
933 3552 1259 3626 udoeorum,
1305 3553 1447 3614 item
1491 3554 1698 3634 magni
1742 3554 2110 3616 cancellarii
2155 3565 2216 3617 et
2257 3555 2568 3633 Proesidis,
2616 3580 2688 3620 ac
2734 3562 2999 3623 sedecim

600 3645 853 3708 aliorum
902 3647 1152 3711 Civium
1189 3649 1467 3732 Principi
1512 3650 1759 3714 Thomoe
1805 3651 2005 3713 minus
2047 3651 2398 3729 faventium,
2439 3654 2694 3717 Comitis
2737 3657 2997 3740 denique
