3225 4700
332 369 376 436 36
724 359 748 429 Ι
753 357 1038 429 TINERARI
1045 360 1130 427 UM.

332 517 442 601 pendia
462 515 572 578 faciat?
614 515 692 589 Quis
715 515 857 598 deinceps
875 515 967 578 fidem
991 515 1020 577 ei
1040 516 1184 597 spondeat
1200 522 1254 576 aut
1272 512 1417 595 prestet?
1455 513 1532 596 ago

332 624 479 696 quantum
497 613 620 694 quidem
637 613 677 674 ad
697 633 747 674 me
766 635 803 674 ex
822 633 903 674 nnnc
918 613 1003 694 juro,
1021 632 1071 672 me
1090 620 1195 673 contra
1214 611 1354 672 Austrios
1370 610 1529 672 facturum

330 711 478 792 quamdiu
493 709 593 772 vitalis
616 709 737 790 spiritus
760 709 815 770 hos
837 719 921 792 reget
940 717 1042 782 artns3
1076 706 1200 769 accessit
1220 706 1448 769 Wallensteinio
1472 726 1530 767 so·

330 807 433 869 lennia
445 808 536 868 verba
549 807 696 888 praeeunti
708 806 773 887 jam
794 807 912 888 pridem
931 804 1044 866 Caesari
1058 803 1189 865 offensus
1207 804 1265 879 Ilo,
1280 804 1435 885 primaque
1452 803 1528 863 istic

331 905 444 965 foedera
470 904 633 964 stabiliunt.
685 902 793 983 Itaque
821 901 1017 963 consoedcrati
1043 901 1133 962 simul
1159 920 1229 962 cnm
1255 900 1388 960 exercitu
1415 909 1529 960 contra
1610 966 1612 999 γ

332 1001 447 1062 hostem
464 1010 596 1076 movent,
615 1019 676 1061 non
696 1000 728 1060 in
742 998 858 1059 hostem
872 998 1047 1081 pugnaturi,
1062 998 1115 1058 sed
1130 997 1316 1059 Caesarianas
1329 995 1428 1076 copias
1440 997 1528 1056 fame

331 1096 516 1176 miseriisque
534 1097 691 1176 perdituri.
734 1094 881 1155 Haerebat
902 1104 976 1156 tunc
995 1095 1034 1155 ad
1058 1093 1187 1155 Sucinia
1210 1092 1417 1167 Wallenstein,
1438 1093 1528 1153 unde

331 1193 527 1254 Caesareanas
541 1192 695 1254 Glotzium
709 1189 781 1251 duci
792 1190 894 1270 jussit,
908 1190 977 1252 istic
996 1211 1033 1250 ex
1049 1189 1237 1251 fidelioribus
1257 1189 1371 1250 Coesari
1392 1189 1529 1250 ducibus

331 1309 368 1349 ex
388 1309 447 1350 non
465 1289 591 1350 occultis
609 1287 702 1370 signis
719 1284 969 1360 animadvertere,
988 1306 1079 1366 qnam
1095 1285 1234 1366 iniquum
1252 1295 1357 1346 contra
1369 1285 1526 1348 Gaesarem

331 1384 490 1445 consilium
503 1384 677 1466 agitaretur,
688 1403 744 1444 nec
758 1390 857 1443 umen
871 1382 1022 1443 audebant
1034 1382 1133 1463 pdam
1144 1382 1350 1444 infidelitatem
1363 1381 1526 1443 Fridlaudi
1611 1410 1612 1423 κ

330 1499 466 1561 arguere,
486 1479 622 1559 quamvis
639 1478 671 1540 in
689 1478 814 1560 privatis
831 1477 986 1559 colloquiis
1005 1478 1115 1540 multos
1129 1499 1239 1560 eosque
1253 1479 1378 1539 infames
1389 1488 1528 1539 sererent

332 1576 411 1636 inter
423 1595 454 1636 se
469 1595 628 1637 sermones.
671 1574 836 1636 Sweinitzii
851 1576 946 1637 vitem
959 1595 1044 1636 snam
1064 1575 1305 1637 innocentissime
1320 1575 1442 1656 reliquit
1457 1595 1527 1636 ma·

331 1671 551 1734 chinationibus
568 1669 799 1747 Wallensteinii,
820 1669 916 1754 Regis
933 1672 1043 1734 Daniae
1060 1671 1167 1732 Filius.
1208 1672 1282 1747 ch,
1298 1692 1367 1733 cnm
1381 1672 1476 1753 impia
1487 1674 1524 1733 in

332 1769 482 1831 Caesarem
498 1766 623 1828 consilia
642 1767 839 1850 agitarentur,
857 1769 876 1830 d
899 1768 1066 1830 Succorum
1086 1769 1220 1849 partibus
1237 1778 1326 1849 pacta
1345 1779 1525 1846 asserturus,

330 1885 400 1926 cum
419 1871 561 1946 potestate
576 1863 684 1925 missus
706 1874 781 1939 erat,
797 1864 876 1926 sicut
894 1873 924 1926 et
943 1863 1143 1926 Piccolomini
1161 1865 1181 1925 l
1198 1864 1437 1937 Wallensteinio,
1451 1887 1525 1926 cnm

327 1961 399 2022 verd
413 1961 571 2040 iniqua(ut
584 1959 776 2037 videbantur)
791 1961 874 2020 dicto
887 1960 1018 2042 principi
1028 1960 1180 2042 proposita
1191 1970 1299 2034 essent,
1315 1961 1427 2024 infecta
1439 1983 1471 2022 re
1479 1963 1523 2023 ad

331 2077 401 2120 suos
424 2077 560 2117 reversus
584 2065 638 2132 est,
653 2075 722 2136 quse
746 2056 870 2136 quidem
897 2077 944 2118 rea
965 2056 1226 2118 Wallensteinium
1251 2058 1379 2139 pessime
1404 2058 1522 2134 habuit,

332 2152 585 2235 cogitationesque
599 2171 701 2212 ornnes
718 2153 831 2213 ineam
849 2172 914 2212 rem
931 2152 1061 2214 intendit
1077 2163 1110 2214 ut
1131 2175 1162 2215 se
1176 2154 1214 2215 de
1237 2155 1350 2235 optimo
1375 2155 1524 2237 Principe

331 2248 430 2328 (qnasi
443 2267 585 2330 maguam
599 2248 655 2309 sibi
677 2248 819 2328 injuriam
835 2248 998 2325 intulisset)
1015 2248 1199 2312 vindicaret:
1229 2252 1345 2313 dimisit
1363 2253 1436 2335 ergd
1457 2251 1523 2312 und

331 2365 403 2407 cum
416 2343 498 2407 dicto
513 2344 657 2426 Principe
672 2344 924 2406 Piccolominium
939 2352 974 2407 ut
988 2366 1057 2407 eum
1071 2346 1111 2407 ad
1124 2369 1193 2409 snos
1206 2349 1397 2410 conduceret.
1438 2349 1522 2411 Cam

330 2442 403 2503 vcrd
416 2442 455 2503 ad
469 2441 602 2503 rivulum
615 2441 819 2522 pervenissent
832 2462 868 2503 ac
881 2442 1005 2503 militari
1018 2444 1108 2505 modo
1122 2444 1299 2527 Scloporum
1310 2447 1523 2508 exoneratione

330 2537 419 2613 facti,
442 2538 498 2600 sibi
525 2538 657 2599 invicem
679 2537 746 2598 vale
766 2538 914 2614 fecissent,
940 2538 1059 2599 iuterim
1076 2560 1114 2600 ex
1131 2540 1248 2602 insidiis
1261 2542 1347 2603 miles
1364 2542 1522 2625 globulum

330 2636 441 2697 emittit
453 2644 483 2696 et
498 2634 606 2695 Damae
625 2632 801 2715 Principem
814 2634 980 2695 secundum
993 2656 1044 2697 cor
1056 2639 1285 2699 transverberat.
1328 2637 1414 2700 Hinc
1427 2658 1521 2719 qnam

330 2750 401 2795 mox
421 2730 590 2794 Caesareani
609 2729 641 2790 in
660 2728 775 2791 hostem
793 2739 895 2805 ruunt,
909 2741 941 2792 et
960 2730 1048 2811 parts
1059 2732 1186 2795 rictorid
1208 2735 1387 2796 Generalem
1401 2736 1522 2797 militie

331 2828 506 2911 prefectum
520 2825 669 2888 Comitem
684 2826 722 2887 de
735 2825 819 2886 Turn
838 2827 961 2907 capiunt
977 2837 1009 2889 et
1028 2829 1067 2889 ad
1085 2829 1346 2893 Wallensteinium
1367 2833 1520 2915 ablegant,

330 2948 420 3009 quem
435 2948 504 2990 curn
520 2926 690 2987 retinuisset
702 2924 816 3005 aliquot
828 2926 946 2987 dierum
966 2928 1079 3008 spacio,
1098 2936 1310 3009 ummssetque
1330 2949 1400 2990 cnm
1420 2950 1457 2991 eo
1479 2932 1521 2992 de

330 3023 507 3105 proditionis
520 3022 680 3104 proposito,
694 3022 757 3082 sina
771 3021 842 3083 ullis
853 3022 950 3103 pactis
961 3022 1039 3097 aliis,
1053 3034 1106 3085 aut
1118 3022 1198 3090 litro.
1213 3023 1377 3086 immunem
1393 3026 1520 3089 dimisit.

333 3119 383 3180 De
396 3138 456 3200 qua
469 3138 501 3179 re
514 3139 583 3179 cum
598 3119 722 3180 Ducum
737 3119 883 3201 praecipui
898 3119 1154 3182 stomacharentur
1166 3120 1209 3181 ait
1221 3120 1428 3197 Wallenstein,
1443 3126 1521 3204 quid

330 3213 423 3276 vultis
437 3234 525 3297 agam
546 3235 616 3276 cum
639 3215 744 3275 insano
764 3214 909 3277 hominel
942 3217 1058 3278 utinam
1079 3217 1170 3279 Sneci
1187 3217 1342 3279 ductorem
1364 3220 1520 3283 meliorem

330 3310 447 3371 nullum
474 3311 617 3372 haberent
641 3310 739 3371 facilis
762 3312 850 3372 nobis
870 3310 947 3373 foret
968 3314 1125 3395 pugnandi
1151 3322 1182 3377 et
1206 3317 1400 3398 expugnandi
1420 3326 1520 3380 totam

332 3408 435 3469 orbem
448 3416 537 3469 terrae
549 3406 633 3483 ratio,
647 3406 715 3488 plus
732 3408 795 3489 ipse
809 3408 894 3469 nobis
907 3410 1040 3489 proderit
1051 3411 1130 3471 inter
1142 3410 1240 3473 hostes
1256 3412 1347 3492 quam
1356 3412 1407 3475 hlc
1420 3415 1520 3476 nobis·

331 3524 402 3565 cum
423 3502 455 3563 in
476 3502 658 3582 captivitate.
700 3504 731 3564 A
745 3503 831 3565 clade
850 3503 927 3565 hosti
940 3504 1033 3582 illatd,
1048 3507 1191 3588 pauculos
1207 3508 1239 3568 in
1253 3510 1359 3571 eodem
1373 3510 1441 3573 loco
1453 3511 1521 3573 dies

331 3598 463 3661 substitit
482 3598 736 3675 Wallensteinius,
748 3608 852 3681 postea
863 3600 936 3662 verd
948 3620 1019 3663 cum
1031 3602 1171 3665 omnibus
1183 3606 1279 3686 copiis
1293 3606 1325 3666 in
1339 3606 1521 3669 Bohemiam

331 3694 405 3758 abiit
428 3695 495 3759 istic
515 3694 746 3776 hybernaturus,
768 3698 1012 3781 propositumque
1031 3720 1120 3763 suum
1144 3702 1185 3763 cd
1211 3701 1305 3766 finem
1323 3704 1520 3769 deducturus.
