3225 4700
351 306 410 367 12⁰
740 298 1147 369 ITINERARIUM.

384 455 510 519 Viderat
520 455 587 537 jem
602 452 698 515 multd
711 462 781 515 ente
792 454 1001 537 sagacissimus
1014 453 1260 515 Wimarieusium
1275 454 1358 529 Dux,
1376 452 1533 515 Brisacu

344 562 411 634 post
420 552 595 614 diuturnam
603 549 789 612 obsidionem
799 551 852 613 vix
863 550 1069 631 possediutius
1082 551 1227 613 sustinere
1237 552 1283 612 sui
1292 550 1397 613 militis
1407 550 1502 632 vigil

343 658 404 709 tem
413 647 571 720 ceutelem,
582 646 643 728 qud
652 647 750 708 omnis
760 646 950 723 commeatui,
962 667 1022 727 quo
1032 647 1163 708 maxime
1173 647 1283 709 obsessi
1293 647 1489 717 laborabant,
1505 666 1550 708 ac

343 764 442 805 cessus
456 742 705 824 praecludebatur,
717 742 759 803 ite
772 750 806 803 ut
819 760 866 802 res
878 760 980 801 eorum
994 739 1158 800 admodum
1171 748 1264 801 curtm
1279 739 1340 802 illic
1349 742 1416 822 jem
1427 761 1535 801 essen

342 850 378 902 ut
387 839 426 901 ob
436 839 644 922 grsrimimem
653 838 763 901 semem
773 848 805 900 et
814 837 989 920 quotidiana
998 836 1103 897 funere
1112 836 1290 918 prmsidierii
1300 836 1395 899 multb
1406 836 1563 919 emplids

342 936 541 997 munitionem
560 945 659 997 tenere
678 956 738 997 non
756 943 885 1017 possent.
926 932 1036 993 Emisit
1052 933 1145 1017 igitur
1158 942 1220 995 tem
1234 954 1271 994 ex
1284 933 1428 1015 peditatu,
1445 951 1559 1013 quarn

341 1033 477 1113 equitatu
498 1052 563 1108 suo,
585 1034 637 1113 qui
658 1052 801 1113 quorsum
823 1038 876 1091 eut
896 1049 987 1108 quem
1008 1029 1040 1089 in
1064 1038 1178 1110 partem
1198 1050 1229 1091 se
1250 1030 1377 1092 thzius
1396 1040 1555 1101 verteret,

340 1131 458 1190 mature
472 1129 679 1211 explorarent·
700 1124 816 1186 hicum
831 1145 868 1187 ex
879 1124 1064 1186 Caessreonis
1073 1126 1170 1187 varios
1185 1126 1318 1207 captivos
1328 1126 1555 1199 adduxissent,
1545 1170 1571 1235 ,4

340 1226 457 1307 abipso
472 1227 560 1286 Duce
575 1222 732 1284 Bernsrdo
745 1220 908 1281 examinati
920 1220 1035 1282 sincere
1052 1222 1220 1293 edixerunt,
1235 1224 1348 1285 nescire
1362 1244 1394 1284 se
1410 1222 1571 1304 quidem
1571 1274 1572 1347 q

339 1323 414 1403 quid
428 1320 554 1383 thzius
567 1318 732 1393 moliretur,
748 1337 846 1399 quove
860 1317 1023 1379 exercitum
1037 1328 1114 1380 esset
1128 1319 1330 1394 traducturus,
1344 1319 1401 1381 hoc
1417 1330 1573 1425 certum

337 1415 420 1497 quod
435 1414 679 1489 Weldisbudnm,
691 1434 751 1475 non
764 1414 807 1475 ita
817 1413 933 1495 pridem
946 1413 1075 1476 venisset
1088 1414 1249 1497 Philippus
1260 1414 1368 1477 Comes
1379 1416 1417 1477 de
1429 1379 1573 1477 Massi

339 1512 401 1573 feld
424 1511 442 1571 i
464 1510 583 1572 Ctesere
599 1511 640 1571 ed
662 1511 826 1586 Beretum,
846 1519 936 1590 etque
957 1509 1029 1571 hinc
1047 1510 1086 1571 ed
1105 1519 1200 1572 totum
1219 1512 1382 1573 exercitum
1402 1485 1574 1574 maxime*

338 1607 411 1669 verb
424 1608 465 1668 ed
478 1606 631 1687 copiarum
646 1607 738 1668 duces
751 1606 950 1682 destinatus,
941 1627 972 1666 m
986 1626 1083 1717 quem·
1090 1605 1182 1667 finem
1196 1627 1234 1668 ne
1247 1607 1281 1668 id
1294 1608 1416 1688 quidem
1433 1589 1575 1669 adhuc

339 1701 464 1785 liquere.
506 1704 641 1765 Militem
658 1704 747 1784 porrb
765 1702 939 1764 Caescreum
955 1712 1000 1764 set
1018 1702 1171 1785 copiosum
1187 1705 1286 1764 minus
1301 1713 1400 1765 temen
1417 1706 1545 1766 enimo-

340 1820 418 1875 sum,
432 1800 465 1861 ri
480 1800 620 1880 irrupisse
636 1802 667 1861 in
685 1820 785 1861 arcem
803 1798 1148 1881 Guttenbergensem,1n
1163 1799 1224 1880 qui
1237 1799 1276 1860 ed
1289 1800 1456 1883 quingente
1471 1802 1543 1863 fru·
1576 1800 1577 1845 l

338 1899 434 1961 menti
443 1898 551 1960 multra
561 1898 748 1979 reperissent.
791 1896 852 1958 His
864 1896 1199 1959 nunciatideimario
1210 1895 1273 1956 sine
1284 1895 1368 1957 morl
1377 1918 1542 1979 supremus
1577 1902 1578 1941 l

339 1996 510 2078 vigiliarum
526 1993 694 2055 Praefectus
706 1992 845 2076 Prignitz
859 2014 928 2055 cum
941 1992 1078 2054 ducentis
1093 1991 1252 2073 equitibus,
1266 1993 1466 2074 trecentisque
1482 2016 1541 2078 pe-
1578 2010 1579 2047 l

337 2092 451 2155 ditibus
475 2088 714 2173 Guttenbergem
734 2110 836 2151 versus
857 2108 976 2150 morere
993 2089 1096 2170 jussus
1116 2096 1169 2163 est,
1191 2088 1299 2167 partim
1321 2099 1356 2151 ut
1378 2090 1540 2153 ulteriores
1579 2113 1580 2117 ¹

337 2208 509 2270 progressus
522 2187 690 2267 impediret,
705 2186 813 2269 purtim
827 2194 862 2247 ut
875 2186 918 2246 rei
932 2186 1089 2248 veritatem
1105 2203 1207 2246 comm
1221 2184 1388 2266 inspiceret.
1430 2187 1538 2259 Quem
1580 2228 1581 2231 =

340 2295 375 2347 ut
388 2284 545 2346 thzisnae
563 2283 658 2365 copiae
672 2284 774 2345 edesse
791 2288 1006 2366 cognoverunt,
1024 2281 1152 2363 opinate
1170 2289 1240 2342 sunt
1257 2299 1375 2342 omnem
1389 2282 1537 2345 wimari-

337 2382 416 2444 ensis
439 2381 536 2443 Ducis
557 2381 720 2442 exereitum
741 2379 914 2454 adventure,
937 2378 1064 2458 ideoque
1087 2377 1216 2439 necdum
1241 2377 1373 2439 collectis
1394 2380 1472 2440 vasis
1497 2381 1534 2441 in

337 2477 462 2540 effusum
484 2477 583 2538 abiere
606 2476 722 2559 fugam,
746 2495 837 2555 seque
860 2473 943 2536 omui
967 2495 1037 2535 cum
1061 2473 1248 2535 festinatione
1270 2473 1437 2557 Villingnm
1459 2497 1534 2537 con-

337 2671 464 2733 evehere
477 2669 632 2751 potuisset,
647 2669 705 2730 uisi
718 2688 865 2750 equorum
880 2667 1005 2750 penurii
1021 2668 1053 2729 id
1067 2667 1179 2750 negotii
1195 2669 1408 2750 impedivisset,
1422 2680 1532 2751 praeter

337 2787 447 2849 puucos
468 2766 568 2846 imque
588 2763 724 2846 captivos
744 2765 861 2846 relique
882 2765 999 2848 integre
1018 2765 1145 2840 dimisit,
1166 2765 1326 2847 retulitque
1348 2768 1388 2828 ed
1410 2768 1529 2829 Ducem

337 2885 436 2938 mum,
452 2861 602 2924 Comitem
619 2860 838 2922 Mansfeldium
853 2881 934 2922 nune
950 2882 1019 2922 cum
1037 2863 1169 2924 exercitu
1183 2863 1321 2925 Coescreo
1337 2883 1410 2937 esse,
1426 2864 1530 2926 militi-

337 2980 396 3040 que
419 2959 565 3040 Diplome
585 2956 715 3019 Caeseris
735 2957 755 3018 i
776 2955 972 3019 Serenissimc
994 2959 1114 3020 Beverc
1134 2959 1333 3042 subscriptum
1351 2960 1530 3036 exhibuisse,

337 3075 397 3135 quo
405 3057 569 3136 jubeantur
584 3054 698 3116 nullam
714 3052 837 3135 posthoc
856 3053 978 3128 thzio,
992 3054 1049 3116 sibi
1062 3075 1134 3116 vero
1149 3075 1267 3116 omnem
1284 3056 1486 3119 obedientiam
1501 3065 1530 3120 et

337 3151 565 3213 submissionem
581 3151 741 3213 militarem
763 3160 914 3232 praestere.
957 3150 1033 3212 Mox
1054 3149 1126 3212 hinc
1144 3152 1184 3212 ed
1203 3152 1347 3215 thzium
1367 3153 1476 3216 ediisse
1497 3165 1529 3217 nt

337 3245 472 3306 vinctum
492 3247 533 3307 ed
550 3246 702 3309 Gmserem
719 3247 769 3310 rel
788 3249 869 3309 certe
892 3247 1046 3308 Bsrsrum
1065 3247 1227 3330 ablegaret,
1251 3251 1333 3331 quod
1353 3251 1418 3312 siue
1438 3272 1527 3314 cunc·

336 3341 449 3402 tutione
473 3341 595 3417 fectum,
624 3343 776 3425 rhedsque
804 3344 977 3425 impositum
1000 3364 1069 3405 cum
1089 3344 1228 3406 ducentis
1249 3347 1397 3427 equitibus
1416 3347 1528 3410 Omssri

336 3435 519 3499 fidelissimis
540 3439 738 3501 Monechium
756 3441 866 3501 abduci
882 3441 983 3523 jussit
1026 3441 1093 3502 Nec
1111 3441 1174 3522 ipse
1193 3461 1310 3524 qnoque
1328 3443 1529 3505 Mansfeldius

336 3532 431 3594 multb
441 3542 517 3614 post,
528 3554 599 3595 cnm
608 3534 737 3616 militare
747 3535 907 3617 imperium
916 3556 985 3597 cum
996 3536 1112 3597 summi
1122 3539 1299 3600 auctoritate
1308 3539 1348 3601 ed
1358 3540 1526 3604 ulteriorem

336 3629 464 3694 Generis
477 3630 700 3713 dispositionem
713 3631 745 3694 in
761 3631 916 3696 Goltzium
930 3631 1137 3709 transtulisset,
1153 3634 1212 3695 elib
1225 3635 1373 3715 profectus
1385 3645 1439 3698 est.
