3225 4700
469 328 873 399 ITINERARIUM.
1209 335 1281 401 327.

86 480 223 557 militari,
233 480 266 543 in
279 482 450 545 Mor-aviam
467 485 616 567 profectus
629 495 682 548 ast.
724 484 841 547 Mem
854 486 921 566 jam
935 492 1005 547 ante
1020 485 1195 567 appulerant
1210 486 1272 547 duo

87 577 184 639 millia
197 579 425 662 Huugarornm‚
439 583 731 662 expectabanturqne
749 582 780 642 in
803 581 891 641 boras
908 581 1008 642 adbuc
1025 592 1151 662 quatuor
1164 581 1270 657 millia,

86 694 143 735 neo
156 673 286 736 minores
295 674 368 735 alibi
379 674 490 737 fiebant
503 676 635 739 delectus
648 678 686 737 ab
697 674 831 738 Austriae
845 674 980 745 statibus,
993 685 1024 737 et
1036 677 1143 756 passim
1158 678 1272 738 emitte·

86 770 197 831 bantur
207 790 318 853 magno
329 790 454 833 numero
466 772 586 845 milites,
594 782 630 833 ut
640 773 803 833 Succorum
816 772 1004 833 excursiones
1014 772 1195 849 cohiberent,
1205 774 1272 855 qui-

85 868 141 928 bns
154 868 282 928 subinde
294 886 399 929 currus
410 868 521 929 multos
532 867 673 949 opulenta
685 868 788 949 prada
800 886 906 949 graves
919 866 1093 947 eripiebant.

126 959 308 1042 cogitabant
324 968 397 1020 tuno
414 959 536 1040 quidem
550 959 679 1021 Caesarei
697 961 735 1022 de
749 960 901 1021 obsidione
916 957 1121 1035 Olomucensi,
1141 970 1172 1021 et
1187 982 1272 1023 reon·

86 1057 220 1137 peranda
236 1057 319 1130 urbe,
339 1054 392 1117 sed
413 1054 486 1137 quia
508 1056 674 1138 Brugensis
689 1055 807 1118 obsidio
823 1054 843 1117 b
857 1053 1092 1115 Dorstensobnio
1112 1054 1272 1118 fortissime

87 1151 318 1213 continuabatur
337 1152 378 1212 ad
397 1171 463 1212 eam
481 1151 668 1213 liberandam
687 1172 757 1213 cum
777 1170 831 1213 suo
854 1150 948 1212 milite
973 1148 1123 1231 proficisci
1139 1152 1273 1215 doctam

88 1245 301 1308 serenissimus
312 1246 481 1308 Archidux.

132 1340 204 1404 Non
222 1340 318 1404 multo
337 1350 404 1424 post
422 1342 539 1403 detecta
557 1339 668 1403 dicitnr
683 1349 807 1403 eruenta
822 1341 943 1403 omnino
958 1340 1136 1422 conspiratio
1150 1339 1276 1405 Olornu·

87 1436 224 1499 censium
245 1447 349 1499 contra
369 1436 494 1499 militem
511 1436 741 1518 praesidiarium,
763 1456 832 1517 qum
853 1446 886 1497 ut
905 1434 998 1513 aiunt,
1025 1436 1114 1498 unius
1131 1436 1272 1509 foeminae,

87 1534 271 1617 Gregorium
284 1532 410 1595 militem
423 1530 562 1600 amantis,
572 1527 696 1601 indicio,
710 1528 849 1589 innotuit.
892 1526 1074 1589 Conclusam
1094 1529 1175 1590 enim
1191 1548 1272 1610 spar-

86 1632 223 1716 gebatur,
234 1639 269 1692 nt
280 1630 380 1712 quiuis
390 1630 502 1691 oinium
516 1623 627 1687 milites
639 1644 719 1699 snos,
730 1645 804 1707 qnos
818 1624 900 1685 domi
912 1622 991 1685 alere
1004 1626 1166 1706 cogebatur
1178 1625 1274 1701 binos,

86 1730 237 1801 ternosve,
250 1726 300 1789 vel
312 1746 427 1788 veneno
440 1724 489 1787 vel
502 1724 580 1785 ferro
597 1721 723 1796 tolleret,
740 1730 771 1783 et
789 1740 861 1783 mox
877 1718 993 1781 collatis
1005 1720 1095 1781 armis
1108 1720 1140 1781 in
1157 1721 1276 1803 vigilias

89 1824 238 1885 irruerent
251 1823 342 1897 cives,
357 1821 568 1900 civitatemque
581 1816 664 1879 omni
676 1816 816 1898 praesidio
830 1812 988 1875 nudarent.

129 1920 177 1983 Ut
189 1919 319 2001 primdm
329 1919 402 1979 uero
414 1914 479 1978 hoec
492 1912 617 1978 consilia
630 1919 816 1981 emanarunt,
825 1910 1046 1972 Commendaus
1059 1904 1117 1970 loci
1131 1908 1215 1971 nulla
1225 1932 1276 1993 po·

92 2019 152 2080 sita
165 2036 250 2077 mora
261 2015 354 2096 jussit
369 2014 409 2076 ad
425 2010 562 2093 tympani
575 2029 681 2071 sonum
699 2006 817 2070 euocari
834 2004 960 2067 militem
978 2014 1008 2066 ot
1023 2004 1200 2087 proditionis
1212 2028 1277 2067 sus·

89 2124 192 2196 peotos
215 2110 247 2173 in
260 2108 384 2174 vincula
399 2108 507 2191 abripi,
525 2104 743 2187 exploratisque
758 2104 846 2165 rebus
861 2100 900 2163 ad
915 2096 1184 2163 Dorsteusohnium
1202 2096 1277 2180 qnid

91 2210 172 2273 facto
184 2229 270 2291 opus,
290 2204 399 2269 deferri
413 2204 466 2286 qni
487 2223 566 2276 oum,
586 2211 620 2263 ut
635 2200 667 2262 in
683 2200 849 2281 proditores
867 2216 921 2277 pro
938 2195 1041 2257 delicti
1054 2198 1200 2279 gravitate
1213 2196 1277 2258 ani·

90 2308 337 2376 madverteretur,
359 2300 567 2385 respondisset,
589 2316 627 2360 ex
644 2294 821 2358 officialibus
844 2310 937 2355 unum
956 2290 975 2354 d
993 2304 1120 2374 quatuor
1140 2292 1224 2375 equis
1245 2292 1276 2356 in

92 2405 245 2467 diversm
259 2403 334 2464 actis
352 2397 594 2480 discerpendum,
610 2411 646 2456 ao
662 2392 751 2475 paulb
764 2399 831 2474 post
846 2389 888 2450 24
901 2389 975 2451 ulios
988 2388 1084 2472 capite
1100 2389 1276 2454 minuendos

93 2500 263 2582 imperavit.
