3225 4700
497 312 519 376 I
525 310 583 377 TI
587 310 623 376 N
627 312 659 377 Ε
669 309 807 378 aaut
817 310 904 380 ΠΜ.
1234 313 1299 377 335

98 466 230 527 maximo
243 464 371 527 aliorum
384 467 575 549 principum,¹
586 468 730 528 comitum
743 476 773 528 et
787 467 947 548 praecipuae
965 466 1128 529 nobilitatis
1143 466 1298 539 comitutu,

97 562 218 624 obviam
232 563 260 625 ei
276 565 430 644 processit,
445 585 481 625 uc
499 564 776 625 Amsderodamum
789 562 927 636 deduxit,
940 563 993 625 ubi
1007 564 1091 646 regio
1108 564 1232 625 omuino
1245 584 1298 646 ap·

97 668 204 739 paratu
213 660 253 721 ad
264 661 341 721 duos
350 662 474 722 omnino
487 663 552 723 dies
567 662 668 723 babitu
680 671 735 734 est,
751 662 882 742 indeque
895 682 964 723 cum
977 661 1068 724 dictis
1080 663 1223 724 Auriacis
1237 684 1297 724 non

97 755 194 817 multb
208 768 274 837 post
289 758 412 839 Hagam
425 759 544 820 comitis
555 760 613 820 iter
625 780 713 820 suum
727 758 868 820 instituit.
911 760 1099 840 Arrogabaut
1113 760 1171 821 sibi
1185 761 1299 822 interca

97 852 332 915 Parlamentarii
342 856 486 937 majorem
500 856 598 917 indies
611 866 715 917 contra
725 857 843 938 Regem
854 877 941 917 suum
956 856 1163 919 auctoritatem
1177 878 1212 919 ac
1227 857 1297 917 Ma·

91 950 198 1031 jestati
213 950 319 1031 Regiae
334 972 389 1011 sua
401 952 474 1032 jura
494 952 538 1012 ita
551 951 739 1021 accidebant,
760 962 793 1013 ut
816 962 846 1014 et
866 954 898 1013 in
918 952 1058 1013 militiam
1077 973 1228 1014 summum
1244 954 1297 1033 jus

97 1066 203 1127 gerere
217 1046 394 1127 inciperent.
422 1050 472 1109 Ac
484 1048 633 1130 vigesima
645 1049 768 1129 quidem
783 1050 833 1109 die
849 1049 957 1109 mensis
972 1048 1053 1109 Maii
1072 1058 1198 1129 uterquc
1212 1070 1297 1111 sena·

98 1152 147 1203 tus
168 1144 362 1224 (superiorem
376 1145 606 1226 inferioremque
619 1146 744 1207 domum
757 1146 923 1227 appellant)
944 1146 976 1207 in
997 1166 1138 1227 campum
1159 1166 1297 1229 egressus

97 1250 156 1314 est,
175 1250 210 1301 ut
224 1240 354 1303 delectui
368 1242 499 1303 militum
510 1252 584 1303 tunc
596 1242 672 1304 forte
685 1243 821 1305 instituto
835 1244 997 1305 interesset.
1039 1242 1231 1304 censuerunt
1252 1265 1297 1305 sc·
1320 1242 1324 1250 '

99 1348 218 1398 autores
237 1348 305 1399 octo
325 1339 449 1399 omnino
466 1340 598 1421 capitum
611 1339 708 1401 millia
726 1341 782 1400 sub
799 1361 853 1401 sex
874 1341 1013 1414 ducibus,
1033 1340 1212 1421 quibuscum
1231 1351 1298 1421 post

98 1436 262 1496 recensitos
280 1436 391 1496 milites
409 1435 582 1498 lautissimae
605 1437 929 1519 sumptuosissimoeque
950 1457 1072 1511 mensae,
1098 1436 1180 1498 mille
1200 1438 1299 1499 aureis

98 1533 266 1607 aestimatae,
277 1534 490 1594 accubuerunt.
521 1534 589 1595 Nec
603 1533 699 1595 multb
713 1542 780 1615 post
791 1534 929 1615 plurimae
943 1554 1034 1594 naves
1045 1534 1166 1614 copiosa
1178 1554 1298 1595 annona

101 1630 258 1690 instructa>
272 1630 446 1691 Londinum
460 1629 559 1691 Hullo
570 1630 729 1692 destinata
745 1642 826 1705 sunt,
847 1650 903 1711 pro
917 1630 1091 1711 supradicta
1107 1630 1217 1692 militia
1230 1651 1298 1712 pro·

98 1728 251 1787 movenda
262 1737 292 1788 et
300 1728 374 1787 urbe
385 1726 546 1789 sufficienti
556 1736 726 1789 commeatu
736 1727 922 1787 instruenda.
959 1726 1112 1787 Miserunt
1122 1747 1241 1807 quoqne
1252 1748 1298 1789 se·

99 1834 220 1885 natsrss
232 1823 394 1905 superioris
407 1824 515 1883 domus
529 1823 642 1905 legatos
655 1826 696 1886 ad
709 1825 838 1906 Regem,
852 1824 979 1903 quinon
991 1834 1107 1885 tantum
1120 1835 1299 1887 excusarent

99 1922 331 2003 gubernatorem
343 1920 524 1983 Hullensem
532 1922 555 1983 J
557 1942 684 1982 oannem
694 1921 843 1997 Bothum,
858 1941 947 2001 quem
959 1920 1058 2002 Regia
1071 1920 1216 2001 Majestas
1229 1942 1299 2004 gra-

100 2018 180 2080 viter
192 2026 393 2093 accusaverat,
405 2018 488 2098 quod
501 2038 533 2077 se
545 2018 676 2087 civitate,
688 2036 778 2097 quam
790 2018 853 2098 ipse
862 2017 1101 2092 administrabat,
1109 2017 1296 2096 exclusisset3

100 2115 195 2176 sedet
210 2114 389 2195 apostolatu
397 2113 598 2175 satisfactione
611 2124 643 2174 ct
651 2114 842 2175 decernenda
851 2132 948 2194 pecua,
958 2112 1195 2189 dehortarentur,
1207 2134 1297 2194 quam

100 2209 185 2293 leges
197 2222 227 2272 et
240 2211 327 2293 regni
340 2219 451 2271 statuta
465 2219 616 2283 vetarent3
633 2210 754 2272 eosdem
769 2230 857 2293 porro
870 2210 983 2293 legatos
997 2230 1144 2291 nusquam
1160 2210 1300 2273 volebant

103 2328 123 2368 a
136 2309 232 2390 Regis
244 2308 338 2370 latere
354 2308 494 2370 recedere
508 2306 641 2389 longius,
654 2318 689 2368 ut
702 2307 852 2389 quidquid
866 2308 896 2369 in
911 2308 981 2370 aula
993 2318 1132 2390 ageretur
1145 2308 1299 2387 quampri-

102 2411 187 2468 mdm
203 2406 376 2468 leudinum
390 2406 430 2466 ad
443 2416 611 2485 utramque,
626 2405 677 2466 vel
688 2405 862 2466 alterutram
875 2405 998 2466 domum
1013 2404 1120 2465 referre
1136 2414 1264 2484 possent.

145 2505 215 2565 Hos
222 2505 273 2564 ubi
284 2503 426 2586 cognovit
435 2503 503 2564 Rex
511 2503 624 2577 adesse,
635 2511 666 2563 et
673 2503 791 2562 abunde
799 2502 875 2583 quid
884 2501 941 2562 ista
948 2501 1096 2583 legatione
1107 2501 1299 2582 magistratus

102 2602 161 2664 sibi
184 2601 295 2663 vellent
312 2601 574 2675 animadverteret,
596 2600 635 2661 ad
653 2621 685 2660 se
702 2600 842 2661 accersiri
853 2599 956 2679 jussit,
975 2599 1175 2680 gravibusque
1200 2601 1299 2662 verbis

103 2700 284 2782 perstrictos,
303 2698 525 2779 quamprimum
539 2697 684 2758 facessere
697 2697 866 2777 imperavit,
881 2716 1024 2768 assereus,
1046 2696 1124 2756 nolle
1138 2717 1169 2756 se
1183 2697 1299 2778 inspec-

105 2807 186 2858 tores
194 2807 225 2857 et
235 2796 387 2857 actionum
397 2815 520 2856 suarum
530 2794 655 2854 arbitros
663 2794 693 2853 iu
705 2794 790 2875 regia
798 2813 853 2854 sua
863 2793 1006 2854 tolerare:
1021 2794 1133 2854 scirent
1142 2813 1173 2854 se
1182 2793 1299 2876 Regem

103 2916 178 2970 esse,
197 2895 251 2975 qui
269 2893 444 2975 ampliorem
462 2891 570 2952 habeut
585 2899 769 2973 potestatem,
790 2911 881 2971 qnam
899 2891 1100 2973 magistratus.
1142 2890 1300 2971 Simulque

103 2991 328 3074 magistratibus
345 2989 499 3071 pracepit,
524 2999 559 3050 ut
579 2987 656 3048 citra
673 2986 849 3048 dilationem
871 3007 990 3047 omnem
1007 3007 1127 3048 causam
1142 2985 1299 3048 Hullcnsis

105 3088 314 3171 gubernatoris
327 3076 569 3168 cognoscendam
587 3084 784 3165 susciperent,
798 3092 829 3145 et
839 3104 893 3164 pro
912 3083 1052 3163 equitate
1067 3092 1098 3144 et
1105 3081 1226 3164 justitia
1236 3101 1300 3164 poe·

105 3207 177 3262 nam
190 3187 394 3246 decernerent.
436 3182 560 3242 Militiae
571 3180 644 3242 verb
660 3179 869 3241 executionem
881 3177 1047 3248 differrent,
1061 3179 1160 3258 quoad
1175 3180 1298 3239 convin-

105 3291 218 3352 cerent,
229 3301 283 3363 per
292 3281 374 3362 leges
383 3290 413 3341 et
423 3279 508 3362 regni
515 3279 587 3359 jura
596 3277 802 3337 executionem
814 3275 962 3358 ejusmodi
972 3274 1035 3334 sine
1049 3294 1194 3336 consensu
1205 3273 1301 3356 Regis

105 3380 191 3441 adse
200 3379 364 3461 pertinere:
385 3395 469 3437 secus
482 3375 507 3436 ri
520 3375 662 3445 facerent,
673 3373 825 3434 habendos
838 3373 1051 3435 disturbatores
1065 3373 1156 3452 pacis,
1170 3382 1200 3433 et
1210 3374 1300 3456 pegni

106 3497 269 3549 eversores,
283 3495 359 3556 ques
371 3493 427 3535 suo
439 3482 573 3553 tempore
589 3491 643 3552 pro
656 3470 760 3531 delicti
779 3469 926 3552 gravitate
946 3468 1120 3550 plectendos
1136 3469 1193 3530 sibi
1208 3489 1301 3530 reser-

106 3583 202 3648 varet,
216 3582 358 3652 certoque
378 3571 435 3631 sibi
451 3569 673 3652 persuaderent,
691 3565 933 3628 adlaboraturum
952 3586 995 3641 se,
1016 3579 1051 3626 ut
1067 3563 1300 3626 inobedientiam

106 3681 220 3733 mutam
233 3691 293 3730 non
309 3669 432 3750 impune
444 3667 564 3729 ferrent.
