3225 4700
321 256 365 324 tt
723 251 1125 321 ITINERARIUM.

321 407 438 470 modios
459 404 656 486 reperiebant.
697 403 1004 489 Assohaffenbnrgnm
1030 413 1133 487 postes
1154 402 1350 486 perreximus.
1391 399 1510 464 Civitas

322 504 388 566 baec
412 501 545 564 Electori
568 511 599 563 et
619 500 856 582 Archiepisoopo
878 501 1062 586 Mogontino
1084 509 1178 584 peret,
1204 519 1271 562 esur
1292 499 1413 561 tenebat
1434 509 1509 559 tnnc

324 599 524 661 Marschellns
555 599 654 681 csmpi
690 597 891 660 Mensfeldius
922 619 992 660 cum
1021 598 1147 680 ῑήςίιιαι
1172 595 1304 658 militum
1331 594 1511 656 selectorum

322 696 466 770 millibus,
480 704 543 758 erat
556 695 627 756 verb
641 695 704 756 illio
722 705 805 756 tonte
821 695 921 757 victus
940 695 1074 777 penurie,
1089 703 1124 754 nt
1139 693 1229 754 etiam
1249 711 1382 774 personte
1401 691 1511 752 Eccle-

323 792 450 854 sicsticae
468 791 589 853 esuriali
602 801 734 873 temporo
747 791 908 872 vetitisque
921 791 1026 853 diebus
1038 791 1079 852 ad
1091 811 1175 851 esum
1195 788 1332 850 carnium
1349 787 1512 870 compelle·

323 899 437 964 rentur,
456 909 531 970 ques
549 898 650 950 temen
672 909 793 970 perraro
813 888 996 948 obtinebant.
1036 886 1177 947 Vidimus
1197 885 1247 947 hic
1263 905 1365 947 arcem
1382 885 1509 966 Episco-

323 1005 427 1067 pacem
455 985 538 1064 regio
564 983 653 1059 festu,
682 993 713 1045 et
737 982 964 1066 magnificentid
989 992 1188 1055 exstructam
1229 981 1295 1044 baec
1321 991 1449 1062 quotuor
1476 981 1511 1041 in

322 1081 529 1164 quadrangulo
560 1091 656 1144 turres
687 1079 948 1161 complectebatur,
977 1079 1053 1140 miri
1078 1080 1118 1141 cd
1144 1078 1338 1140 simmetriam
1364 1076 1511 1138 architec-

323 1180 454 1241 tonicum
467 1177 615 1260 elegantid
628 1186 758 1238 erectas:
793 1185 903 1238 coetera
918 1197 972 1237 srx
989 1176 1181 1237 nobilissimis
1196 1175 1388 1236 conclavibus
1404 1183 1512 1235 crusta

323 1275 445 1337 nitebat.
488 1274 560 1335 Non
581 1273 630 1334 hic
648 1281 770 1354 tangam
790 1273 872 1333 dolia
887 1282 1065 1353 portentcsae
1079 1272 1287 1354 amplitudinis
1302 1271 1375 1332 vino
1393 1269 1511 1352 optimo

323 1371 422 1452 plens,
437 1390 565 1451 quornm
579 1369 718 1449 qnoedsm
732 1369 932 1451 quadraginta
943 1378 974 1430 et
981 1370 1201 1451 qninquaginta
1208 1368 1410 1450 plaustrorum
1422 1375 1512 1427 erant

323 1466 463 1548 capacis3
484 1465 550 1527 haec
563 1466 673 1546 pessim
686 1464 768 1547 opud
782 1465 950 1526 Germanos
960 1467 1138 1538 obviusnnt
1147 1466 1293 1547 necspud
1302 1465 1369 1527 illos
1380 1463 1511 1524 multam
1599 1478 1602 1482 ⁴

322 1563 444 1646 parium
459 1562 698 1624 admirationem.
740 1561 898 1623 Wertham
913 1561 1022 1624 debinc
1040 1564 1111 1638 abii,
1127 1584 1163 1625 sc
1178 1573 1280 1645 posteo
1294 1560 1377 1624 vsrio
1389 1560 1511 1622 viarm

322 1659 459 1720 anfractu
475 1657 709 1733 Heilbrunnam‚
719 1657 872 1719 civitatem
881 1659 963 1719 omni
976 1660 1151 1721 munitionis
1163 1669 1194 1722 et
1201 1668 1384 1722 commestus
1397 1677 1510 1740 genere

323 1752 592 1818 instructissimum.
643 1755 684 1817 In
709 1755 774 1836 ejus
801 1755 866 1817 foro
892 1756 1026 1836 exposita
1049 1766 1134 1817 erant
1155 1756 1354 1839 qnsdraginta
1378 1763 1511 1836 qustucr

322 1853 477 1934 stupenme
501 1851 719 1933 magnitudinis
742 1859 891 1912 tormenta
912 1851 1029 1926 bellios,
1050 1853 1212 1934 decemque
1234 1852 1346 1914 uexilla
1365 1850 1510 1913 militaris

322 1968 418 2029 nuper
442 1947 540 2009 Gallis
568 1946 801 2030 Philippobnrgi
823 1957 935 2029 erepte.
976 1948 1031 2010 Ad
1050 1948 1129 2010 hanc
1152 1951 1257 2011 urbem
1278 1947 1367 2011 Sneci
1388 1949 1510 2030 integro

323 2064 402 2105 enno
428 2044 609 2118 laborarunt,
638 2054 672 2105 ut
698 2063 763 2104 eom
789 2044 847 2106 sibi
873 2044 1044 2120 subderent,
1070 2065 1162 2124 quem
1189 2046 1354 2108 Caessrisui
1378 2053 1510 2126 quatuor

323 2140 463 2202 horarum
477 2139 578 2220 spacio
591 2141 647 2201 sibi
660 2141 869 2222 subjecerunt3
895 2150 1012 2203 tentum
1023 2151 1069 2203 est
1086 2142 1211 2204 militem
1223 2141 1331 2204 habere
1342 2140 1463 2203 fidelem
1476 2150 1510 2203 et

322 2237 363 2298 ad
380 2236 500 2298 servitis
521 2236 648 2298 Domini
666 2237 713 2298 sni
728 2247 911 2318 promptum.
955 2238 1018 2300 Hic
1033 2259 1155 2321 operam
1172 2259 1256 2300 snam
1269 2248 1338 2300 ente
1350 2238 1424 2300 alios
1437 2260 1508 2321 pro-

323 2332 405 2395 bavit
423 2332 573 2395 Dominus
590 2332 613 2394 J
614 2334 723 2395 acubus
743 2333 873 2397 Gordon
891 2334 1072 2416 Ospitaneus
1091 2357 1129 2397 ex
1144 2334 1330 2399 nobilissimi
1346 2335 1510 2398 Scotorum

322 2428 462 2512 prosepid
488 2429 644 2506 oriundus,
671 2430 724 2510 qui
748 2431 939 2512 manipulum
964 2452 1042 2513 equo
1067 2432 1251 2514 pedestrium
1277 2434 1409 2497 militnm
1432 2444 1510 2497 tunc

325 2526 466 2608 temporis
493 2526 631 2588 dnoebut.
687 2525 791 2587 Nobili
821 2527 867 2589 illi
899 2526 1023 2589 familias
1047 2528 1131 2609 apud
1157 2548 1278 2590 omnem
1304 2532 1509 2612 posteritatem

322 2622 405 2685 leudi
419 2624 557 2698 ducetur,
574 2624 656 2703 qnod
669 2623 748 2686 inter
759 2624 926 2705 precipuos
940 2624 1032 2686 etiam
1050 2624 1175 2705 Imperii
1192 2636 1286 2689 status
1302 2627 1416 2690 Cosani
1431 2627 1509 2690 fide-

322 2719 434 2783 lissimd
453 2728 483 2781 et
503 2729 673 2782 constanter
695 2720 868 2782 serviveritt
899 2740 936 2781 ex
954 2720 1059 2782 eadem
1077 2722 1242 2803 propagine
1256 2732 1329 2785 tunc
1346 2733 1411 2785 erat
1428 2745 1509 2786 unns

323 2815 505 2893 Colonellns,
516 2816 592 2877 Vioe
606 2816 753 2879 Colonelli
763 2836 816 2876 sen
828 2815 930 2877 locum
941 2824 1076 2879 tenentes
1089 2817 1159 2893 duo,
1168 2818 1324 2899 pruefectus
1333 2819 1508 2902 vigiliarum

323 2930 400 2971 unus
413 2910 499 2973 ethic
514 2910 695 2993 Capitenens
708 2912 794 2992 cnjus
806 2911 872 2973 lens
884 2900 967 2973 omni
980 2922 1060 2975 retro
1073 2915 1237 2994 posteritati
1245 2916 1302 2977 erit
1311 2918 1508 2979 memorande

324 3004 409 3067 Hinc
437 3006 650 3091 Lunebnrgnm
676 3008 883 3092 commigravi,
906 3009 959 3070 nbi
996 3008 1072 3071 Vice
1096 3010 1255 3072 Generalis
1280 3012 1385 3074 Galles
1405 3034 1508 3075 arcem

322 3100 441 3161 tenebat
459 3114 562 3164 exacto
584 3104 655 3166 inde
677 3104 765 3167 Duce
787 3105 1002 3186 potentissimo,
1018 3126 1054 3168 eo
1070 3108 1153 3187 quod
1173 3108 1206 3169 iu
1227 3108 1377 3171 Caesarem
1400 3120 1508 3172 contra

322 3215 410 3257 omne
426 3200 479 3279 jus
502 3199 605 3280 fasque
628 3221 712 3263 srms
735 3202 918 3283 sumpsisset.
961 3201 1039 3265 Inde
1054 3205 1135 3265 movi
1155 3204 1370 3267 Stncksrdium
1391 3206 1508 3269 Metro-

322 3293 415 3373 polim
435 3293 569 3357 Dnoetns
582 3297 870 3382 Wirtenbnrgensis,
888 3298 941 3359 ubi
957 3306 1031 3361 tunc
1048 3300 1125 3361 forte
1142 3301 1277 3377 hyberna
1290 3303 1418 3365 habebut
1431 3304 1506 3366 Fer-

320 3388 471 3452 dinandns
499 3391 566 3454 III.
593 3392 661 3455 Rex
695 3395 850 3457 Bohemiae
883 3406 914 3457 et
948 3395 1117 3479 Hungariae
1149 3400 1382 3479 potentissimus,
1415 3410 1507 3482 atque

321 3484 470 3549 incolebat
491 3508 591 3551 arcem
613 3490 711 3553 Ducis
731 3491 965 3576 Wirtenbergici
987 3494 1241 3574 sumptuosissime
1263 3508 1431 3559 extructam
1453 3518 1506 3559 ex·

320 3580 508 3665 cultamque:
547 3584 596 3648 hic
622 3588 674 3649 nbi
700 3588 789 3651 certis
816 3589 935 3651 nunciis
961 3591 1101 3673 cognovi,
1129 3592 1288 3655 Butlernm
1314 3614 1417 3657 meum
1436 3598 1506 3677 jem
