3225 4700
343 260 408 325 362
720 263 1136 332 ITINERARIUM.

347 415 429 494 quod
449 427 484 478 ut
497 418 639 481 viderunt
653 421 792 482 mulieres
804 420 962 482 confestim
977 420 1052 480 duas
1065 418 1144 479 arcis
1157 425 1257 499 portas
1272 425 1304 475 ut
1317 420 1489 496 potuerunt
1499 411 1558 470 ob-

349 509 516 575 firmarant.
559 515 619 576 Sed
637 516 757 592 frustra,
773 538 871 598 neque
888 517 968 578 enim
986 516 1132 597 impedire
1149 513 1279 595 amplius
1297 511 1393 584 licuit,
1407 509 1490 589 quin
1509 529 1558 568 ar·

348 608 421 668 mati
430 621 630 689 penetrarent,
645 624 675 675 et
688 635 757 676 arce
768 615 946 696 potirentur.
982 613 1172 694 Repererunt
1183 610 1212 671 in
1224 629 1293 670 arce
1303 619 1412 689 praeter
1422 616 1557 667 tenuem

349 717 717 783 commeatum,tormenta
726 732 811 772 aenea
820 712 934 792 majora
944 710 1120 790 minoreque
1132 706 1310 768 octodecim.
1339 703 1434 775 Quod
1445 713 1558 763 utres·

348 799 423 861 civit
434 801 626 867 Gubernator
639 807 870 870 Hoiintwilanns
883 808 1104 889 quamprimum
1118 803 1273 886 sexaginta
1286 799 1408 874 milites,
1419 810 1453 860 et
1464 819 1556 859 com-

348 907 479 959 meatum
493 922 563 962 cum
577 903 661 966 salvo
673 906 826 967 conductu
837 905 980 985 equestri,
992 905 1064 966 illuc
1074 902 1208 965 dimisit:
1231 900 1346 962 sciebat
1355 897 1437 959 enim
1454 899 1554 977 quam

349 1011 402 1052 arx
415 993 468 1055 illa
480 998 542 1058 suis
557 1000 659 1061 usibus
672 1015 749 1062 esset
762 1002 955 1077 conveniens,
970 1001 1081 1082 quippe
1094 1009 1158 1062 arte
1172 1009 1201 1060 et
1217 1007 1324 1058 natura
1340 994 1555 1056 munitissima

347 1100 378 1150 et
390 1091 468 1153 hosti
482 1115 574 1176 prope
592 1098 837 1178 impenetrabilis,
856 1119 948 1180 qnam
966 1097 1173 1181 parcissimum
1191 1095 1364 1175 praesidium
1381 1093 1553 1153 commode

346 1199 453 1250 contra
465 1190 614 1274 integrum
629 1195 792 1258 exercitum
808 1196 884 1258 tueri
899 1205 1006 1277 posset.
1049 1193 1256 1273 Praeterqnam
1270 1189 1353 1271 qubd
1364 1188 1551 1250 facillimum

346 1287 403 1349 sibi
417 1299 495 1350 esset
508 1290 579 1351 inde
592 1293 762 1354 exactiones
776 1293 901 1355 Ulmum
915 1313 1010 1374 usque
1022 1290 1210 1373 protendere.

388 1385 496 1448 Mense
509 1387 649 1469 Augusto
660 1391 751 1451 rediit
764 1390 885 1452 fortuna
900 1390 939 1451 ad
952 1389 1115 1451 Caesareos.
1156 1386 1301 1460 Quicum
1318 1382 1550 1444 Gallo-Wima-

347 1482 459 1544 rienses
478 1495 546 1564 post
564 1485 711 1546 desertam
730 1487 986 1548 Lechnichensem
1003 1485 1186 1547 obsidionem
1205 1484 1258 1560 (de
1280 1502 1339 1562 qua
1359 1482 1453 1562 paulb
1474 1493 1548 1542 ante

348 1581 552 1658 meminimus)
567 1582 732 1644 Novesinm
753 1584 841 1644 ivisse
855 1583 1080 1665 comperissent,
1099 1582 1262 1642 emiserunt
1280 1579 1303 1642 J
1305 1599 1432 1639 munem
1454 1578 1547 1639 Wer·

347 1675 455 1748 thium,
470 1677 597 1739 militem
616 1680 764 1760 imprimis
784 1680 969 1761 expeditum,
989 1699 1059 1740 cum
1079 1677 1162 1739 mille
1175 1676 1294 1738 circiter
1307 1674 1472 1755 equitibus,
1493 1673 1545 1734 bic

344 1772 523 1854 intempesta
535 1785 622 1836 nocte
636 1776 741 1837 accitis
755 1777 837 1837 mille
847 1776 996 1838 sexcentis
1006 1775 1156 1857 peditibus
1163 1773 1290 1848 selectis,
1299 1771 1413 1833 nullius
1423 1771 1543 1832 indicio

343 1871 494 1950 promovit
507 1872 539 1932 in
549 1872 676 1952 sylvam,
686 1871 767 1934 haud
779 1872 883 1954 procul
897 1872 1144 1933 Wimariensibns
1154 1869 1259 1931 castris
1269 1867 1416 1929 dissitam.
1440 1867 1541 1940 Hinc,

341 1973 376 2024 ut
399 1962 521 2038 diluxit,
540 1965 640 2025 emisit
659 1967 830 2047 expeditam
853 1966 987 2046 equitum
1008 1978 1148 2038 turmam,
1173 1971 1216 2036 ut,
1237 1981 1306 2042 quae
1327 1970 1413 2022 extra
1438 1969 1540 2022 castra

341 2059 507 2141 reperirent
523 2079 631 2140 pecora
649 2071 679 2122 et
699 2081 791 2142 equos
804 2063 836 2122 in
850 2061 979 2142 pascuis,
993 2061 1158 2142 abigerent,
1173 2079 1234 2120 nou
1248 2058 1381 2120 tulerunt
1396 2057 1537 2138 rapinam

341 2157 447 2217 banse
461 2156 573 2218 vicinia
585 2167 753 2238 spectantes
767 2158 992 2226 Wimarienses‚
1007 2158 1061 2218 sed
1073 2156 1169 2218 multo
1182 2155 1302 2238 agmine
1316 2165 1538 2235 persequuntur
1583 2149 1584 2164 ¹

341 2253 540 2332 praedatores:
562 2253 636 2314 dum
649 2255 721 2316 verb
734 2255 854 2338 longius
868 2256 886 2315 d
899 2255 1004 2316 castris
1017 2254 1079 2315 suis
1092 2253 1246 2326 recedunt,
1261 2253 1299 2313 de
1311 2249 1402 2311 nullis
1417 2250 1537 2310 insidiis

339 2347 470 2423 solliciti,
492 2348 646 2413 Warthius
666 2372 736 2413 cum
754 2353 871 2434 reliquo
889 2352 1023 2433 equitatu
1044 2350 1175 2413 reditum
1192 2346 1376 2423 intercludit,
1394 2347 1486 2409 caedit
1505 2358 1535 2409 et

339 2444 483 2523 plurimos
498 2448 640 2509 unacum
655 2450 738 2511 mille
747 2449 835 2511 facile
845 2449 1003 2532 capitibus,
1014 2449 1122 2531 partim
1135 2467 1293 2527 equorum,
1308 2444 1416 2525 partim
1426 2445 1531 2517 boum,

338 2542 473 2621 captivos
480 2544 613 2605 abducit.
649 2545 698 2605 Ex
711 2545 847 2607 Hassicis
856 2546 961 2629 copiis,
971 2565 1039 2627 qnae
1053 2543 1141 2605 simul
1152 2553 1313 2625 eruperant
1322 2543 1531 2603 intercarteros

337 2635 511 2699 vulneratus
529 2651 574 2701 est
590 2642 701 2703 Comes
718 2643 841 2722 quidam
861 2644 897 2705 de
913 2641 1123 2724 Witgenstein.
1167 2639 1246 2701 Haeo
1263 2660 1364 2701 mense
1382 2640 1528 2721 Augusto.

338 2732 505 2813 Septembri
518 2738 589 2798 verb
600 2738 664 2819 pari
679 2738 820 2800 felicitate
834 2750 937 2801 contra
948 2737 1097 2801 Colonelli
1108 2738 1359 2798 locumtenentem
1370 2735 1528 2797 Latomnm

336 2840 438 2891 movet
450 2830 625 2895 Colonellus
643 2835 747 2916 Sparr,
762 2838 814 2915 qui
834 2856 904 2897 cum
923 2834 1126 2905 intellexisset,
1145 2833 1258 2895 dictum
1280 2832 1439 2893 Iatomum
1458 2851 1526 2892 cum

336 2927 431 3007 copiis
444 2929 696 3009 perJuliacenses
708 2940 802 2992 terras
813 2931 945 3012 praedam
956 2950 1056 3013 agere,
1066 2927 1257 2990 tumultuarie
1270 2927 1410 2989 collectos
1420 2927 1527 2988 milites

335 3024 444 3099 emisit,
458 3026 511 3105 qui
524 3026 714 3089 obsisterent.
756 3027 803 3087 Hi
817 3029 890 3089 dum
904 3027 1012 3089 incerti
1024 3036 1183 3108 vagantur,
1194 3045 1253 3085 non
1265 3024 1360 3085 multb
1371 3034 1437 3105 post
1450 3024 1526 3086 intra

337 3118 532 3183 Holtzweiler
545 3132 576 3182 et
592 3121 759 3184 Erckelens
779 3144 881 3205 pagos,
896 3123 1011 3184 dictum
1030 3122 1190 3183 Latomum
1210 3120 1438 3201 deprehendunt
1456 3140 1522 3181 cum

333 3215 404 3288 suis,
420 3228 588 3297 opportuno
606 3217 672 3279 loco
690 3219 879 3294 adoriuntur,
894 3219 1052 3299 ipsumque
1070 3218 1226 3279 ductorem
1242 3238 1314 3277 cum
1328 3237 1467 3298 supremo
1481 3216 1522 3279 vi·

331 3312 413 3393 giliis
435 3312 596 3386 Praefecto,
615 3315 746 3395 primum
765 3325 911 3385 sternunt,
928 3315 1037 3395 quibus
1053 3315 1147 3387 coesis,
1168 3314 1268 3375 ceteri
1286 3334 1316 3375 se
1333 3313 1520 3388 dediderunt,

330 3428 405 3488 quos
418 3410 552 3489 captivos
564 3412 688 3471 domum
702 3412 897 3473 reduxerunt.

371 3504 488 3567 Eodem
508 3527 610 3567 mense
628 3527 682 3567 arx
701 3506 986 3581 Wildensteiniana,
1004 3529 1096 3590 quam
1114 3518 1325 3591 stratagemate
1346 3518 1462 3589 captam
1482 3511 1516 3569 nb

329 3600 551 3664 Holintvvilanis
560 3602 650 3684 paulo
660 3614 728 3665 ante
740 3605 908 3675 retulimus,
919 3605 959 3667 ad
970 3604 1135 3667 Bavaricos
1143 3607 1241 3669 rediit.
1273 3606 1426 3667 Videbant
1439 3605 1511 3666 enim
