3225 4700
486 328 892 401 ITINERARIUM.
1232 344 1288 405 lol

49 480 163 543 voluit.
214 480 364 545 Interim
383 482 602 545 Mereschallus
620 484 705 567 ligre
718 484 742 546 J
743 504 853 547 oannes
873 485 953 547 Gdtu
969 486 1155 570 Iandgrevii
1172 488 1293 551 Hassiae

49 578 247 649 exercitum,
264 581 383 642 tamin
397 580 593 662 Westphalise
609 602 698 662 quam
714 580 835 644 Hassiae
850 582 962 644 finibus
975 585 1051 646 adeo
1065 583 1243 659 debilitavit,
1258 594 1293 646 ut

52 675 208 755 primores
224 676 402 739 Cattorum
416 697 552 758 proceres
569 678 608 740 de
621 698 695 759 pace
711 698 780 740 oum
795 678 914 740 Oaessre
928 680 1121 752 restaurandi
1136 681 1292 761 militeque

54 771 267 848 dimittendo,
297 773 428 835 consilia
449 782 575 835 traotme
599 774 743 856 ceperint.
787 773 858 837 Hoc
881 775 943 837 fere
967 778 1072 839 eodem
1097 786 1230 857 tempore
1254 778 1292 838 de

57 878 183 930 centum
198 878 236 931 et
251 870 484 952 quinquaginta
496 869 629 931 hostium
645 871 784 945 naribus,
799 871 832 931 in
846 872 948 942 nescio
963 894 1054 953 quam
1071 873 1292 953 expeditionem

58 966 259 1045 praeparatis,
276 967 371 1029 nobis
389 967 559 1041 nunciatur,
575 968 696 1047 inques
714 987 784 1029 oum
803 969 898 1030 nostri
911 969 1015 1031 sedulo
1032 970 1232 1046 intenderent,
1247 970 1293 1030 nil

59 1061 241 1142 quidquam
257 1072 343 1126 tunc
357 1064 481 1145 quidem
499 1062 693 1125 attentiruut.

101 1160 197 1219 Nec'
186 1181 224 1220 ιιι
238 1159 371 1223 Alsatib
380 1162 510 1221 minores
521 1160 685 1293 progressis
699 1170 772 1223 tunc
786 1160 895 1243 agebat
902 1160 926 1222 J
927 1181 1040 1223 oannes
1054 1160 1210 1223 Wertbius
1222 1182 1294 1224 cou-

64 1352 225 1434 agendum
238 1364 326 1415 erat.
362 1352 512 1414 Emiserat
523 1353 597 1413 Dux
607 1353 782 1415 Beruardus
793 1354 979 1437 Magistrum
991 1354 1144 1434 quendam
1157 1354 1293 1434 equitum

67 1470 135 1510 cura
146 1449 323 1531 octoginta
333 1450 505 1530 Equitibus,
516 1460 550 1511 ut
564 1451 602 1512 de
611 1449 741 1511 hostium
752 1452 985 1513 commoratione
994 1460 1025 1513 et
1035 1450 1169 1513 consiliis
1178 1450 1294 1531 disqui-

67 1556 157 1620 reret,
173 1546 234 1627 qui
256 1568 336 1608 cnm
355 1546 544 1626 aliquantum
564 1546 692 1627 amplius
710 1567 883 1629 progressus
896 1546 1000 1609 fuisset
1016 1548 1107 1629 quim
1121 1546 1258 1620 debebat,
1273 1547 1293 1608 b

71 1642 167 1703 tribus
187 1643 387 1726 Legionibus
401 1640 585 1704 Wertbiunis
607 1642 751 1725 cingitur,
770 1642 892 1723 ipseque
910 1664 979 1705 cum
998 1644 1154 1725 sexaginta
1174 1644 1294 1724 Equiti·

71 1738 126 1797 bus
147 1738 291 1821 capitur.
347 1738 451 1821 Hujus
473 1739 569 1801 cludis
590 1739 694 1800 nuncii
716 1758 786 1800 cum
806 1738 915 1819 reliqui
933 1739 1043 1821 viginti
1059 1740 1100 1799 ad
1120 1749 1219 1800 castra
1240 1759 1294 1800 sue

75 1834 263 1912 rediment,
282 1837 411 1919 jubetur
427 1835 586 1897 confestim
600 1834 775 1897 Colouellus
789 1835 856 1895 Noa
869 1855 940 1895 cum
955 1835 1050 1895 tribus
1063 1836 1171 1896 turmis
1189 1844 1295 1897 eontra

75 1929 228 1993 Caesarios
246 1932 370 2015 egredi,
390 1932 444 1994 sed
462 1931 543 1995 ethi
564 1932 582 1993 ὲ
599 1930 858 2011 cataphractorum
875 1931 1010 2011 quinque
1028 1931 1137 1992 turmis
1156 1931 1293 2012 dissipati

79 2038 159 2099 suut,
170 2028 204 2089 in
218 2048 357 2109 quorum
368 2048 542 2090 succursum
557 2029 661 2090 decem
672 2036 785 2089 turmas
795 2026 946 2109 ablegavit
956 2027 1175 2101 Wimarieusis,
1186 2037 1216 2089 et
1228 2029 1293 2109 ipse

79 2142 115 2183 ex
130 2123 402 2188 Botteudorffiand
412 2123 530 2208 legione
540 2124 728 2205 manipulum
737 2123 852 2197 eduxit,
862 2124 915 2185 sed
925 2144 995 2185 cum
1007 2124 1197 2187 Cesareanos
1207 2125 1292 2187 vide·

82 2229 127 2281 ret
143 2224 272 2284 strenue
293 2232 326 2283 et
344 2223 457 2302 absque
477 2221 540 2282 ullo
554 2231 637 2283 metu
654 2220 687 2281 in
708 2240 776 2282 suos
795 2220 851 2293 ire,
871 2220 1050 2282 retrocessit.
1090 2221 1196 2302 quue
1215 2232 1294 2283 tem·

82 2334 151 2395 pore
162 2318 355 2396 Werthiani,
366 2326 468 2400 erepto
482 2338 542 2380 uno
554 2318 641 2400 signo
654 2316 794 2398 Equestri
808 2317 961 2398 captisque
969 2337 1031 2379 uno
1045 2316 1186 2400 praefecto
1199 2319 1294 2400 Equi·

85 2423 148 2473 tum
160 2423 191 2476 et
205 2417 330 2478 duobus
342 2415 612 2477 locumtenentibus
629 2435 698 2476 oum
716 2415 916 2496 quadraginta
934 2413 1106 2494 Equitibus,
1121 2415 1295 2477 ceciderunt

86 2510 315 2596 quinquaginta
328 2511 583 2574 Wimarieusium.

127 2607 305 2671 Accersitus
322 2619 367 2671 est
384 2611 439 2670 sub
457 2609 523 2670 hec
541 2617 675 2689 tempora
688 2608 707 2669 d
722 2606 893 2670 Galliarum
908 2607 994 2690 Rege
1011 2608 1225 2670 serenissimus
1240 2608 1295 2671 Sa·

87 2702 205 2765 baudire
220 2705 301 2767 Dux
313 2705 420 2767 Victor
433 2706 608 2780 Amedaeus,
625 2704 769 2780 Parisios,
783 2713 818 2765 ut
833 2704 1003 2787 conjunctis
1019 2705 1151 2765 consiliis
1165 2706 1296 2768 debello

90 2811 192 2862 contra
201 2802 360 2885 Hispanos
373 2802 405 2862 in
416 2801 506 2863 Italii
518 2802 721 2883 promovendo
733 2809 929 2876 tractaretur3
951 2801 1021 2881 qub,
1034 2802 1131 2884 magis
1143 2802 1175 2862 iu
1186 2823 1293 2884 pacem

90 2895 178 2973 quum
191 2899 275 2961 bella
289 2919 411 2981 pronus,
425 2899 555 2980 optimus
570 2898 653 2970 Dux,
664 2917 726 2958 una
738 2917 809 2958 oum
819 2897 938 2959 comite
952 2897 990 2957 de
1000 2896 1104 2958 Verus
1117 2897 1202 2958 abiit.
1232 2899 1295 2962 Sed

94 3009 150 3052 nou
163 2996 261 3058 multb
272 3004 420 3078 postcom
435 2996 558 3057 domum
569 2994 705 3056 rediisset
717 3013 753 3054 ex
764 2993 914 3074 insperato
927 2993 1069 3054 unicum
1082 2995 1165 3055 dicto
1175 2994 1295 3056 Comite

94 3105 145 3149 suo
158 3103 295 3154 mortuus
311 3103 356 3154 est
371 3113 500 3172 cumque
514 3091 633 3173 judicio
649 3091 836 3153 medicorum
854 3110 933 3151 mors
950 3089 1004 3150 illa
1020 3091 1168 3152 medicato
1185 3091 1296 3174 poculo

97 3183 323 3265 adscriberetur,
339 3189 469 3270 suspicio
483 3187 540 3249 fuit
553 3187 625 3269 ipsis
638 3187 715 3248 inter
730 3185 835 3247 Gallos
845 3207 994 3247 venenum
1008 3185 1099 3249 fuisse
1112 3188 1241 3249 dilutum
1256 3209 1292 3250 ao

97 3283 295 3363 propinatum.
351 3285 472 3346 Infeliei
494 3305 613 3365 quoque
634 3293 743 3344 eventu
764 3293 893 3364 quatuor
918 3283 1124 3365 Hispanorum
1145 3285 1241 3345 millia
1262 3285 1295 3344 in

101 3374 211 3442 Galbae
229 3382 411 3464 irruperunt,
429 3403 466 3442 ex
483 3381 601 3462 quibus,
616 3380 763 3442 sexcentis
776 3381 882 3460 captis,
898 3380 1010 3441 relictis
1023 3389 1090 3461 post
1106 3402 1138 3442 se
1156 3383 1297 3442 omnibus

100 3469 320 3553 impedimentis
339 3487 371 3540 et
388 3478 545 3559 sexaginta
563 3477 718 3538 tormentis
742 3475 913 3552 metallinis,
936 3495 972 3537 ac
994 3477 1167 3557 quindecim
1187 3477 1295 3559 signis,

103 3569 204 3651 reliqui
216 3578 297 3658 aegre
310 3575 351 3636 ed
363 3595 432 3636 suos
446 3574 570 3636 evadere
584 3583 754 3655 potuerunt.

142 3665 219 3732 Haec
232 3673 306 3736 dum
320 3674 358 3734 ab
367 3671 434 3734 aliis
447 3671 519 3734 alibi
532 3681 672 3754 aguntur,
683 3671 778 3734 nostri
791 3669 912 3734 interim
925 3669 958 3732 in
970 3669 1150 3733 Pomerauii
1162 3689 1223 3732 non
1237 3668 1295 3732 oti·
