3225 4700
338 368 404 434 348
748 362 771 427 1
778 360 1062 431 TINERARI
1069 360 1154 429 UM.

339 550 400 600 tam
422 537 609 598 luculentum
634 532 745 597 vulnus
768 556 873 596 curare
891 535 993 618 possit.
1035 534 1126 607 Quod
1146 532 1205 595 nisi
1226 552 1379 605 cavemus,
1399 530 1528 592 efflictim

340 634 560 705 sollicitabitnr,
575 642 608 694 ut
623 631 724 713 copias
737 642 891 707 restauret,
907 642 936 693 et
951 632 1048 693 denuo
1062 632 1225 693 exercitum
1239 628 1265 689 si
1279 648 1339 690 uon
1352 627 1528 708 superiorem

339 731 438 807 nobis,
453 730 557 792 saltem
571 749 673 810 parem
687 728 819 811 colligat,
834 739 864 791 et
882 738 986 791 eontra
999 748 1053 790 nos
1068 728 1100 789 in
1118 746 1258 808 eampum
1273 725 1407 799 reducat,
1422 734 1530 785 nostre·

338 847 397 908 que
409 826 535 888 consilia
547 825 697 887 eeleritate
710 846 765 886 sna
777 834 901 887 evertat.

379 921 458 985 Cum
474 922 575 1002 itaque
592 922 846 1004 promptissimum
860 921 1022 984 Charitstis
1035 932 1142 985 vestrae
1162 921 1297 982 animum
1313 920 1355 981 sd
1367 917 1531 1000 justissima

340 1020 406 1081 haec
431 1038 514 1080 arma
540 1028 601 1079 tatu
626 1018 825 1099 suscipienda,
851 1019 941 1098 quhm
968 1018 1176 1101 prosequende
1202 1016 1319 1077 abunde
1346 1024 1530 1096 perspectum

340 1115 526 1189 haberemus,
542 1114 626 1175 nullo
640 1115 731 1177 modo
741 1115 967 1196 praetermittere
977 1115 1135 1190 voluimus,
1149 1114 1222 1195 quin
1233 1132 1298 1174 eam
1312 1110 1419 1173 litteris
1430 1110 1531 1170 nostris

342 1213 374 1274 in
389 1212 538 1294 proposito
552 1211 808 1285 confirmaremus,
822 1220 853 1273 et
866 1213 904 1273 sd
917 1210 1072 1273 ulteriores
1086 1230 1259 1295 progressus
1273 1210 1478 1270 incitaremus.

383 1307 536 1389 Imprimis
550 1307 622 1368 verb
635 1307 788 1369 hortamur
801 1317 836 1369 nt
848 1308 931 1370 omni
945 1309 1013 1370 nisu
1026 1309 1201 1370 adlaborare
1215 1306 1298 1380 velit,
1310 1326 1349 1366 ne
1362 1304 1457 1365 hostis
1470 1322 1531 1364 suas

342 1406 382 1466 ad
398 1403 539 1464 Rhenum
553 1404 656 1485 copias
670 1405 709 1465 ad
723 1425 755 1467 se
768 1425 921 1467 accersere
935 1408 1034 1487 possit,
1048 1407 1098 1467 vel
1111 1404 1137 1467 si
1148 1424 1197 1467 eas
1206 1405 1273 1487 jsm
1287 1403 1363 1464 forte
1377 1412 1530 1474 evocasset,

341 1502 469 1573 efficere,
483 1508 518 1560 ut
538 1519 588 1561 eus
606 1500 723 1574 eodem,
741 1504 822 1564 unde
838 1504 993 1578 eduxerat,
1013 1504 1162 1564 remittere
1182 1509 1317 1583 cogetur,
1333 1500 1391 1559 nisi
1409 1496 1531 1579 perditas

341 1596 414 1657 velit
431 1594 499 1656 illos
518 1596 660 1657 stationes
678 1606 708 1658 et
725 1607 831 1673 terras,
850 1619 977 1680 quorum
995 1598 1186 1661 incolumitas
1203 1598 1476 1659 consoederatorum
1493 1594 1532 1652 iu·¹

341 1701 441 1764 terest,
456 1700 491 1753 ut
504 1702 704 1753 conservetur.

383 1788 422 1848 In
443 1807 504 1868 qno
525 1789 648 1868 quidem
669 1791 790 1872 negotio
811 1792 954 1873 quoniam
968 1791 1154 1854 charitatem
1174 1803 1314 1868 vestram,
1336 1812 1395 1852 non
1420 1792 1531 1852 tanturn

342 1885 471 1967 propriis
484 1885 585 1959 armis,
600 1886 652 1946 sed
667 1887 757 1947 etiam
769 1888 902 1950 consiliis
916 1898 945 1950 et
953 1890 1053 1950 favore
1062 1890 1143 1971 spud
1158 1888 1324 1950 Dominum
1336 1888 1375 1949 de
1386 1886 1530 1948 Guebriun

342 1982 506 2063 plurimum
520 1981 620 2043 valere
630 1982 836 2067 intelligimus,
852 1996 1018 2067 eapropter
1030 1987 1165 2068 impense
1178 2006 1328 2067 rogamus,
1342 1996 1375 2045 ut
1388 2004 1446 2065 pro
1460 2002 1530 2043 com·

341 2078 428 2139 muni
446 2079 525 2139 bone
539 2078 696 2140 desideriis
712 2082 821 2143 nostris
843 2082 995 2144 velificare
1012 2084 1164 2167 dignetur,
1181 2104 1218 2145 ac
1237 2082 1351 2143 dietum
1371 2080 1530 2141 Dominum

342 2173 493 2235 Comitem
513 2175 665 2249 inducere,
679 2186 713 2237 ut
725 2180 890 2241 exercitum
911 2200 1010 2257 sunm,
1024 2191 1137 2261 quanta
1153 2189 1251 2262 potest
1263 2178 1429 2251 celeritate,
1445 2176 1492 2237 vel
1506 2176 1529 2235 in

345 2270 546 2332 Franconiam
558 2271 608 2332 vel
620 2272 652 2331 in
666 2273 846 2356 superiorem
867 2276 1083 2353 Palatinatnm,
1099 2277 1146 2339 rel
1162 2277 1242 2339 certe
1255 2277 1293 2337 sd
1312 2274 1414 2336 Rheni
1430 2272 1531 2335 Moeni-

344 2388 403 2448 que
428 2377 542 2430 tractus
565 2381 747 2449 promoveat.
790 2373 898 2455 Neque
921 2377 1002 2436 enim
1026 2376 1192 2456 quidquam
1216 2375 1356 2446 occurrit,
1379 2373 1464 2453 quod
1488 2385 1532 2431 sut

344 2466 454 2527 nostris
462 2467 627 2528 commodis
636 2469 864 2545 conducibilius,
874 2472 923 2534 vel
935 2471 1027 2534 hostis
1037 2472 1295 2554 progressionibus
1306 2469 1404 2552 magis
1417 2469 1532 2529 noxium

343 2585 407 2627 esse
422 2566 525 2647 possit.
570 2566 680 2647 Sisque
701 2568 764 2639 fiet,
782 2577 816 2628 ut
839 2568 911 2629 dnm
932 2569 1101 2651 conjunctis
1120 2567 1211 2629 ermis
1231 2567 1446 2648 pugnabimus,
1462 2565 1532 2645 jem·

344 2663 462 2744 pridem
482 2675 614 2745 optatum
635 2685 739 2745 pacem
760 2683 816 2743 pro
836 2665 930 2726 enimi
951 2677 1021 2727 voto
1039 2665 1237 2739 obtineamus,
1259 2675 1289 2726 ct
1308 2683 1355 2724 res
1375 2674 1491 2724 nostras
1506 2661 1532 2720 in

343 2777 482 2818 securum
502 2768 623 2841 portum
641 2759 842 2823 traducamns.
880 2763 1025 2824 Pluribus
1043 2763 1099 2824 bac
1120 2763 1187 2824 vice
1207 2762 1392 2824 Charitstem
1410 2770 1531 2822 vestran

344 2857 456 2916 morari
475 2875 535 2916 non
555 2855 752 2926 intendimus,
771 2857 899 2941 ideoque
917 2879 983 2922 earn
1003 2861 1126 2921 Divinus
1147 2858 1336 2941 protectioni,
1357 2867 1423 2920 toto
1443 2857 1533 2918 cordis

344 2951 463 3028 affectu,
473 2953 729 3015 commendamus.
772 2954 928 3017 Dabamus
941 2977 979 3018 ex
994 2956 1092 3038 Regia
1104 2975 1174 3017 erce
1187 2965 1288 3017 nostra
1298 2951 1533 3016 Stachholmcusi

343 3051 394 3110 24.
418 3049 601 3110 Novembris
628 3051 722 3112 Anno
748 3053 839 3112 1642.
883 3051 949 3113 Has
975 3053 1090 3114 litteras
1117 3051 1261 3134 profuisse
1282 3051 1387 3112 docuit
1406 3061 1532 3118 eventus,

345 3145 467 3226 quondo
477 3137 592 3208 scilicet
603 3146 922 3210 Gallo-wimarienses
933 3149 1089 3210 celerrima
1098 3149 1287 3230 expeditione
1296 3149 1328 3209 in
1340 3147 1531 3208 Franconian

345 3252 547 3323 penetrarunt,
561 3265 597 3306 sc
613 3245 826 3326 Episcopatum
842 3246 1099 3329 Bambergensem
1109 3255 1139 3307 et
1149 3246 1249 3307 vicina
1257 3245 1372 3308 circum
1386 3244 1455 3308 loca
1462 3243 1531 3305 foedt

343 3340 524 3403 lacerarunt.

381 3435 509 3497 Interim
525 3437 706 3520 Fribnrgum
722 3438 845 3500 Misniae
859 3441 940 3501 eroth
954 3440 1130 3503 conclusum
1146 3442 1311 3516 tenebatur,
1328 3459 1422 3520 quum
1436 3438 1529 3499 urben

343 3532 503 3594 tuebantur
522 3533 606 3595 mille
625 3535 748 3596 ducenti
771 3535 879 3598 milites
901 3535 1053 3610 Saxonici,
1074 3548 1135 3599 tam
1156 3539 1283 3620 pedites,
1302 3539 1394 3618 quam
1414 3535 1529 3616 equites.

343 3628 451 3708 quibus
465 3648 496 3690 se
505 3629 675 3710 junxerant
687 3643 843 3692 senatores
856 3633 988 3713 plurimi,
1002 3645 1032 3695 et
1042 3635 1095 3695 slii
1108 3635 1125 3694 ὲ
1138 3635 1260 3711 vicinis,
1270 3633 1458 3718 joculatorie
1468 3629 1529 3691 artis

343 3725 525 3802 peritissimi,
545 3738 649 3788 contra
667 3748 742 3808 quos
761 3731 925 3804 tormentis,
941 3752 1009 3792 mox
1029 3732 1118 3793 etiam
1140 3731 1254 3794 effossis
1271 3745 1301 3794 et
1317 3731 1440 3813 pulvere
1454 3725 1528 3810 pyrio

344 3821 475 3902 repletis,
490 3825 699 3905 succensisque
713 3827 860 3888 cuniculis
875 3828 991 3890 fortiter
1003 3841 1113 3892 sctum.
