3225 4700
485 315 886 384 ITINERARIUM.
1216 315 1279 382 409

65 468 190 547 primis
202 468 286 530 fortis
298 480 328 531 et
342 469 510 546 bellicosus,
524 469 578 550 qui
591 468 630 530 ad
641 480 781 531 octavum
794 471 946 532 decimum
969 471 1049 532 Maii
1063 469 1206 532 inclinato
1213 469 1279 550 jam

67 565 121 625 ad
143 585 282 627 occasum
304 567 355 627 die
379 565 583 648 Hispanorum
606 567 746 628 stationes
766 567 897 648 primum
920 578 965 629 est
986 587 1144 651 aggressus
1167 585 1278 647 magno

67 663 186 722 animo
200 673 228 724 et
242 662 417 725 fortitudine
431 662 572 738 mirabili,
587 664 638 725 sed
654 663 752 725 Ducis
764 665 803 725 de
819 664 903 726 Melo
916 665 1064 728 industrie
1077 673 1107 726 et
1120 661 1278 725 commode

69 758 278 840 dispositione
299 759 408 842 megud
431 760 591 823 Gallorum
615 761 702 822 clade
722 760 858 841 repulsus
879 770 932 823 est.
972 761 1042 822 Nou
1069 761 1136 821 ideo
1162 757 1278 820 destitit

69 856 230 937 gloriosus
243 856 457 939 Campiductor
470 858 670 940 Auguiuaeus,
685 858 737 937 qui
750 877 860 918 uorem
874 859 1096 940 impressionem
1111 857 1212 918 animo
1225 875 1273 916 co-

68 955 204 1033 quebat,
218 973 307 1034 quam
321 965 438 1036 postero
452 955 503 1016 die
519 965 553 1016 ut
566 954 696 1035 primum
710 954 893 1016 dilucescere
908 955 1000 1036 cmpit
1013 954 1068 1015 sub
1081 955 1197 1015 tertiam
1212 973 1274 1014 tna·

70 1051 221 1126 tutinam,
235 1061 341 1112 auctus
356 1051 442 1112 novis
455 1051 561 1132 copiis,
574 1051 740 1132 majoribus
752 1071 843 1131 quam
858 1071 990 1132 unquam
1006 1059 1075 1112 aute
1089 1050 1199 1111 animis
1212 1069 1274 1110 sus·

70 1148 171 1228 cepit,
187 1159 216 1209 et
230 1147 376 1229 impetum
396 1149 553 1210 renovarit
570 1160 630 1210 tem
644 1148 724 1210 felici
740 1169 879 1209 successu
896 1160 929 1210 ut
949 1159 977 1209 et
993 1148 1019 1208 si
1035 1147 1194 1208 fortissime
1214 1165 1276 1206 sese

71 1255 267 1325 opponerent
286 1245 428 1327 Hispani,
446 1255 545 1307 tamen
565 1247 671 1308 cedere
689 1245 809 1307 tandem
831 1245 926 1306 coacti
946 1245 1017 1318 siut,
1039 1263 1075 1305 ec
1096 1239 1272 1304 effusissime

70 1341 271 1423 fugddilabi.
306 1343 515 1424 Sequebantur
523 1341 672 1425 fugientes
681 1342 781 1404 hostes
792 1341 876 1404 Gelli
885 1351 968 1403 tanto
978 1342 1089 1422 impetu
1099 1348 1132 1400 ut
1141 1339 1272 1423 legiones

71 1440 248 1519 praecipuus
266 1441 397 1501 maxime
417 1439 580 1520 Hispanas,
600 1438 704 1512 Italas,
720 1450 751 1501 et
771 1437 955 1521 Burgundas
975 1437 1176 1498 internecione
1192 1434 1271 1496 dele-

73 1547 147 1598 rent
168 1537 244 1598 adeo
271 1547 305 1598 ut
331 1537 418 1618 pauci
445 1535 654 1617 superfuerint.
696 1535 818 1598 Cecidit
840 1555 876 1598 ex
903 1535 1110 1617 Hispanorum
1136 1533 1271 1614 pertibus

73 1632 192 1694 Comes
207 1633 360 1695 Fontanus
372 1632 439 1714 (qui
453 1632 581 1716 gloriose
594 1633 669 1694 mori
683 1633 776 1714 quem
788 1631 935 1714 inglorius
948 1633 1041 1693 vitem
1054 1631 1166 1713 pacisci
1181 1629 1271 1690 male-

74 1731 145 1807 bat)
166 1730 226 1792 unt
243 1750 312 1792 cum
334 1730 453 1792 comite
469 1728 614 1800 villelm,
637 1729 771 1790 Domino
791 1729 926 1790 Antonio
946 1729 1107 1790 Velaudie.
1148 1726 1272 1789 Occiso-

77 1847 148 1887 rum
169 1848 311 1888 numerus
328 1847 364 1888 ex
379 1837 505 1908 utraque
522 1837 605 1906 parte
621 1827 729 1886 verene
743 1845 781 1886 an
801 1825 872 1888 flete
886 1846 947 1887 non
964 1845 1058 1908 arguo
1079 1825 1117 1886 ed
1134 1824 1272 1886 duodena

75 1923 178 1984 millia
190 1925 354 1985 excrevisse
367 1923 531 1984 estimatus
543 1931 595 1984 est.
636 1919 706 1982 Hoc
721 1933 836 1982 certum
852 1921 1006 2004 Hispanos
1019 1923 1114 1984 victos
1128 1921 1228 1996 fuisse,
1243 1932 1274 1982 et

76 2021 246 2082 victoribus
273 2041 393 2082 omnem
426 2020 567 2081 bellicum
596 2027 782 2100 apparatum,
812 2019 1037 2100 impedimenta,
1066 2027 1270 2098 tormentaque

76 2116 344 2179 omniaacrexilla
354 2129 415 2180 tam
429 2117 678 2198 equestriaqnam
689 2115 840 2197 pedestria
850 2116 1012 2189 dimisisse3
1034 2137 1071 2177 ex
1083 2115 1176 2197 signis
1190 2117 1269 2176 certe

79 2213 214 2276 Parisios
231 2214 328 2276 delete
342 2224 411 2276 sunt
429 2223 550 2275 centnm
567 2212 690 2274 omuino
709 2221 741 2274 st
752 2213 905 2295 ocmgiuta
926 2214 976 2275 ubi
996 2214 1065 2274 Deo
1083 2211 1218 2273 solennes
1238 2213 1267 2272 in

78 2310 147 2373 aede
160 2311 296 2394 principe
309 2313 415 2394 gretie
429 2321 499 2373 suut
511 2309 630 2373 habitae.

121 2408 291 2470 Praemissis
313 2408 361 2471 his
382 2408 519 2490 propitia
541 2408 669 2470 fortunar
693 2408 871 2490 prodromis,
892 2409 1017 2471 victoria
1042 2410 1268 2492 Anguiueusem

78 2508 189 2567 ducem
209 2505 249 2566 ed
268 2504 423 2567 ulteriores
440 2524 612 2587 progressus
630 2504 807 2580 stimulavit,
828 2506 881 2586 qui
901 2506 1004 2589 glorie
1025 2506 1189 2586 obsequens
1209 2525 1269 2566 non

78 2602 176 2663 multo
190 2613 256 2683 post
271 2600 503 2662 Theonisrillam
517 2601 657 2662 infestare
674 2601 840 2663 coustituit.
883 2602 958 2664 Erat
971 2601 1174 2665 Theonisviile
1187 2622 1269 2664 eom·

79 2698 170 2780 plexu
195 2699 319 2780 quidem
344 2707 481 2780 anguste,
508 2697 562 2757 sed
589 2696 648 2757 situ
667 2707 698 2757 et
717 2698 885 2761 munitione
909 2720 1049 2781 perquam
1072 2710 1207 2781 augusta,
1233 2719 1269 2761 ec

78 2797 159 2856 iuter
184 2796 445 2878 Luxenburgensis
465 2795 593 2856 ducatus
620 2794 806 2855 nobilissima
829 2794 981 2869 fortalitia,
1003 2796 1137 2868 visenda,
1166 2798 1196 2856 iu
1224 2818 1268 2858 se·

77 2892 202 2953 milunae
212 2892 337 2953 formam
351 2890 549 2964 exedificeta,
558 2910 648 2972 quam
658 2910 695 2951 ex
710 2910 771 2951 uus
783 2901 867 2971 parte
881 2904 987 2955 natura
998 2892 1134 2955 Mosellae
1144 2894 1266 2967 alluvio,

77 3010 116 3051 ex
129 2988 222 3051 alterd
235 3009 289 3049 arx
302 2988 496 3051 munimentis
508 2989 721 3051 robustissimis
727 2990 817 3070 juxte
830 3000 860 3051 ct
875 2989 1023 3052 latissimis
1036 2991 1121 3052 fossis
1136 2990 1214 3071 equi
1228 2992 1267 3054 ed

79 3085 195 3147 hastilis
211 3084 400 3147 altitudinem
415 3087 531 3147 refertis
547 3097 713 3168 opportune
727 3087 878 3149 cinxerat:
899 3105 967 3168 quar
981 3086 1051 3166 quia
1064 3107 1155 3171 prope
1176 3088 1268 3150 Metis

77 3184 190 3250 aberet,
204 3180 388 3262 jampridem
401 3181 504 3242 orexin
526 3181 684 3244 Gallorum
698 3194 865 3260 exacuerat,
886 3184 1121 3265 industriamque
1140 3196 1170 3245 et
1189 3196 1268 3247 artes

78 3279 195 3362 pridem
215 3287 246 3341 et
265 3289 439 3339 exercuerat
459 3290 490 3339 et
513 3279 649 3340 eluserat.
692 3278 783 3341 Hauc
804 3281 898 3363 igitur
917 3302 986 3342 cum
1008 3301 1114 3342 novem
1137 3282 1264 3343 millium

78 3375 210 3437 exercitu
219 3376 352 3437 adoritur
361 3376 561 3458 Anguinseus,
576 3376 722 3458 septimo
735 3377 859 3457 quidem
870 3377 1024 3439 Virtonem
1037 3376 1168 3460 ignobile
1182 3380 1265 3461 oppi-

80 3473 152 3533 dum
165 3473 352 3556 aggreditur,
365 3473 469 3534 steine
485 3492 596 3554 magno
608 3481 718 3533 conatu
732 3472 886 3553 intercipit
900 3482 984 3534 sexto
998 3474 1116 3535 decimo
1128 3473 1151 3535 J
1154 3476 1217 3535 unii
1230 3494 1266 3537 ee

79 3571 196 3631 decimo
214 3579 323 3631 octero
341 3568 475 3651 ejusdem
493 3580 592 3629 castre
611 3577 642 3629 et
659 3568 844 3629 obsidionem
863 3570 903 3630 ed
920 3570 1017 3650 ipsum
1036 3571 1265 3635 Theonisvillam

649 3668 667 3724 3
688 3684 709 3725 o
