<?xml version="1.0" encoding="UTF-8"?>
<!DOCTYPE html PUBLIC "-//W3C//DTD XHTML 1.0 Transitional//EN"
    "http://www.w3.org/TR/xhtml1/DTD/xhtml1-transitional.dtd">
<html xmlns="http://www.w3.org/1999/xhtml" xml:lang="en" lang="en">
 <head>
  <title>
</title>
<meta http-equiv="Content-Type" content="text/html;charset=utf-8" />
  <meta name='ocr-system' content='tesseract 3.04.00' />
  <meta name='ocr-capabilities' content='ocr_page ocr_carea ocr_par ocr_line ocrx_word'/>
</head>
<body>
  <div class='ocr_page' id='page_1' title='image "./itinerariumthom00kerngoog_0213.png"; bbox 0 0 3225 4700; ppageno 0'>
   <div class='ocr_carea' id='block_1_1' title="bbox 468 334 1279 414">
    <p class='ocr_par' dir='ltr' id='par_1_1' title="bbox 468 334 1279 414">
     <span class='ocr_line' id='line_1_1' title="bbox 468 334 1279 414; baseline 0.009 -10"><span class='ocrx_word' id='word_1_1' title='bbox 468 334 886 405; x_wconf 78' lang='lat' dir='ltr'><strong>ITINERARIUM.</strong></span> <span class='ocrx_word' id='word_1_2' title='bbox 1219 342 1279 414; x_wconf 76' lang='lat'><strong>129</strong></span> 
     </span>
    </p>
   </div>
   <div class='ocr_carea' id='block_1_2' title="bbox 53 486 1277 863">
    <p class='ocr_par' dir='ltr' id='par_1_2' title="bbox 53 486 1277 863">
     <span class='ocr_line' id='line_1_2' title="bbox 55 486 1277 572; baseline 0.011 -28"><span class='ocrx_word' id='word_1_3' title='bbox 55 486 561 572; x_wconf 73' lang='lat' dir='ltr'><strong>mentuminulnrtiPerganreni</strong></span> <span class='ocrx_word' id='word_1_4' title='bbox 568 490 663 553; x_wconf 72' lang='lat' dir='ltr'><strong>nitide</strong></span> <span class='ocrx_word' id='word_1_5' title='bbox 671 490 855 571; x_wconf 87' lang='lat' dir='ltr'><strong>descriptum</strong></span> <span class='ocrx_word' id='word_1_6' title='bbox 860 489 1038 555; x_wconf 80' lang='lat' dir='ltr'><strong>evolvebant</strong></span> <span class='ocrx_word' id='word_1_7' title='bbox 1044 490 1277 557; x_wconf 86' lang='lat' dir='ltr'><strong>convolvebant-</strong></span> 
     </span>
     <span class='ocr_line' id='line_1_3' title="bbox 53 584 1274 671; baseline 0.009 -31"><span class='ocrx_word' id='word_1_8' title='bbox 53 600 135 659; x_wconf 89' lang='lat' dir='ltr'><strong>que,</strong></span> <span class='ocrx_word' id='word_1_9' title='bbox 152 584 352 647; x_wconf 85' lang='lat' dir='ltr'><strong>convolutum</strong></span> <span class='ocrx_word' id='word_1_10' title='bbox 365 586 475 647; x_wconf 88' lang='lat' dir='ltr'><strong>deinde</strong></span> <span class='ocrx_word' id='word_1_11' title='bbox 489 586 521 647; x_wconf 92' lang='lat' dir='ltr'><strong>iu</strong></span> <span class='ocrx_word' id='word_1_12' title='bbox 534 587 709 649; x_wconf 88' lang='lat' dir='ltr'><strong>scriniolnm</strong></span> <span class='ocrx_word' id='word_1_13' title='bbox 723 586 848 668; x_wconf 75' lang='lat' dir='ltr'><strong>aliquod</strong></span> <span class='ocrx_word' id='word_1_14' title='bbox 860 609 912 650; x_wconf 90' lang='lat' dir='ltr'><strong>seu</strong></span> <span class='ocrx_word' id='word_1_15' title='bbox 927 589 1153 651; x_wconf 77' lang='lat' dir='ltr'><strong>tabernaculum</strong></span> <span class='ocrx_word' id='word_1_16' title='bbox 1164 590 1274 671; x_wconf 86' lang='lat' dir='ltr'><strong>potius,</strong></span> 
     </span>
     <span class='ocr_line' id='line_1_4' title="bbox 54 678 1275 767; baseline 0.01 -31"><span class='ocrx_word' id='word_1_17' title='bbox 54 678 151 755; x_wconf 91' lang='lat' dir='ltr'><strong>quod</strong></span> <span class='ocrx_word' id='word_1_18' title='bbox 160 678 221 758; x_wconf 90' lang='lat' dir='ltr'><strong>ipsi</strong></span> <span class='ocrx_word' id='word_1_19' title='bbox 228 682 392 743; x_wconf 71' lang='lat' dir='ltr'><strong>mererium</strong></span> <span class='ocrx_word' id='word_1_20' title='bbox 398 682 560 764; x_wconf 85' lang='lat' dir='ltr'><strong>sppellant,</strong></span> <span class='ocrx_word' id='word_1_21' title='bbox 569 684 777 764; x_wconf 78' lang='lat' dir='ltr'><strong>deportabunt,</strong></span> <span class='ocrx_word' id='word_1_22' title='bbox 786 684 998 747; x_wconf 87' lang='lat' dir='ltr'><strong>accedentibus</strong></span> <span class='ocrx_word' id='word_1_23' title='bbox 1006 685 1059 765; x_wconf 93' lang='lat' dir='ltr'><strong>qui</strong></span> <span class='ocrx_word' id='word_1_24' title='bbox 1061 685 1275 767; x_wconf 86' lang='lat' dir='ltr'><strong>juxtsstsbant</strong></span> 
     </span>
     <span class='ocr_line' id='line_1_5' title="bbox 55 774 1275 863; baseline 0.006 -31"><span class='ocrx_word' id='word_1_25' title='bbox 55 782 92 833; x_wconf 91' lang='lat' dir='ltr'><strong>et</strong></span> <span class='ocrx_word' id='word_1_26' title='bbox 114 774 365 840; x_wconf 69' lang='lat' dir='ltr'><strong>deosculantibus</strong></span> <span class='ocrx_word' id='word_1_27' title='bbox 384 779 483 861; x_wconf 78' lang='lat' dir='ltr'><strong>legem</strong></span> <span class='ocrx_word' id='word_1_28' title='bbox 505 779 572 841; x_wconf 80' lang='lat' dir='ltr'><strong>Dur</strong></span> <span class='ocrx_word' id='word_1_29' title='bbox 593 780 624 841; x_wconf 92' lang='lat' dir='ltr'><strong>in</strong></span> <span class='ocrx_word' id='word_1_30' title='bbox 645 780 787 843; x_wconf 70' lang='lat' dir='ltr'><strong>manibus·</strong></span> <span class='ocrx_word' id='word_1_31' title='bbox 802 780 975 843; x_wconf 70' lang='lat' dir='ltr'><strong>sacrificuli.</strong></span> <span class='ocrx_word' id='word_1_32' title='bbox 1017 781 1094 843; x_wconf 84' lang='lat' dir='ltr'><strong>Mox</strong></span> <span class='ocrx_word' id='word_1_33' title='bbox 1111 780 1150 842; x_wconf 86' lang='lat' dir='ltr'><strong>sd</strong></span> <span class='ocrx_word' id='word_1_34' title='bbox 1171 798 1275 863; x_wconf 80' lang='lat' dir='ltr'><strong>preces</strong></span> 
     </span>
    </p>
   </div>
   <div class='ocr_carea' id='block_1_3' title="bbox 55 870 1273 3814">
    <p class='ocr_par' dir='ltr' id='par_1_3' title="bbox 55 870 1273 1239">
     <span class='ocr_line' id='line_1_6' title="bbox 55 870 1273 959; baseline 0.007 -28"><span class='ocrx_word' id='word_1_35' title='bbox 55 870 165 933; x_wconf 72' lang='lat' dir='ltr'><strong>multi</strong></span> <span class='ocrx_word' id='word_1_36' title='bbox 177 872 262 934; x_wconf 82' lang='lat' dir='ltr'><strong>vocis</strong></span> <span class='ocrx_word' id='word_1_37' title='bbox 274 882 305 934; x_wconf 85' lang='lat' dir='ltr'><strong>et</strong></span> <span class='ocrx_word' id='word_1_38' title='bbox 313 874 373 936; x_wconf 89' lang='lat' dir='ltr'><strong>oris</strong></span> <span class='ocrx_word' id='word_1_39' title='bbox 382 874 555 951; x_wconf 82' lang='lat' dir='ltr'><strong>inflexione,</strong></span> <span class='ocrx_word' id='word_1_40' title='bbox 565 876 733 939; x_wconf 71' lang='lat' dir='ltr'><strong>sublatione</strong></span> <span class='ocrx_word' id='word_1_41' title='bbox 743 878 991 959; x_wconf 76' lang='lat' dir='ltr'><strong>depressioneque</strong></span> <span class='ocrx_word' id='word_1_42' title='bbox 1002 878 1149 941; x_wconf 84' lang='lat' dir='ltr'><strong>redibant.</strong></span> <span class='ocrx_word' id='word_1_43' title='bbox 1181 876 1273 958; x_wconf 88' lang='lat' dir='ltr'><strong>Sepa-</strong></span> 
     </span>
     <span class='ocr_line' id='line_1_7' title="bbox 56 966 1271 1049; baseline 0.003 -22"><span class='ocrx_word' id='word_1_44' title='bbox 56 975 139 1027; x_wconf 86' lang='lat' dir='ltr'><strong>retoe</strong></span> <span class='ocrx_word' id='word_1_45' title='bbox 157 977 246 1030; x_wconf 81' lang='lat' dir='ltr'><strong>erant</strong></span> <span class='ocrx_word' id='word_1_46' title='bbox 261 966 281 1029; x_wconf 77' lang='lat' dir='ltr'><strong>d</strong></span> <span class='ocrx_word' id='word_1_47' title='bbox 295 967 369 1029; x_wconf 83' lang='lat' dir='ltr'><strong>viris</strong></span> <span class='ocrx_word' id='word_1_48' title='bbox 382 966 522 1029; x_wconf 89' lang='lat' dir='ltr'><strong>mulieres</strong></span> <span class='ocrx_word' id='word_1_49' title='bbox 534 966 601 1029; x_wconf 85' lang='lat' dir='ltr'><strong>loeo</strong></span> <span class='ocrx_word' id='word_1_50' title='bbox 612 968 736 1049; x_wconf 74' lang='lat' dir='ltr'><strong>paulum</strong></span> <span class='ocrx_word' id='word_1_51' title='bbox 749 969 886 1045; x_wconf 90' lang='lat' dir='ltr'><strong>editiore,</strong></span> <span class='ocrx_word' id='word_1_52' title='bbox 899 969 942 1030; x_wconf 84' lang='lat' dir='ltr'><strong>ita</strong></span> <span class='ocrx_word' id='word_1_53' title='bbox 954 978 1055 1031; x_wconf 88' lang='lat' dir='ltr'><strong>tamen</strong></span> <span class='ocrx_word' id='word_1_54' title='bbox 1068 977 1102 1030; x_wconf 89' lang='lat' dir='ltr'><strong>nt</strong></span> <span class='ocrx_word' id='word_1_55' title='bbox 1114 970 1271 1031; x_wconf 70' lang='lat' dir='ltr'><strong>commode</strong></span> 
     </span>
     <span class='ocr_line' id='line_1_8' title="bbox 55 1062 1271 1144; baseline 0.005 -23"><span class='ocrx_word' id='word_1_56' title='bbox 55 1063 253 1124; x_wconf 80' lang='lat' dir='ltr'><strong>ceremoniae</strong></span> <span class='ocrx_word' id='word_1_57' title='bbox 265 1082 368 1124; x_wconf 88' lang='lat' dir='ltr'><strong>omnes</strong></span> <span class='ocrx_word' id='word_1_58' title='bbox 380 1062 533 1144; x_wconf 78' lang='lat' dir='ltr'><strong>despicere</strong></span> <span class='ocrx_word' id='word_1_59' title='bbox 546 1070 677 1144; x_wconf 87' lang='lat' dir='ltr'><strong>possent,</strong></span> <span class='ocrx_word' id='word_1_60' title='bbox 691 1082 760 1144; x_wconf 77' lang='lat' dir='ltr'><strong>que</strong></span> <span class='ocrx_word' id='word_1_61' title='bbox 773 1063 864 1127; x_wconf 88' lang='lat' dir='ltr'><strong>simul</strong></span> <span class='ocrx_word' id='word_1_62' title='bbox 876 1063 977 1126; x_wconf 88' lang='lat' dir='ltr'><strong>neseio</strong></span> <span class='ocrx_word' id='word_1_63' title='bbox 987 1063 1063 1144; x_wconf 92' lang='lat' dir='ltr'><strong>quid</strong></span> <span class='ocrx_word' id='word_1_64' title='bbox 1072 1064 1155 1127; x_wconf 83' lang='lat' dir='ltr'><strong>triete</strong></span> <span class='ocrx_word' id='word_1_65' title='bbox 1166 1063 1271 1127; x_wconf 90' lang='lat' dir='ltr'><strong>inarti-</strong></span> 
     </span>
     <span class='ocr_line' id='line_1_9' title="bbox 57 1156 650 1239; baseline 0 -21"><span class='ocrx_word' id='word_1_66' title='bbox 57 1156 168 1219; x_wconf 76' lang='lat' dir='ltr'><strong>curate</strong></span> <span class='ocrx_word' id='word_1_67' title='bbox 181 1158 312 1239; x_wconf 81' lang='lat' dir='ltr'><strong>quedam</strong></span> <span class='ocrx_word' id='word_1_68' title='bbox 325 1177 399 1219; x_wconf 82' lang='lat' dir='ltr'><strong>voce</strong></span> <span class='ocrx_word' id='word_1_69' title='bbox 412 1158 650 1219; x_wconf 84' lang='lat' dir='ltr'><strong>murmurabant.</strong></span> 
     </span>
    </p>

    <p class='ocr_par' dir='ltr' id='par_1_4' title="bbox 57 1253 1267 2779">
     <span class='ocr_line' id='line_1_10' title="bbox 101 1253 1267 1338; baseline 0.003 -23"><span class='ocrx_word' id='word_1_70' title='bbox 101 1254 265 1317; x_wconf 83' lang='lat' dir='ltr'><strong>Absolutis</strong></span> <span class='ocrx_word' id='word_1_71' title='bbox 284 1253 422 1336; x_wconf 77' lang='lat' dir='ltr'><strong>precibus</strong></span> <span class='ocrx_word' id='word_1_72' title='bbox 443 1263 477 1315; x_wconf 92' lang='lat' dir='ltr'><strong>nt</strong></span> <span class='ocrx_word' id='word_1_73' title='bbox 498 1254 659 1336; x_wconf 88' lang='lat' dir='ltr'><strong>apparebat</strong></span> <span class='ocrx_word' id='word_1_74' title='bbox 678 1254 719 1317; x_wconf 85' lang='lat' dir='ltr'><strong>ed</strong></span> <span class='ocrx_word' id='word_1_75' title='bbox 739 1254 870 1338; x_wconf 87' lang='lat' dir='ltr'><strong>speciem</strong></span> <span class='ocrx_word' id='word_1_76' title='bbox 889 1254 986 1317; x_wconf 70' lang='lat' dir='ltr'><strong>multi</strong></span> <span class='ocrx_word' id='word_1_77' title='bbox 1007 1274 1077 1317; x_wconf 90' lang='lat' dir='ltr'><strong>cum</strong></span> <span class='ocrx_word' id='word_1_78' title='bbox 1098 1254 1267 1333; x_wconf 82' lang='lat' dir='ltr'><strong>devotione,</strong></span> 
     </span>
     <span class='ocr_line' id='line_1_11' title="bbox 59 1350 1267 1432; baseline 0.002 -21"><span class='ocrx_word' id='word_1_79' title='bbox 59 1350 245 1413; x_wconf 87' lang='lat' dir='ltr'><strong>Rabbinum</strong></span> <span class='ocrx_word' id='word_1_80' title='bbox 253 1350 312 1412; x_wconf 91' lang='lat' dir='ltr'><strong>hoc</strong></span> <span class='ocrx_word' id='word_1_81' title='bbox 321 1350 861 1432; x_wconf 83' lang='lat' dir='ltr'><strong>estsacrificulumipsornmevocavi,</strong></span> <span class='ocrx_word' id='word_1_82' title='bbox 870 1361 905 1413; x_wconf 91' lang='lat' dir='ltr'><strong>ut</strong></span> <span class='ocrx_word' id='word_1_83' title='bbox 914 1351 1121 1415; x_wconf 85' lang='lat' dir='ltr'><strong>abeocnriosa</strong></span> <span class='ocrx_word' id='word_1_84' title='bbox 1128 1352 1267 1432; x_wconf 77' lang='lat' dir='ltr'><strong>quedam</strong></span> 
     </span>
     <span class='ocr_line' id='line_1_12' title="bbox 57 1445 1267 1509; baseline 0.002 -2"><span class='ocrx_word' id='word_1_85' title='bbox 57 1446 135 1507; x_wconf 88' lang='lat' dir='ltr'><strong>binc</strong></span> <span class='ocrx_word' id='word_1_86' title='bbox 148 1446 225 1509; x_wconf 89' lang='lat' dir='ltr'><strong>inde</strong></span> <span class='ocrx_word' id='word_1_87' title='bbox 237 1445 426 1509; x_wconf 87' lang='lat' dir='ltr'><strong>occurrentia</strong></span> <span class='ocrx_word' id='word_1_88' title='bbox 438 1445 631 1509; x_wconf 87' lang='lat' dir='ltr'><strong>disceremus.</strong></span> <span class='ocrx_word' id='word_1_89' title='bbox 673 1445 738 1508; x_wconf 89' lang='lat' dir='ltr'><strong>Hic</strong></span> <span class='ocrx_word' id='word_1_90' title='bbox 752 1456 786 1508; x_wconf 94' lang='lat' dir='ltr'><strong>ut</strong></span> <span class='ocrx_word' id='word_1_91' title='bbox 798 1466 853 1507; x_wconf 85' lang='lat' dir='ltr'><strong>noe</strong></span> <span class='ocrx_word' id='word_1_92' title='bbox 867 1447 1008 1509; x_wconf 83' lang='lat' dir='ltr'><strong>convenit</strong></span> <span class='ocrx_word' id='word_1_93' title='bbox 1024 1446 1145 1509; x_wconf 84' lang='lat' dir='ltr'><strong>veniam</strong></span> <span class='ocrx_word' id='word_1_94' title='bbox 1164 1448 1267 1509; x_wconf 87' lang='lat' dir='ltr'><strong>statim</strong></span> 
     </span>
     <span class='ocr_line' id='line_1_13' title="bbox 58 1541 1265 1627; baseline 0.002 -24"><span class='ocrx_word' id='word_1_95' title='bbox 58 1542 235 1604; x_wconf 68' lang='lat' dir='ltr'><strong>humillime</strong></span> <span class='ocrx_word' id='word_1_96' title='bbox 258 1542 432 1625; x_wconf 83' lang='lat' dir='ltr'><strong>postularit,</strong></span> <span class='ocrx_word' id='word_1_97' title='bbox 456 1543 540 1623; x_wconf 92' lang='lat' dir='ltr'><strong>quod</strong></span> <span class='ocrx_word' id='word_1_98' title='bbox 559 1542 673 1624; x_wconf 87' lang='lat' dir='ltr'><strong>pileum</strong></span> <span class='ocrx_word' id='word_1_99' title='bbox 693 1562 754 1603; x_wconf 89' lang='lat' dir='ltr'><strong>non</strong></span> <span class='ocrx_word' id='word_1_100' title='bbox 777 1541 917 1624; x_wconf 83' lang='lat' dir='ltr'><strong>aperiret,</strong></span> <span class='ocrx_word' id='word_1_101' title='bbox 932 1562 1057 1605; x_wconf 86' lang='lat' dir='ltr'><strong>censens</strong></span> <span class='ocrx_word' id='word_1_102' title='bbox 1069 1541 1167 1627; x_wconf 68' lang='lat' dir='ltr'><strong>legem</strong></span> <span class='ocrx_word' id='word_1_103' title='bbox 1181 1564 1265 1605; x_wconf 88' lang='lat' dir='ltr'><strong>suam</strong></span> 
     </span>
     <span class='ocr_line' id='line_1_14' title="bbox 58 1636 1265 1721; baseline 0.004 -23"><span class='ocrx_word' id='word_1_104' title='bbox 58 1646 216 1701; x_wconf 77' lang='lat' dir='ltr'><strong>retentem</strong></span> <span class='ocrx_word' id='word_1_105' title='bbox 237 1640 270 1700; x_wconf 93' lang='lat' dir='ltr'><strong>in</strong></span> <span class='ocrx_word' id='word_1_106' title='bbox 290 1638 452 1721; x_wconf 73' lang='lat' dir='ltr'><strong>synagoge</strong></span> <span class='ocrx_word' id='word_1_107' title='bbox 468 1640 587 1702; x_wconf 86' lang='lat' dir='ltr'><strong>detecto</strong></span> <span class='ocrx_word' id='word_1_108' title='bbox 602 1659 666 1701; x_wconf 90' lang='lat' dir='ltr'><strong>esse</strong></span> <span class='ocrx_word' id='word_1_109' title='bbox 682 1639 790 1720; x_wconf 86' lang='lat' dir='ltr'><strong>capite.</strong></span> <span class='ocrx_word' id='word_1_110' title='bbox 833 1636 989 1719; x_wconf 82' lang='lat' dir='ltr'><strong>Simulque</strong></span> <span class='ocrx_word' id='word_1_111' title='bbox 1006 1658 1061 1700; x_wconf 92' lang='lat' dir='ltr'><strong>nos</strong></span> <span class='ocrx_word' id='word_1_112' title='bbox 1078 1639 1110 1700; x_wconf 93' lang='lat' dir='ltr'><strong>in</strong></span> <span class='ocrx_word' id='word_1_113' title='bbox 1129 1639 1265 1703; x_wconf 81' lang='lat' dir='ltr'><strong>ricinum</strong></span> 
     </span>
     <span class='ocr_line' id='line_1_15' title="bbox 57 1733 1264 1816; baseline 0.004 -22"><span class='ocrx_word' id='word_1_114' title='bbox 57 1734 165 1795; x_wconf 89' lang='lat' dir='ltr'><strong>locum</strong></span> <span class='ocrx_word' id='word_1_115' title='bbox 178 1734 331 1797; x_wconf 85' lang='lat' dir='ltr'><strong>deducens</strong></span> <span class='ocrx_word' id='word_1_116' title='bbox 341 1734 395 1796; x_wconf 93' lang='lat' dir='ltr'><strong>nbi</strong></span> <span class='ocrx_word' id='word_1_117' title='bbox 408 1754 477 1796; x_wconf 89' lang='lat' dir='ltr'><strong>snos</strong></span> <span class='ocrx_word' id='word_1_118' title='bbox 487 1735 680 1796; x_wconf 85' lang='lat' dir='ltr'><strong>matrimonio</strong></span> <span class='ocrx_word' id='word_1_119' title='bbox 692 1733 834 1816; x_wconf 91' lang='lat' dir='ltr'><strong>copulare</strong></span> <span class='ocrx_word' id='word_1_120' title='bbox 847 1742 1076 1809; x_wconf 86' lang='lat' dir='ltr'><strong>consueverunt,</strong></span> <span class='ocrx_word' id='word_1_121' title='bbox 1088 1738 1219 1798; x_wconf 86' lang='lat' dir='ltr'><strong>ostendit</strong></span> <span class='ocrx_word' id='word_1_122' title='bbox 1227 1758 1264 1798; x_wconf 85' lang='lat' dir='ltr'><strong>ex</strong></span> 
     </span>
     <span class='ocr_line' id='line_1_16' title="bbox 57 1827 1264 1912; baseline 0.001 -20"><span class='ocrx_word' id='word_1_123' title='bbox 57 1830 201 1911; x_wconf 85' lang='lat' dir='ltr'><strong>proximo</strong></span> <span class='ocrx_word' id='word_1_124' title='bbox 216 1831 330 1912; x_wconf 86' lang='lat' dir='ltr'><strong>pariete</strong></span> <span class='ocrx_word' id='word_1_125' title='bbox 347 1830 477 1893; x_wconf 89' lang='lat' dir='ltr'><strong>duarum</strong></span> <span class='ocrx_word' id='word_1_126' title='bbox 494 1830 647 1893; x_wconf 86' lang='lat' dir='ltr'><strong>stellarum</strong></span> <span class='ocrx_word' id='word_1_127' title='bbox 661 1831 695 1891; x_wconf 92' lang='lat' dir='ltr'><strong>in</strong></span> <span class='ocrx_word' id='word_1_128' title='bbox 707 1830 808 1912; x_wconf 83' lang='lat' dir='ltr'><strong>lepide</strong></span> <span class='ocrx_word' id='word_1_129' title='bbox 822 1830 990 1891; x_wconf 83' lang='lat' dir='ltr'><strong>excisurum</strong></span> <span class='ocrx_word' id='word_1_130' title='bbox 1003 1827 1145 1910; x_wconf 82' lang='lat' dir='ltr'><strong>effigiem,</strong></span> <span class='ocrx_word' id='word_1_131' title='bbox 1158 1840 1264 1893; x_wconf 87' lang='lat' dir='ltr'><strong>contre</strong></span> 
     </span>
     <span class='ocr_line' id='line_1_17' title="bbox 59 1922 1264 2009; baseline -0.001 -21"><span class='ocrx_word' id='word_1_132' title='bbox 59 1947 140 2007; x_wconf 85' lang='lat' dir='ltr'><strong>quus</strong></span> <span class='ocrx_word' id='word_1_133' title='bbox 157 1946 282 2009; x_wconf 87' lang='lat' dir='ltr'><strong>sponsus</strong></span> <span class='ocrx_word' id='word_1_134' title='bbox 300 1926 379 1988; x_wconf 84' lang='lat' dir='ltr'><strong>vitro</strong></span> <span class='ocrx_word' id='word_1_135' title='bbox 395 1926 548 1990; x_wconf 89' lang='lat' dir='ltr'><strong>collimare</strong></span> <span class='ocrx_word' id='word_1_136' title='bbox 565 1928 692 1991; x_wconf 85' lang='lat' dir='ltr'><strong>debebat</strong></span> <span class='ocrx_word' id='word_1_137' title='bbox 710 1935 741 1990; x_wconf 90' lang='lat' dir='ltr'><strong>et</strong></span> <span class='ocrx_word' id='word_1_138' title='bbox 757 1926 959 2007; x_wconf 84' lang='lat' dir='ltr'><strong>confringere,</strong></span> <span class='ocrx_word' id='word_1_139' title='bbox 973 1925 1011 1988; x_wconf 90' lang='lat' dir='ltr'><strong>de</strong></span> <span class='ocrx_word' id='word_1_140' title='bbox 1025 1922 1082 1985; x_wconf 85' lang='lat' dir='ltr'><strong>bae</strong></span> <span class='ocrx_word' id='word_1_141' title='bbox 1095 1927 1264 1987; x_wconf 75' lang='lat' dir='ltr'><strong>ceremonid</strong></span> 
     </span>
     <span class='ocr_line' id='line_1_18' title="bbox 60 2022 1261 2106; baseline 0.002 -23"><span class='ocrx_word' id='word_1_142' title='bbox 60 2044 136 2084; x_wconf 88' lang='lat' dir='ltr'><strong>cum</strong></span> <span class='ocrx_word' id='word_1_143' title='bbox 149 2024 182 2084; x_wconf 92' lang='lat' dir='ltr'><strong>in</strong></span> <span class='ocrx_word' id='word_1_144' title='bbox 192 2023 260 2106; x_wconf 77' lang='lat' dir='ltr'><strong>lege</strong></span> <span class='ocrx_word' id='word_1_145' title='bbox 271 2042 376 2084; x_wconf 90' lang='lat' dir='ltr'><strong>eorum</strong></span> <span class='ocrx_word' id='word_1_146' title='bbox 390 2022 435 2084; x_wconf 93' lang='lat' dir='ltr'><strong>nil</strong></span> <span class='ocrx_word' id='word_1_147' title='bbox 450 2024 576 2105; x_wconf 77' lang='lat' dir='ltr'><strong>precipi</strong></span> <span class='ocrx_word' id='word_1_148' title='bbox 592 2024 800 2105; x_wconf 84' lang='lat' dir='ltr'><strong>objiceremus,</strong></span> <span class='ocrx_word' id='word_1_149' title='bbox 819 2030 1046 2104; x_wconf 88' lang='lat' dir='ltr'><strong>peteremusqne</strong></span> <span class='ocrx_word' id='word_1_150' title='bbox 1063 2041 1207 2102; x_wconf 91' lang='lat' dir='ltr'><strong>quorsum</strong></span> <span class='ocrx_word' id='word_1_151' title='bbox 1227 2022 1261 2085; x_wconf 92' lang='lat' dir='ltr'><strong>id</strong></span> 
     </span>
     <span class='ocr_line' id='line_1_19' title="bbox 60 2118 1261 2203; baseline 0.002 -24"><span class='ocrx_word' id='word_1_152' title='bbox 60 2118 162 2194; x_wconf 81' lang='lat' dir='ltr'><strong>fieret,</strong></span> <span class='ocrx_word' id='word_1_153' title='bbox 175 2120 326 2201; x_wconf 84' lang='lat' dir='ltr'><strong>respondit</strong></span> <span class='ocrx_word' id='word_1_154' title='bbox 338 2119 506 2195; x_wconf 84' lang='lat' dir='ltr'><strong>Rebbinus,</strong></span> <span class='ocrx_word' id='word_1_155' title='bbox 518 2139 585 2182; x_wconf 86' lang='lat' dir='ltr'><strong>earn</strong></span> <span class='ocrx_word' id='word_1_156' title='bbox 592 2140 655 2182; x_wconf 89' lang='lat' dir='ltr'><strong>esse</strong></span> <span class='ocrx_word' id='word_1_157' title='bbox 665 2120 856 2203; x_wconf 79' lang='lat' dir='ltr'><strong>dmsjorrbus</strong></span> <span class='ocrx_word' id='word_1_158' title='bbox 866 2119 915 2200; x_wconf 74' lang='lat' dir='ltr'><strong>pie</strong></span> <span class='ocrx_word' id='word_1_159' title='bbox 925 2118 1128 2179; x_wconf 76' lang='lat' dir='ltr'><strong>introductum</strong></span> <span class='ocrx_word' id='word_1_160' title='bbox 1136 2138 1261 2183; x_wconf 87' lang='lat' dir='ltr'><strong>eonsue-</strong></span> 
     </span>
     <span class='ocr_line' id='line_1_20' title="bbox 60 2212 1261 2299; baseline 0 -21"><span class='ocrx_word' id='word_1_161' title='bbox 60 2216 212 2293; x_wconf 86' lang='lat' dir='ltr'><strong>tudinem,</strong></span> <span class='ocrx_word' id='word_1_162' title='bbox 226 2235 286 2278; x_wconf 93' lang='lat' dir='ltr'><strong>non</strong></span> <span class='ocrx_word' id='word_1_163' title='bbox 299 2216 319 2278; x_wconf 72' lang='lat' dir='ltr'><strong>l</strong></span> <span class='ocrx_word' id='word_1_164' title='bbox 333 2216 405 2278; x_wconf 81' lang='lat' dir='ltr'><strong>Dro</strong></span> <span class='ocrx_word' id='word_1_165' title='bbox 417 2225 599 2298; x_wconf 75' lang='lat' dir='ltr'><strong>preceptum</strong></span> <span class='ocrx_word' id='word_1_166' title='bbox 610 2217 720 2299; x_wconf 77' lang='lat' dir='ltr'><strong>legem,</strong></span> <span class='ocrx_word' id='word_1_167' title='bbox 736 2216 873 2297; x_wconf 82' lang='lat' dir='ltr'><strong>velleque</strong></span> <span class='ocrx_word' id='word_1_168' title='bbox 889 2216 969 2297; x_wconf 88' lang='lat' dir='ltr'><strong>ipsos</strong></span> <span class='ocrx_word' id='word_1_169' title='bbox 985 2212 1043 2275; x_wconf 92' lang='lat' dir='ltr'><strong>hoc</strong></span> <span class='ocrx_word' id='word_1_170' title='bbox 1061 2214 1122 2275; x_wconf 88' lang='lat' dir='ltr'><strong>ritu</strong></span> <span class='ocrx_word' id='word_1_171' title='bbox 1140 2236 1261 2279; x_wconf 90' lang='lat' dir='ltr'><strong>monere</strong></span> 
     </span>
     <span class='ocr_line' id='line_1_21' title="bbox 60 2309 1259 2397; baseline 0.002 -23"><span class='ocrx_word' id='word_1_172' title='bbox 60 2332 157 2374; x_wconf 81' lang='lat' dir='ltr'><strong>noros</strong></span> <span class='ocrx_word' id='word_1_173' title='bbox 169 2312 323 2396; x_wconf 80' lang='lat' dir='ltr'><strong>conjuges,</strong></span> <span class='ocrx_word' id='word_1_174' title='bbox 335 2312 427 2394; x_wconf 75' lang='lat' dir='ltr'><strong>quarn</strong></span> <span class='ocrx_word' id='word_1_175' title='bbox 438 2312 540 2397; x_wconf 78' lang='lat' dir='ltr'><strong>fragili</strong></span> <span class='ocrx_word' id='word_1_176' title='bbox 553 2322 629 2376; x_wconf 88' lang='lat' dir='ltr'><strong>esset</strong></span> <span class='ocrx_word' id='word_1_177' title='bbox 641 2312 774 2376; x_wconf 82' lang='lat' dir='ltr'><strong>mortuiis</strong></span> <span class='ocrx_word' id='word_1_178' title='bbox 786 2312 860 2389; x_wconf 84' lang='lat' dir='ltr'><strong>vita,</strong></span> <span class='ocrx_word' id='word_1_179' title='bbox 875 2330 982 2374; x_wconf 79' lang='lat' dir='ltr'><strong>cavere</strong></span> <span class='ocrx_word' id='word_1_180' title='bbox 995 2309 1085 2372; x_wconf 89' lang='lat' dir='ltr'><strong>simul</strong></span> <span class='ocrx_word' id='word_1_181' title='bbox 1099 2330 1137 2374; x_wconf 89' lang='lat' dir='ltr'><strong>ne</strong></span> <span class='ocrx_word' id='word_1_182' title='bbox 1151 2310 1259 2376; x_wconf 89' lang='lat' dir='ltr'><strong>immo·</strong></span> 
     </span>
     <span class='ocr_line' id='line_1_22' title="bbox 61 2406 1259 2492; baseline -0.001 -20"><span class='ocrx_word' id='word_1_183' title='bbox 61 2407 726 2492; x_wconf 83' lang='lat' dir='ltr'><strong>dicisvoluptetibnssdsosesbripisinerent.</strong></span> <span class='ocrx_word' id='word_1_184' title='bbox 748 2406 1259 2489; x_wconf 79' lang='lat' dir='ltr'><strong>Noterequoquemnlierumlerem</strong></span> 
     </span>
     <span class='ocr_line' id='line_1_23' title="bbox 61 2503 1258 2587; baseline 0 -20"><span class='ocrx_word' id='word_1_185' title='bbox 61 2505 303 2580; x_wconf 88' lang='lat' dir='ltr'><strong>inconstantiam,</strong></span> <span class='ocrx_word' id='word_1_186' title='bbox 323 2525 393 2586; x_wconf 79' lang='lat' dir='ltr'><strong>quae</strong></span> <span class='ocrx_word' id='word_1_187' title='bbox 412 2507 454 2567; x_wconf 92' lang='lat' dir='ltr'><strong>ad</strong></span> <span class='ocrx_word' id='word_1_188' title='bbox 473 2507 609 2587; x_wconf 84' lang='lat' dir='ltr'><strong>quemvis</strong></span> <span class='ocrx_word' id='word_1_189' title='bbox 630 2505 738 2568; x_wconf 85' lang='lat' dir='ltr'><strong>flatum</strong></span> <span class='ocrx_word' id='word_1_190' title='bbox 756 2525 877 2566; x_wconf 88' lang='lat' dir='ltr'><strong>omnem</strong></span> <span class='ocrx_word' id='word_1_191' title='bbox 894 2505 1021 2566; x_wconf 83' lang='lat' dir='ltr'><strong>formam</strong></span> <span class='ocrx_word' id='word_1_192' title='bbox 1037 2503 1131 2565; x_wconf 83' lang='lat' dir='ltr'><strong>veluti</strong></span> <span class='ocrx_word' id='word_1_193' title='bbox 1146 2505 1258 2567; x_wconf 81' lang='lat' dir='ltr'><strong>vitrum</strong></span> 
     </span>
     <span class='ocr_line' id='line_1_24' title="bbox 62 2601 1256 2686; baseline 0.001 -24"><span class='ocrx_word' id='word_1_194' title='bbox 62 2603 202 2664; x_wconf 91' lang='lat' dir='ltr'><strong>induunt.</strong></span> <span class='ocrx_word' id='word_1_195' title='bbox 244 2601 290 2664; x_wconf 91' lang='lat' dir='ltr'><strong>Ut</strong></span> <span class='ocrx_word' id='word_1_196' title='bbox 302 2621 375 2684; x_wconf 77' lang='lat' dir='ltr'><strong>ergo</strong></span> <span class='ocrx_word' id='word_1_197' title='bbox 387 2622 467 2665; x_wconf 84' lang='lat' dir='ltr'><strong>nove</strong></span> <span class='ocrx_word' id='word_1_198' title='bbox 479 2612 574 2686; x_wconf 89' lang='lat' dir='ltr'><strong>nupta</strong></span> <span class='ocrx_word' id='word_1_199' title='bbox 585 2610 758 2665; x_wconf 87' lang='lat' dir='ltr'><strong>constanter</strong></span> <span class='ocrx_word' id='word_1_200' title='bbox 771 2621 842 2663; x_wconf 91' lang='lat' dir='ltr'><strong>cum</strong></span> <span class='ocrx_word' id='word_1_201' title='bbox 859 2601 989 2682; x_wconf 85' lang='lat' dir='ltr'><strong>conjuge</strong></span> <span class='ocrx_word' id='word_1_202' title='bbox 1006 2619 1061 2662; x_wconf 87' lang='lat' dir='ltr'><strong>suo</strong></span> <span class='ocrx_word' id='word_1_203' title='bbox 1077 2612 1256 2681; x_wconf 81' lang='lat' dir='ltr'><strong>perseveret,</strong></span> 
     </span>
     <span class='ocr_line' id='line_1_25' title="bbox 62 2697 436 2779; baseline -0.005 -19"><span class='ocrx_word' id='word_1_204' title='bbox 62 2699 120 2760; x_wconf 87' lang='lat' dir='ltr'><strong>boc</strong></span> <span class='ocrx_word' id='word_1_205' title='bbox 132 2697 204 2759; x_wconf 79' lang='lat' dir='ltr'><strong>vitri</strong></span> <span class='ocrx_word' id='word_1_206' title='bbox 211 2697 300 2779; x_wconf 85' lang='lat' dir='ltr'><strong>jectu</strong></span> <span class='ocrx_word' id='word_1_207' title='bbox 310 2697 436 2760; x_wconf 88' lang='lat' dir='ltr'><strong>moneri.</strong></span> 
     </span>
    </p>

    <p class='ocr_par' dir='ltr' id='par_1_5' title="bbox 60 2791 1256 3739">
     <span class='ocr_line' id='line_1_26' title="bbox 101 2791 1256 2876; baseline -0.002 -20"><span class='ocrx_word' id='word_1_208' title='bbox 101 2795 165 2856; x_wconf 78' lang='lat' dir='ltr'><strong>Hic</strong></span> <span class='ocrx_word' id='word_1_209' title='bbox 184 2795 259 2856; x_wconf 91' lang='lat' dir='ltr'><strong>dum</strong></span> <span class='ocrx_word' id='word_1_210' title='bbox 278 2794 361 2856; x_wconf 73' lang='lat' dir='ltr'><strong>varie</strong></span> <span class='ocrx_word' id='word_1_211' title='bbox 380 2793 586 2870; x_wconf 90' lang='lat' dir='ltr'><strong>discurrimus,</strong></span> <span class='ocrx_word' id='word_1_212' title='bbox 607 2794 693 2856; x_wconf 87' lang='lat' dir='ltr'><strong>adest</strong></span> <span class='ocrx_word' id='word_1_213' title='bbox 711 2793 765 2876; x_wconf 93' lang='lat' dir='ltr'><strong>qui</strong></span> <span class='ocrx_word' id='word_1_214' title='bbox 785 2793 872 2855; x_wconf 89' lang='lat' dir='ltr'><strong>nobis</strong></span> <span class='ocrx_word' id='word_1_215' title='bbox 888 2793 927 2854; x_wconf 89' lang='lat' dir='ltr'><strong>de</strong></span> <span class='ocrx_word' id='word_1_216' title='bbox 945 2791 1047 2853; x_wconf 87' lang='lat' dir='ltr'><strong>nescio</strong></span> <span class='ocrx_word' id='word_1_217' title='bbox 1065 2812 1127 2873; x_wconf 89' lang='lat' dir='ltr'><strong>qna</strong></span> <span class='ocrx_word' id='word_1_218' title='bbox 1139 2793 1256 2874; x_wconf 72' lang='lat' dir='ltr'><strong>piscini</strong></span> 
     </span>
     <span class='ocr_line' id='line_1_27' title="bbox 62 2888 1255 2972; baseline -0.001 -20"><span class='ocrx_word' id='word_1_219' title='bbox 62 2888 231 2952; x_wconf 76' lang='lat' dir='ltr'><strong>clanculum</strong></span> <span class='ocrx_word' id='word_1_220' title='bbox 242 2888 588 2970; x_wconf 82' lang='lat' dir='ltr'><strong>rellitaurem,inquam</strong></span> <span class='ocrx_word' id='word_1_221' title='bbox 597 2910 669 2952; x_wconf 87' lang='lat' dir='ltr'><strong>mox</strong></span> <span class='ocrx_word' id='word_1_222' title='bbox 677 2890 857 2972; x_wconf 89' lang='lat' dir='ltr'><strong>inquisitum</strong></span> <span class='ocrx_word' id='word_1_223' title='bbox 865 2897 928 2950; x_wconf 72' lang='lat' dir='ltr'><strong>ests</strong></span> <span class='ocrx_word' id='word_1_224' title='bbox 949 2889 1123 2969; x_wconf 85' lang='lat' dir='ltr'><strong>edcamque</strong></span> <span class='ocrx_word' id='word_1_225' title='bbox 1132 2889 1255 2951; x_wconf 84' lang='lat' dir='ltr'><strong>deducti</strong></span> 
     </span>
     <span class='ocr_line' id='line_1_28' title="bbox 60 2984 1255 3068; baseline -0.002 -20"><span class='ocrx_word' id='word_1_226' title='bbox 60 3006 161 3049; x_wconf 87' lang='lat' dir='ltr'><strong>smnus</strong></span> <span class='ocrx_word' id='word_1_227' title='bbox 172 2985 282 3048; x_wconf 85' lang='lat' dir='ltr'><strong>curiosi</strong></span> <span class='ocrx_word' id='word_1_228' title='bbox 293 2985 318 3048; x_wconf 84' lang='lat' dir='ltr'>J</span> <span class='ocrx_word' id='word_1_229' title='bbox 319 2986 494 3048; x_wconf 85' lang='lat' dir='ltr'><strong>udaicerum</strong></span> <span class='ocrx_word' id='word_1_230' title='bbox 508 2987 744 3048; x_wconf 77' lang='lat' dir='ltr'><strong>ceremoniarum</strong></span> <span class='ocrx_word' id='word_1_231' title='bbox 758 2985 967 3068; x_wconf 81' lang='lat' dir='ltr'><strong>exploratores.</strong></span> <span class='ocrx_word' id='word_1_232' title='bbox 1010 2984 1255 3047; x_wconf 84' lang='lat' dir='ltr'><strong>Descendebetur</strong></span> 
     </span>
     <span class='ocr_line' id='line_1_29' title="bbox 62 3079 1254 3166; baseline -0.002 -22"><span class='ocrx_word' id='word_1_233' title='bbox 62 3084 93 3144; x_wconf 93' lang='lat' dir='ltr'><strong>in</strong></span> <span class='ocrx_word' id='word_1_234' title='bbox 101 3103 167 3144; x_wconf 87' lang='lat' dir='ltr'><strong>earn</strong></span> <span class='ocrx_word' id='word_1_235' title='bbox 174 3081 258 3145; x_wconf 81' lang='lat' dir='ltr'><strong>velut</strong></span> <span class='ocrx_word' id='word_1_236' title='bbox 267 3081 532 3164; x_wconf 80' lang='lat' dir='ltr'><strong>profundissimum</strong></span> <span class='ocrx_word' id='word_1_237' title='bbox 540 3092 675 3164; x_wconf 88' lang='lat' dir='ltr'><strong>putenm,</strong></span> <span class='ocrx_word' id='word_1_238' title='bbox 687 3082 831 3166; x_wconf 79' lang='lat' dir='ltr'><strong>grsdibns</strong></span> <span class='ocrx_word' id='word_1_239' title='bbox 840 3080 928 3142; x_wconf 76' lang='lat' dir='ltr'><strong>facile</strong></span> <span class='ocrx_word' id='word_1_240' title='bbox 936 3079 1099 3162; x_wconf 83' lang='lat' dir='ltr'><strong>nonaginta</strong></span> <span class='ocrx_word' id='word_1_241' title='bbox 1108 3091 1254 3161; x_wconf 86' lang='lat' dir='ltr'><strong>quatuor:</strong></span> 
     </span>
     <span class='ocr_line' id='line_1_30' title="bbox 61 3175 1253 3262; baseline -0.002 -22"><span class='ocrx_word' id='word_1_242' title='bbox 61 3179 121 3241; x_wconf 88' lang='lat' dir='ltr'><strong>illic</strong></span> <span class='ocrx_word' id='word_1_243' title='bbox 134 3178 272 3240; x_wconf 88' lang='lat' dir='ltr'><strong>mulieres</strong></span> <span class='ocrx_word' id='word_1_244' title='bbox 284 3178 451 3240; x_wconf 87' lang='lat' dir='ltr'><strong>secundum</strong></span> <span class='ocrx_word' id='word_1_245' title='bbox 459 3178 558 3262; x_wconf 80' lang='lat' dir='ltr'><strong>legem</strong></span> <span class='ocrx_word' id='word_1_246' title='bbox 566 3179 733 3240; x_wconf 85' lang='lat' dir='ltr'><strong>Moesicam</strong></span> <span class='ocrx_word' id='word_1_247' title='bbox 742 3185 936 3260; x_wconf 81' lang='lat' dir='ltr'><strong>postpartum</strong></span> <span class='ocrx_word' id='word_1_248' title='bbox 946 3175 1100 3257; x_wconf 79' lang='lat' dir='ltr'><strong>purificari</strong></span> <span class='ocrx_word' id='word_1_249' title='bbox 1111 3177 1253 3238; x_wconf 83' lang='lat' dir='ltr'><strong>diceban-</strong></span> 
     </span>
     <span class='ocr_line' id='line_1_31' title="bbox 62 3272 1253 3355; baseline -0.002 -19"><span class='ocrx_word' id='word_1_250' title='bbox 62 3286 117 3336; x_wconf 88' lang='lat' dir='ltr'><strong>tur.</strong></span> <span class='ocrx_word' id='word_1_251' title='bbox 158 3273 334 3335; x_wconf 86' lang='lat' dir='ltr'><strong>Pnrificatio</strong></span> <span class='ocrx_word' id='word_1_252' title='bbox 345 3273 418 3335; x_wconf 77' lang='lat' dir='ltr'><strong>verb</strong></span> <span class='ocrx_word' id='word_1_253' title='bbox 430 3295 491 3336; x_wconf 89' lang='lat' dir='ltr'><strong>non</strong></span> <span class='ocrx_word' id='word_1_254' title='bbox 504 3284 550 3337; x_wconf 87' lang='lat' dir='ltr'><strong>est</strong></span> <span class='ocrx_word' id='word_1_255' title='bbox 561 3275 646 3338; x_wconf 91' lang='lat' dir='ltr'><strong>aliud</strong></span> <span class='ocrx_word' id='word_1_256' title='bbox 658 3294 750 3355; x_wconf 88' lang='lat' dir='ltr'><strong>quam</strong></span> <span class='ocrx_word' id='word_1_257' title='bbox 761 3273 853 3337; x_wconf 85' lang='lat' dir='ltr'><strong>totius</strong></span> <span class='ocrx_word' id='word_1_258' title='bbox 864 3273 1006 3354; x_wconf 85' lang='lat' dir='ltr'><strong>eorporis,</strong></span> <span class='ocrx_word' id='word_1_259' title='bbox 1015 3272 1058 3333; x_wconf 86' lang='lat' dir='ltr'><strong>ita</strong></span> <span class='ocrx_word' id='word_1_260' title='bbox 1065 3281 1100 3334; x_wconf 92' lang='lat' dir='ltr'><strong>nt</strong></span> <span class='ocrx_word' id='word_1_261' title='bbox 1109 3273 1154 3334; x_wconf 89' lang='lat' dir='ltr'><strong>nil</strong></span> <span class='ocrx_word' id='word_1_262' title='bbox 1163 3273 1253 3354; x_wconf 92' lang='lat' dir='ltr'><strong>quid-</strong></span> 
     </span>
     <span class='ocr_line' id='line_1_32' title="bbox 63 3367 1251 3452; baseline -0.003 -19"><span class='ocrx_word' id='word_1_263' title='bbox 63 3391 149 3452; x_wconf 86' lang='lat' dir='ltr'><strong>quam</strong></span> <span class='ocrx_word' id='word_1_264' title='bbox 169 3377 319 3452; x_wconf 89' lang='lat' dir='ltr'><strong>appareat,</strong></span> <span class='ocrx_word' id='word_1_265' title='bbox 341 3371 374 3431; x_wconf 91' lang='lat' dir='ltr'><strong>in</strong></span> <span class='ocrx_word' id='word_1_266' title='bbox 394 3390 504 3451; x_wconf 90' lang='lat' dir='ltr'><strong>aquam</strong></span> <span class='ocrx_word' id='word_1_267' title='bbox 525 3371 679 3433; x_wconf 88' lang='lat' dir='ltr'><strong>immersio</strong></span> <span class='ocrx_word' id='word_1_268' title='bbox 698 3370 825 3451; x_wconf 84' lang='lat' dir='ltr'><strong>fierique</strong></span> <span class='ocrx_word' id='word_1_269' title='bbox 849 3369 938 3432; x_wconf 89' lang='lat' dir='ltr'><strong>debet</strong></span> <span class='ocrx_word' id='word_1_270' title='bbox 954 3377 1017 3430; x_wconf 85' lang='lat' dir='ltr'><strong>tam</strong></span> <span class='ocrx_word' id='word_1_271' title='bbox 1033 3367 1141 3450; x_wconf 83' lang='lat' dir='ltr'><strong>hyeme</strong></span> <span class='ocrx_word' id='word_1_272' title='bbox 1158 3369 1251 3449; x_wconf 74' lang='lat' dir='ltr'><strong>quim</strong></span> 
     </span>
     <span class='ocr_line' id='line_1_33' title="bbox 64 3464 1249 3549; baseline -0.002 -21"><span class='ocrx_word' id='word_1_273' title='bbox 64 3476 169 3542; x_wconf 84' lang='lat' dir='ltr'><strong>estate,</strong></span> <span class='ocrx_word' id='word_1_274' title='bbox 182 3467 263 3547; x_wconf 89' lang='lat' dir='ltr'><strong>quod</strong></span> <span class='ocrx_word' id='word_1_275' title='bbox 275 3464 424 3548; x_wconf 78' lang='lat' dir='ltr'><strong>sifrigore</strong></span> <span class='ocrx_word' id='word_1_276' title='bbox 430 3465 784 3549; x_wconf 78' lang='lat' dir='ltr'><strong>constringaturpiscina,</strong></span> <span class='ocrx_word' id='word_1_277' title='bbox 794 3465 892 3527; x_wconf 89' lang='lat' dir='ltr'><strong>securi</strong></span> <span class='ocrx_word' id='word_1_278' title='bbox 901 3464 1080 3546; x_wconf 88' lang='lat' dir='ltr'><strong>aperiendus</strong></span> <span class='ocrx_word' id='word_1_279' title='bbox 1087 3474 1132 3526; x_wconf 87' lang='lat' dir='ltr'><strong>est</strong></span> <span class='ocrx_word' id='word_1_280' title='bbox 1139 3464 1249 3526; x_wconf 86' lang='lat' dir='ltr'><strong>aditus.</strong></span> 
     </span>
     <span class='ocr_line' id='line_1_34' title="bbox 63 3556 1250 3643; baseline -0.001 -23"><span class='ocrx_word' id='word_1_281' title='bbox 63 3559 196 3622; x_wconf 79' lang='lat' dir='ltr'><strong>Vidimus</strong></span> <span class='ocrx_word' id='word_1_282' title='bbox 208 3578 328 3640; x_wconf 90' lang='lat' dir='ltr'><strong>quoqne</strong></span> <span class='ocrx_word' id='word_1_283' title='bbox 341 3556 507 3638; x_wconf 86' lang='lat' dir='ltr'><strong>lavacrum,</strong></span> <span class='ocrx_word' id='word_1_284' title='bbox 521 3559 561 3622; x_wconf 91' lang='lat' dir='ltr'><strong>ad</strong></span> <span class='ocrx_word' id='word_1_285' title='bbox 574 3560 657 3640; x_wconf 91' lang='lat' dir='ltr'><strong>quod</strong></span> <span class='ocrx_word' id='word_1_286' title='bbox 669 3580 775 3621; x_wconf 90' lang='lat' dir='ltr'><strong>manus</strong></span> <span class='ocrx_word' id='word_1_287' title='bbox 787 3559 915 3624; x_wconf 87' lang='lat' dir='ltr'><strong>abluunt</strong></span> <span class='ocrx_word' id='word_1_288' title='bbox 934 3561 988 3643; x_wconf 89' lang='lat' dir='ltr'><strong>qui</strong></span> <span class='ocrx_word' id='word_1_289' title='bbox 1004 3569 1157 3624; x_wconf 87' lang='lat' dir='ltr'><strong>mortuum</strong></span> <span class='ocrx_word' id='word_1_290' title='bbox 1174 3559 1250 3622; x_wconf 71' lang='lat' dir='ltr'><strong>forte</strong></span> 
     </span>
     <span class='ocr_line' id='line_1_35' title="bbox 64 3655 908 3739; baseline 0.001 -21"><span class='ocrx_word' id='word_1_291' title='bbox 64 3663 321 3730; x_wconf 72' lang='lat' dir='ltr'><strong>onuectsrernnt,</strong></span> <span class='ocrx_word' id='word_1_292' title='bbox 335 3675 374 3718; x_wconf 86' lang='lat' dir='ltr'><strong>ue</strong></span> <span class='ocrx_word' id='word_1_293' title='bbox 386 3655 537 3722; x_wconf 87' lang='lat' dir='ltr'><strong>immundi</strong></span> <span class='ocrx_word' id='word_1_294' title='bbox 548 3657 741 3739; x_wconf 72' lang='lat' dir='ltr'><strong>synagogam</strong></span> <span class='ocrx_word' id='word_1_295' title='bbox 753 3657 908 3720; x_wconf 82' lang='lat' dir='ltr'><strong>accedent.</strong></span> 
     </span>
    </p>

    <p class='ocr_par' dir='ltr' id='par_1_6' title="bbox 259 3771 662 3814">
     <span class='ocr_line' id='line_1_36' title="bbox 259 3771 662 3814; baseline 0 0"><span class='ocrx_word' id='word_1_296' title='bbox 259 3777 264 3786; x_wconf 96' lang='lat'>·</span> <span class='ocrx_word' id='word_1_297' title='bbox 647 3771 662 3814; x_wconf 91' lang='lat' dir='ltr'><strong>s</strong></span> 
     </span>
    </p>
   </div>
   <div class='ocr_carea' id='block_1_4' title="bbox 0 0 1625 4700">
    <p class='ocr_par' dir='ltr' id='par_1_7' title="bbox 0 0 1625 4700">
     <span class='ocr_line' id='line_1_37' title="bbox 0 0 1625 4700; baseline 0 0"><span class='ocrx_word' id='word_1_298' title='bbox 0 0 1625 4700; x_wconf 95' lang='lat' dir='ltr'><strong> </strong></span> 
     </span>
    </p>
   </div>
  </div>
 </body>
</html>
