3225 4700
1436 770 1824 845 CAPUT
1892 770 2172 845 XXII.

604 955 710 1022 De
731 952 1094 1021 successibus
1113 953 1340 1018 nostris
1360 952 1428 1019 in
1452 951 1534 1018 H
1528 951 1696 1019 assid
1716 964 1776 1019 et
1805 951 1955 1019 aliis
1964 950 2263 1040 partibus
2281 946 2600 1038 itfferioris
2627 947 3015 1014 Germania.

620 1147 640 1255 ὖ,
656 1187 676 1271 *ᾗ
773 1159 774 1163 “
804 1139 933 1263 ιῖ-
1041 1155 1093 1263 ᾞ,
1133 1168 1291 1231 ΟΒΤ
1311 1167 1661 1229 diuturnam
1685 1168 2171 1251 longissimorum
2200 1168 2485 1231 itinerum
2507 1164 2934 1237 emensionem,
2956 1172 3026 1223 et

804 1187 1077 1416 ...s
1169 1276 1898 1424 wi„
1911 1260 3021 1424 mm
3074 1355 3085 1366 -

840 1371 1125 1532 ssd
1165 1384 1420 1540 ltprilis.
1506 1406 1843 1539 Postquam
1871 1406 2031 1519 enim
2059 1381 2440 1521 nostri'fgnoi
2469 1455 2734 1538 auspicio
2762 1454 3023 1515 cecidis-

636 1612 638 1615 ,
963 1576 969 1581 ’
1165 1565 1297 1617 sent
1325 1555 1647 1617 duodecim
1675 1554 1937 1617 hostium
1964 1566 2190 1617 turmas
2216 1557 2293 1618 de
2320 1554 2585 1616 exercitu
2614 1549 3019 1634 Banniriano‚

602 1654 684 1713 ad
703 1652 1078 1714 comitatum
1104 1653 1677 1725 Honsteinnensem,
1689 1654 1866 1734 jussu
1889 1652 2121 1715 Geleen
2144 1651 2462 1714 Generalis
2489 1649 2696 1725 nostri,
2726 1647 3021 1728 tantisper

603 1749 867 1828 quieturi
894 1750 1147 1831 profecti
1174 1770 1380 1811 sumus
1406 1769 1514 1830 per
1540 1749 1900 1832 Gottingam
1925 1750 2058 1826 (ubi
2085 1769 2276 1831 nuper
2298 1748 2594 1810 Suedicus
2618 1745 2789 1806 miles
2815 1743 3015 1804 virum

604 1844 952 1929 religiosum
980 1847 1188 1908 vivum
1217 1856 1278 1909 et
1303 1848 1632 1928 spirantem
1658 1847 2008 1924 excoriavit)
2034 1856 2095 1909 et
2123 1845 2629 1908 Dutterstadium.
2712 1841 2837 1903 Hic
2865 1841 3020 1902 Cro-

603 1952 720 2004 atae
746 1945 931 2005 nostri
953 1944 1136 2005 variis
1161 1944 1633 2019 excursionibus,
1657 1943 1921 2006 hostium
1948 1944 2150 2026 plures
2169 1951 2527 2004 mactarunt.
2586 1941 2709 2002 Die
2727 1939 3014 2000 vicesimo

602 2049 817 2101 octavo
845 2042 1077 2121 Aprilis
1108 2042 1188 2103 ad
1223 2040 1686 2102 Bleicherodam
1720 2051 2066 2123 portentum
2099 2062 2162 2103 se
2193 2042 2366 2101 nobis
2396 2038 2678 2110 ostendit,
2707 2035 3014 2097 nocturnis

603 2137 767 2196 enim
784 2137 949 2198 horis
975 2139 1298 2219 apparebat
1324 2158 1475 2198 crux
1497 2138 1762 2200 candida
1788 2138 1959 2200 mirae
1986 2137 2421 2220 magnitudinis
2449 2137 2513 2197 in
2542 2141 2699 2209 acre,
2730 2134 2808 2194 ad
2835 2154 3016 2214 quam

604 2234 1130 2314 contemplandam
1157 2234 1406 2316 plurimi
1432 2236 1629 2297 omnis
1658 2256 1853 2311 sexus,
1877 2235 2069 2297 aetatis
2088 2244 2148 2296 et
2166 2234 2526 2296 conditionis
2553 2231 2824 2294 homines
2850 2231 3013 2290 docti

606 2328 955 2412 indoctique
987 2332 1220 2394 evocati
1251 2341 1705 2409 concurrerunt,
1731 2333 2035 2413 variaeque
2066 2354 2245 2415 super
2277 2331 2348 2394 ea
2375 2353 2439 2393 re
2472 2350 2579 2413 pro
2617 2329 2796 2412 genio
2825 2336 2885 2389 et
2918 2328 3009 2389 in-

553 2454 556 2457 *
607 2429 787 2509 genio
822 2427 1088 2510 cujusvis
1127 2429 1308 2491 dictae
1344 2439 1484 2492 sunt
1520 2430 1850 2505 sententiae,
1881 2430 2013 2491 aliis
2050 2431 2296 2505 bonum,
2329 2429 2634 2490 sinistrum
2670 2426 2803 2488 aliis
2834 2446 2907 2487 ex
2940 2446 3011 2487 eo

605 2525 1057 2606 augurantibus,
1145 2525 1478 2607 Postquam
1519 2527 1808 2607 pauculos
1848 2527 1984 2588 istic
2024 2527 2153 2589 dies
2192 2526 2661 2600 substiteramus,
2705 2524 3012 2584 nocturnis

604 2621 955 2702 diurnisque
1005 2624 1322 2686 itineribus
1386 2624 1688 2685 curriculo
1750 2625 1813 2685 in
1873 2625 2193 2686 Wanfredt
2253 2645 2362 2685 nos
2412 2630 2812 2703 transportare
2856 2621 3012 2701 jussi

602 2737 828 2794 sumus,
858 2720 939 2781 ad
972 2721 1393 2802 occupandum
1427 2721 1629 2781 locum
1663 2741 1843 2802 quem
1877 2722 2063 2783 hostis
2097 2742 2216 2782 non
2249 2719 2439 2781 multo
2465 2730 2603 2780 ante
2638 2718 3010 2798 aliquantum

606 2815 876 2878 dirutum
904 2817 1227 2898 reliquerat
1243 2840 1264 2893 3
1307 2838 1446 2878 eum
1474 2817 1647 2879 miles
1680 2828 1881 2879 noster
1910 2831 1976 2879 ut
2012 2819 2245 2899 accepit
2270 2816 2430 2879 facili
2466 2817 2667 2877 labore
2692 2816 3007 2896 reparavit.

609 2910 736 2973 Hic
763 2913 827 2973 in
861 2923 1090 2975 nostros
1119 2915 1373 2976 Croatas
1403 2915 1591 2975 hostis
1622 2915 1819 2995 primo
1853 2935 1915 2976 se
1942 2916 2143 2987 vertit,
2167 2914 2267 2975 cui
2296 2914 2410 2996 ipsi
2437 2913 2675 2974 strenue
2712 2912 3008 2973 adversati

602 3018 762 3083 sunt,
801 3030 874 3072 ac
917 3010 1103 3072 altero
1138 3011 1238 3072 die
1277 3009 1435 3071 Maii
1472 3010 1806 3071 Tribunum
1842 3033 2031 3073 unum
2070 3032 2210 3072 cum
2248 3009 2560 3092 sexaginta
2596 3009 2848 3091 captivis
2879 3008 3008 3068 aliis

605 3125 676 3166 ac
703 3117 944 3167 centum
967 3107 1159 3188 Equis
1187 3108 1251 3168 in
1276 3117 1471 3169 castra
1497 3120 1697 3168 nostra
1724 3109 2049 3170 adduxere.
2133 3109 2415 3169 Fortibus
2441 3108 2622 3169 etiam
2649 3106 2872 3187 praeliis
2898 3105 3010 3166 hoc

603 3195 737 3262 loco
770 3203 944 3263 nobis
970 3205 1423 3286 confligendum
1461 3204 1577 3266 fuit
1601 3226 1740 3266 cum
1778 3206 1954 3281 fame,
1985 3227 2126 3266 cum
2163 3205 2328 3266 enim
2354 3213 2414 3266 et
2447 3203 2788 3265 hominibus
2815 3213 2875 3263 et
2909 3224 3007 3284 pe-

605 3298 845 3359 coribus
871 3299 1157 3361 alimenta
1183 3302 1477 3376 deessent,
1511 3302 1848 3363 immaturae
1877 3315 2104 3385 segetes
2132 3303 2528 3384 depascendae
2556 3300 2817 3362 fuerunt.
2860 3301 3008 3362 Cro·

602 3404 719 3456 atae
747 3395 991 3456 interim
1016 3396 1287 3458 solennes
1315 3417 1452 3459 suas
1471 3398 1853 3459 excursiones
1878 3397 2324 3473 continuarunt,
2348 3419 2419 3459 ac
2441 3398 2745 3460 multoties
2771 3408 3005 3459 centum

606 3493 969 3554 ducentosve
997 3494 1072 3553 ab
1098 3492 1267 3554 hoste
1296 3495 1564 3574 captivos
1591 3494 1978 3566 reduxerunt,
2008 3497 2160 3556 adeo
2182 3513 2253 3556 ut
2284 3505 2443 3557 totus
2476 3497 2771 3557 exercitus
2800 3495 3005 3555 adver-

602 3590 792 3651 sarius
828 3589 1182 3651 maturrime
1214 3589 1361 3673 fuga
1395 3590 1509 3651 sibi
1538 3590 1847 3652 consulere
1882 3602 2120 3652 coactus
2145 3592 2344 3654 fuerit.
2432 3592 2844 3654 Potuissemus
2882 3601 3005 3651 tum

601 3688 912 3750 commode
942 3708 1182 3750 omnem
1210 3687 1442 3751 hostem
1469 3687 1842 3770 extinguere,
1867 3690 1974 3751 sed
2002 3711 2140 3752 cum
2170 3690 2496 3752 Gener-ales
2524 3690 2763 3772 longius
2783 3689 2819 3749 a
2840 3688 3005 3749 nobis
