3225 4700
334 337 405 400 xviii
758 334 908 402 DEDI
911 335 974 402 CA
985 334 1043 402 TI
1047 333 1086 402 0.

334 488 443 570 populo
459 490 576 571 quietos
594 490 713 571 exigere
731 508 824 549 anuos
840 490 871 549 iu
892 491 1008 550 summi
1025 487 1242 570 tranquillitate
1261 486 1411 562 mavelim,
1431 506 1524 566 quam

334 585 435 646 multis
449 585 589 646 itinerum
604 585 745 646 molestiis
758 585 927 668 defatigari.
1428 599 1431 603 ’

375 683 436 742 Sed
447 682 587 743 ntdicam
596 683 676 763 quod
686 702 732 742 res
742 691 794 752 est,
805 703 865 741 nou
875 682 949 744 abeo
960 682 1163 744 deuterorum
1173 681 1332 764 pacificam
1343 680 1525 743 faustitstem

333 780 505 843 voventium
521 779 747 851 cousuetudine,
767 777 862 839 multo
883 780 921 839 ab
938 780 1010 841 binc
1025 791 1157 862 tempore
1175 779 1299 861 prolati,
1318 783 1422 840 verdm
1442 779 1526 858 quod

334 876 444 958 vulgus
463 876 591 938 Comitis
611 876 657 936 sui
677 876 865 956 promerendi
886 877 993 957 gratid,
1012 899 1069 960 ego
1087 879 1166 938 idem
1189 878 1296 958 majori
1312 877 1432 951 affectu,
1453 877 1528 937 licet

334 973 449 1034 tectiori
469 993 613 1047 sermone,
630 971 718 1054 pleni
739 992 832 1032 manu
852 985 1042 1055 repraesento.
1081 974 1185 1036 Offero
1205 975 1325 1056 quidem
1344 975 1477 1036 debello
1497 983 1528 1034 et

334 1068 487 1130 cumbello
495 1069 841 1143 commentariolum,sed
850 1072 881 1130 iu
890 1092 989 1132 eonon
997 1073 1262 1145 domesticum,sed
1271 1073 1382 1134 bellum
1391 1081 1527 1133 exterum

336 1166 494 1238 concludo,
510 1164 669 1238 concludo,
684 1165 817 1245 inquam
831 1167 941 1229 bellum
952 1170 1005 1230 sed
1018 1168 1224 1247 bellissimum,
1235 1171 1346 1252 quippe
1356 1171 1439 1250 quod
1451 1170 1527 1229 dum

335 1263 406 1324 alibi
422 1263 591 1322 immaniter
602 1263 710 1333 saeviit,
720 1263 803 1322 domi
815 1263 935 1326 induxit
944 1267 1220 1348 tranquillissimam
1233 1269 1315 1350 pacis
1325 1267 1527 1327 serenitatem.

338 1359 378 1420 Et
391 1361 461 1420 saue
475 1359 533 1420 uisi
546 1359 695 1439 ejusmodi
709 1359 748 1420 ud
758 1369 788 1420 te
802 1361 952 1423 mitterem
965 1363 1087 1437 bellum,
1096 1385 1199 1445 pacem
1210 1365 1266 1426 tibi
1276 1363 1421 1447 gratulari
1431 1363 1529 1424 neuti-

336 1477 426 1538 quam
439 1476 566 1536 possem.
594 1455 686 1516 Totus
699 1456 800 1536 itaque
813 1456 931 1520 libellus
942 1461 997 1521 iste
1009 1472 1149 1541 quantus,
1163 1471 1292 1542 quantus
1305 1461 1360 1521 tibi
1373 1460 1529 1522 Comitum

337 1552 551 1614 humanissimo
564 1551 692 1622 dicatus,
705 1553 872 1614 merissima
885 1564 928 1616 est
941 1557 1023 1638 pacis
1037 1559 1263 1641 congratulatio,

379 1649 470 1722 Quod
486 1649 557 1708 verb
575 1649 614 1708 ad
632 1657 660 1708 te
679 1649 775 1730 potiris
793 1648 886 1729 quam
905 1653 945 1714 ad
963 1655 1100 1733 quemvis
1117 1655 1210 1716 alium
1228 1677 1282 1716 suo
1299 1655 1412 1737 impetu
1431 1663 1530 1716 noster

337 1747 450 1808 feratur
469 1745 611 1819 calamus,
629 1765 688 1804 non
707 1745 739 1806 id
757 1747 880 1825 quidem
902 1750 1012 1810 temere
1029 1751 1139 1813 evenit.
1182 1752 1365 1834 Complexus
1384 1763 1429 1812 est
1448 1753 1531 1812 euim

338 1845 400 1925 ipse
421 1842 541 1903 heroica
559 1852 678 1902 tuorum
696 1841 785 1912 sacta,
803 1864 872 1924 quae
892 1847 932 1908 ad
950 1856 1031 1908 tuam
1050 1868 1169 1928 quoque
1188 1849 1334 1930 totiusque
1354 1849 1532 1931 perillustris

338 1939 501 2001 stemmatis
517 1938 635 1999 laudem
654 1948 799 2020 spectant,
815 1952 935 2021 portant
951 1944 1151 2007 nobilissimos
1166 1947 1294 2027 majores
1308 1956 1338 2006 et
1350 1945 1532 2026 consangui-

339 2057 409 2098 ueos
422 2047 488 2096 tuos
502 2034 655 2109 Butleros,
669 2035 812 2115 quintin
831 2039 928 2120 patrii
940 2061 1059 2122 semper
1072 2042 1194 2105 fuerunt
1208 2043 1318 2103 summi
1334 2043 1474 2114 nominis,
1489 2044 1533 2102 ita

339 2131 420 2214 apud
433 2143 558 2205 exteros,
573 2131 610 2191 ob
624 2132 776 2213 egregiam
789 2134 943 2207 virtutem,
953 2139 1114 2219 praecipuus
1125 2140 1318 2201 auctoritatis.
1349 2141 1429 2222 Age,
1444 2139 1533 2209 vade,

339 2233 366 2292 si
379 2231 471 2304 lubet,
486 2228 518 2290 iu
535 2238 697 2289 extremam
714 2249 809 2310 usque
825 2231 1031 2307 Germaniam,
1054 2234 1225 2310 Polonism,
1244 2237 1421 2308 Lituauiam,
1441 2235 1533 2296 Hun-

340 2329 465 2412 gariam,
478 2325 656 2387 Boliemiam
670 2336 801 2408 penetra,
813 2328 838 2389 si
852 2340 950 2404 neat,
962 2341 993 2392 et
1005 2333 1087 2407 audi,
1098 2334 1124 2394 si
1138 2355 1197 2394 nou
1211 2333 1402 2395 Butlerorum
1414 2344 1533 2394 tuorum

341 2427 420 2487 fama
440 2422 618 2504 Imperatori
639 2420 786 2497 Romano,
807 2424 934 2508 aliisque
956 2429 1092 2511 Regibus
1110 2431 1195 2510 aeque
1211 2430 1284 2503 lida,
1301 2450 1393 2511 quam
1411 2430 1534 2491 nobilis-

340 2524 424 2585 simas
442 2520 588 2602 prosapiae
607 2528 667 2579 mae
684 2518 815 2599 gloriosa
832 2524 943 2605 ubique
960 2525 1148 2588 celebretur?
1178 2528 1306 2588 Utinam
1323 2530 1406 2603 (cum
1425 2527 1534 2587 intimo

341 2619 373 2679 id
387 2618 510 2679 affectus
522 2616 582 2677 mei
596 2634 683 2676 seusu
699 2614 828 2698 ingenue
846 2619 1021 2702 proloquor)
1037 2622 1163 2698 utinam,
1182 2624 1315 2705 iuquam,
1331 2644 1434 2684 manes
1447 2624 1534 2684 Wal-

341 2716 417 2777 theri
431 2715 487 2785 tui,
501 2714 551 2774 oui
568 2732 660 2773 anuos
674 2710 826 2792 plusculos
843 2713 1019 2776 individuus
1032 2715 1077 2776 fui
1093 2737 1203 2789 comes,
1219 2718 1249 2776 in
1264 2716 1354 2778 vitale
1365 2737 1473 2797 corpus
1487 2738 1535 2777 re·

341 2813 470 2893 migrare
481 2819 610 2891 possent,
621 2820 650 2869 et
661 2828 692 2869 se
704 2808 757 2869 tibi
768 2809 801 2868 iu
811 2808 902 2869 armis
912 2820 1099 2889 praesentare,
1108 2811 1224 2871 videres
1234 2812 1337 2891 utique
1347 2811 1445 2871 virum
1456 2811 1536 2871 inter

342 2929 426 2970 arma
437 2908 536 2990 potius
545 2906 584 2967 ad
594 2906 721 2967 amicam
732 2925 849 2989 pacem,
860 2906 950 2985 qnam
961 2906 1082 2967 hostilia
1093 2906 1172 2967 bella
1185 2926 1376 2988 propensum,
1386 2918 1535 2987 spectares

341 3007 441 3067 virum
463 3006 493 3065 in
514 3004 604 3065 armis
624 3004 741 3079 fortem,
763 3004 846 3065 omui
866 3002 975 3064 bellico
995 3014 1139 3084 apparatu
1162 3002 1206 3063 uil
1223 3004 1321 3083 potius
1338 3013 1534 3085 spectantem,

342 3102 433 3185 quim
447 3110 480 3161 ut
495 3100 626 3181 Imperio
637 3098 775 3161 Romano
786 3100 941 3182 pristinam
957 3101 1123 3162 restitueret
1134 3120 1189 3181 pro
1200 3101 1279 3162 virili
1290 3100 1353 3176 sub,
1364 3099 1535 3181 tranquilli-

342 3209 443 3263 tatem.

385 3295 480 3356 Hunc
494 3294 585 3375 igitur
595 3303 626 3353 et
640 3292 737 3374 plures
749 3292 844 3374 ipsius
856 3293 979 3363 similes,
993 3294 1067 3354 dum
1080 3295 1135 3355 tibi
1149 3295 1180 3355 iu
1196 3295 1389 3376 paucularum
1403 3293 1535 3377 pagella·

343 3415 410 3455 rum
429 3392 573 3475 augustiis
591 3390 844 3471 circumscriptam
858 3390 984 3451 exhibeo
1000 3392 1195 3472 majestatem,
1209 3414 1247 3453 us
1268 3402 1363 3473 putes,
1381 3392 1535 3453 Generosa

344 3490 464 3563 Comes,
479 3510 526 3551 me
541 3488 610 3550 belli
623 3488 715 3550 duces
727 3489 765 3549 ad
780 3488 959 3549 turbandam
973 3488 1005 3547 in
1019 3488 1080 3549 tuis
1093 3490 1178 3549 terris
1191 3509 1295 3570 pacem
1310 3490 1341 3549 in
1356 3488 1535 3549 Ormouiam

345 3589 495 3661 inducere,
525 3586 643 3649 adduco
670 3585 821 3666 equidem,
848 3604 904 3645 uec
930 3585 1013 3645 enim
1037 3584 1155 3646 inficias
1178 3586 1221 3647 ire
1249 3606 1379 3667 possum
1405 3597 1537 3646 armatos

345 3686 459 3757 heroes,
476 3685 529 3747 sed
547 3683 689 3747 conlectis
708 3681 799 3765 prope
819 3680 904 3741 bellis
925 3680 1076 3762 pacificos,
1094 3683 1147 3763 qui
1164 3703 1247 3744 arma
1265 3684 1385 3764 quidem
1404 3694 1537 3763 portant,
