3225 4700
490 272 888 383 rnrunurnwu.
1219 318 1280 385 ser

84 459 133 521 tis
142 479 199 543 spe
207 459 274 535 isit,
282 459 451 541 boumque
463 470 579 542 partem
591 461 713 538 cecidit,
724 461 854 544 reliquos
864 464 905 525 sd
916 462 1052 527 iteratam
1060 464 1283 550 ingenitorum

82 556 263 637 iterumque
280 556 435 638 compulit.
478 557 518 621 Iu
534 558 594 621 bec
611 560 756 622 conflictu
775 560 935 623 Generalis
953 562 1159 626 locumtenens
1173 563 1284 628 Comes

85 652 197 715 Bossu
216 651 324 715 Gallus
340 652 536 735 interemptus
554 663 609 729 est,
621 656 740 739 ipsique
753 654 868 718 (inmiti
883 658 1034 741 Bncquoy
1046 659 1143 742 pileus
1155 663 1172 723 b
1185 662 1284 743 capite

85 768 234 811 excusem
247 748 362 831 globuli
376 751 393 810 e
407 746 508 811 fistuli
520 750 652 831 pulveris
664 751 751 833 pyrsi
764 751 795 813 vi
807 752 935 816 emissm
953 775 1011 817 nec
1023 765 1185 839 potueruut
1199 760 1284 821 Buc-

87 844 228 926 qnoyani
238 844 347 907 milites
353 845 602 909 untedoenllictu
611 846 722 909 retrahi
731 866 823 928 quam
831 848 1136 933 quingentoscurrus,
1144 854 1286 936 opulente

87 961 215 1006 sunone
230 940 362 1004 obiertcs
379 941 615 1023 intercepissent,
629 952 661 1005 et
677 942 796 1006 salvum
810 946 996 1009 conductum
1009 949 1147 1012 curribus
1159 950 1286 1034 sdjunc·

87 1047 159 1100 tnm
172 1037 326 1120 potissimi
338 1058 377 1099 ex
389 1048 474 1120 parte
486 1039 644 1101 fudissent.

133 1134 251 1197 Eodem
271 1155 363 1216 prope
382 1145 515 1217 tempore
534 1136 607 1199 tlibi
627 1158 684 1221 ope
704 1138 944 1221 Iamboycarum
966 1140 1137 1223 legionm
1154 1142 1286 1225 Hispani

90 1232 299 1314 septingentos
319 1231 540 1315 qninquaginta
559 1253 665 1295 currus
683 1254 802 1297 ennena
821 1234 981 1299 instructos
999 1237 1236 1319 interceperunt,
1257 1248 1288 1302 et

91 1327 178 1389 mille
197 1327 305 1390 Gsllcs
322 1328 354 1389 in
376 1328 581 1391 defensionem
597 1331 735 1393 curribus
754 1331 873 1393 sdditcs
885 1333 1089 1395 internecione
1101 1334 1286 1398 deleverunt.

92 1422 166 1495 Quo
185 1424 292 1487 eodem
308 1424 359 1487 die
378 1424 462 1487 Galli
485 1426 663 1489 semilnnsm
686 1436 755 1489 aute
773 1427 927 1491 civitatem
947 1430 1042 1491 multu
1061 1449 1184 1492 suorum
1203 1431 1287 1493 cede

92 1518 291 1603 occeperunt,
303 1522 357 1583 sed
369 1540 443 1583 mox
454 1533 572 1603 postero
581 1522 632 1585 dis
645 1524 683 1585 ab
696 1524 823 1586 obsessis
836 1524 936 1586 muno
948 1525 1060 1607 repulsi
1072 1535 1153 1588 sunt.
1183 1524 1287 1588 Rebus

93 1616 138 1679 ita
157 1617 388 1699 procedentibus
408 1617 608 1680 invalescebat
626 1616 706 1679 inter
725 1616 831 1678 Gsllos
847 1617 973 1679 immitis
990 1618 1085 1680 fames
1104 1619 1147 1681 its
1164 1627 1199 1681 nt
1216 1638 1287 1681 cum

93 1716 175 1777 intre
188 1714 318 1776 sedenim
332 1713 397 1777 dies
416 1735 478 1776 non
498 1713 557 1775 nisi
571 1714 695 1776 ducenti
711 1734 817 1777 currus
833 1733 962 1775 aunone
977 1714 1190 1778 sdvsutmseut
1200 1718 1288 1797 (quos

96 1810 230 1893 Hispeni
243 1812 437 1891 quantumvis
454 1810 633 1885 laborarent,
646 1812 686 1873 ob
698 1811 816 1873 salvum
826 1811 1011 1873 conductum
1019 1819 1148 1891 quotuor
1160 1831 1199 1872 ex
1211 1812 1287 1873 locis

95 1907 287 1983 submissum,
309 1907 488 1989 intercipere
507 1928 568 1969 non
588 1908 762 1989 potuerunt)
781 1907 893 1969 milites
912 1906 1015 1969 inedie
1035 1906 1287 1969 contabescerent.

97 2004 312 2066 Nnnciabetur
328 2004 443 2066 interes
461 2024 524 2067 sum
542 2004 648 2086 Regis>
666 2004 819 2065 altitudini
834 2004 979 2085 plurimos
998 2022 1101 2063 rursus
1113 2022 1220 2064 comus
1238 2022 1289 2064 co·

21 2116 23 2127 ²
96 2110 201 2161 meatu
216 2112 334 2162 cunnos
352 2101 384 2161 in
397 2101 448 2164 ris
461 2122 524 2163 esse
541 2110 630 2182 atque
641 2102 682 2163 ad
697 2098 816 2163 Gelbes
828 2113 926 2162 csstm
942 2098 1099 2161 concitetis
1119 2098 1206 2180 equis
1222 2119 1290 2179 pro·

97 2216 213 2277 perare.
254 2196 367 2259 conns
383 2196 438 2259 bos
458 2196 639 2259 Generulem
661 2196 794 2277 Iamboy
809 2215 879 2258 cum
897 2204 1025 2277 quatuor
1041 2195 1176 2275 equitnm
1197 2194 1289 2256 milli·

21 2338 22 2341 ,
97 2293 155 2355 bns
166 2302 196 2356 et
208 2292 333 2356 totidem
346 2292 480 2356 millibus
493 2292 629 2376 peditum
643 2293 686 2356 ire
695 2294 794 2376 jubet,
805 2313 882 2374 qnos
892 2312 962 2354 cum
975 2292 1032 2354 snb
1044 2292 1142 2355 noctis
1154 2293 1288 2355 medinm

99 2391 130 2450 in
145 2391 256 2472 oppido
269 2391 400 2472 quodum
418 2401 569 2453 essecutus
587 2400 674 2462 esset,
687 2399 789 2472 sperta
808 2391 841 2452 ri
853 2391 905 2451 via
916 2389 1015 2465 irruit,
1029 2389 1146 2452 salvom
1156 2389 1289 2451 conduc·

98 2495 162 2548 tum
174 2487 311 2570 psucnlis
324 2487 467 2569 exceptis,
479 2488 532 2566 qui
545 2486 577 2547 in
591 2486 691 2548 fovete
704 2507 735 2548 se
748 2486 918 2568 precipites
930 2495 1069 2568 egerem
1080 2504 1200 2547 omnem
1209 2484 1288 2546 ceci-

100 2583 156 2654 dit,
170 2603 207 2644 ac
219 2583 301 2644 mille
314 2584 457 2646 ducentos
470 2603 585 2658 currus,
598 2583 671 2644 vino
693 2583 816 2656 lurido,
830 2603 918 2664 pane,
931 2582 1045 2644 terrine
1062 2582 1189 2663 aliisque
1201 2582 1289 2642 rebor

100 2680 233 2750 refertos,
246 2679 389 2762 diripuitr
412 2699 448 2742 ac
458 2687 599 2742 sexcents
609 2679 675 2739 vini
689 2679 771 2740 dolis
783 2678 932 2761 disrumpi
945 2678 1112 2760 imperavit,
1127 2677 1289 2757 vinumque

100 2777 133 2838 in
155 2785 265 2838 terram
286 2774 411 2850 effundi,
434 2795 472 2837 ue
494 2774 573 2837 hosti
593 2775 660 2836 usui
680 2783 766 2849 esset,
790 2775 942 2856 quidquid
960 2795 1033 2837 vere
1054 2774 1074 2836 b
1093 2771 1155 2834 suis
1178 2772 1289 2834 abduci

101 2873 207 2955 potuit,
221 2893 322 2936 secum
332 2871 464 2946 sbstnlit,
475 2892 580 2934 currus
593 2880 679 2953 porto
692 2871 837 2934 dissecuit
846 2880 877 2933 et
886 2873 1021 2953 subjecto
1034 2870 1105 2954 igne
1114 2870 1147 2930 iu
1157 2868 1287 2930 cinerem

101 2969 227 3052 redegit,
242 2978 332 3049 atque
345 2969 387 3030 ita
401 2969 501 3049 opime
513 2969 617 3050 praeds
630 2967 715 3029 dives
727 2969 766 3030 ad
780 2988 850 3030 suos
863 2967 995 3030 revertit.

142 3065 334 3128 Gubernator
348 3063 541 3144 Corbeysnns
555 3064 665 3126 Comes
678 3063 812 3126 Nantuel
829 3073 903 3126 trmc
920 3082 1039 3144 quoque
1051 3061 1239 3143 operiebatur
1252 3081 1289 3122 ex

101 3161 218 3223 insidiis
230 3169 359 3222 turmam
374 3160 591 3242 Hispanorum,
605 3160 659 3222 ssd
671 3160 735 3242 ipse
747 3159 935 3241 intercipitur
947 3167 1114 3241 preterque
1126 3177 1209 3239 spem
1223 3156 1290 3218 sul-

102 3266 233 3334 nerstur,
247 3257 279 3318 in
291 3257 414 3318 vincnle
428 3256 547 3319 saucius
559 3256 711 3338 arripitur,
726 3255 759 3317 in
772 3255 881 3336 qnibus
893 3275 954 3316 nou
967 3253 1063 3316 multo
1075 3262 1143 3336 post
1154 3244 1290 3317 mortuus

104 3362 156 3416 est.

143 3449 344 3522 Qnsntumvis
369 3448 502 3531 Hispani
523 3468 588 3510 rem
614 3467 827 3529 usquequaque
851 3447 968 3510 fortiter
994 3455 1127 3529 egerent,
1149 3445 1290 3508 omuibus

103 3557 201 3610 umen
220 3545 361 3610 adhibitis
377 3543 524 3608 machinis
542 3543 615 3606 illuc
633 3545 787 3626 negotium
808 3544 958 3607 deducere
977 3564 1038 3606 uon
1061 3552 1232 3626 potuerunt,
1255 3549 1290 3602 nt

21 3665 22 3686 ¹
104 3643 208 3708 Gallos
221 3643 259 3704 ab
272 3642 427 3706 obsidione
440 3640 626 3705 Arrelstensi
640 3640 834 3723 depellerent,
850 3641 951 3722 itaque
964 3660 1034 3702 cnm
1047 3639 1159 3702 obsessi
1171 3638 1210 3700 de
1223 3656 1289 3700 suc·
