<?xml version="1.0" encoding="UTF-8"?>
<!DOCTYPE html PUBLIC "-//W3C//DTD XHTML 1.0 Transitional//EN"
    "http://www.w3.org/TR/xhtml1/DTD/xhtml1-transitional.dtd">
<html xmlns="http://www.w3.org/1999/xhtml" xml:lang="en" lang="en">
 <head>
  <title>
</title>
<meta http-equiv="Content-Type" content="text/html;charset=utf-8" />
  <meta name='ocr-system' content='tesseract 3.04.00' />
  <meta name='ocr-capabilities' content='ocr_page ocr_carea ocr_par ocr_line ocrx_word'/>
</head>
<body>
  <div class='ocr_page' id='page_1' title='image "./itinerariumthom00kerngoog_0317.png"; bbox 0 0 3225 4700; ppageno 0'>
   <div class='ocr_carea' id='block_1_1' title="bbox 478 337 1270 408">
    <p class='ocr_par' dir='ltr' id='par_1_1' title="bbox 478 337 1270 408">
     <span class='ocr_line' id='line_1_1' title="bbox 478 337 1270 408; baseline 0.006 -5"><span class='ocrx_word' id='word_1_1' title='bbox 478 337 875 407; x_wconf 81' lang='lat' dir='ltr'><strong>ITINERARIUM.</strong></span> <span class='ocrx_word' id='word_1_2' title='bbox 1206 345 1270 408; x_wconf 76' lang='lat'>206</span> 
     </span>
    </p>
   </div>
   <div class='ocr_carea' id='block_1_2' title="bbox 7 492 1276 3778">
    <p class='ocr_par' dir='ltr' id='par_1_2' title="bbox 59 492 1274 1156">
     <span class='ocr_line' id='line_1_2' title="bbox 61 492 1271 577; baseline 0.005 -24"><span class='ocrx_word' id='word_1_3' title='bbox 61 501 146 555; x_wconf 81' lang='lat' dir='ltr'>sunt</span> <span class='ocrx_word' id='word_1_4' title='bbox 159 492 402 576; x_wconf 76' lang='lat' dir='ltr'>expeditissimis,</span> <span class='ocrx_word' id='word_1_5' title='bbox 416 502 451 557; x_wconf 89' lang='lat' dir='ltr'>ut</span> <span class='ocrx_word' id='word_1_6' title='bbox 463 495 567 568; x_wconf 89' lang='lat' dir='ltr'>solent,</span> <span class='ocrx_word' id='word_1_7' title='bbox 581 495 677 577; x_wconf 89' lang='lat' dir='ltr'>equis,</span> <span class='ocrx_word' id='word_1_8' title='bbox 692 516 753 557; x_wconf 90' lang='lat' dir='ltr'>non</span> <span class='ocrx_word' id='word_1_9' title='bbox 766 494 930 557; x_wconf 79' lang='lat' dir='ltr'>infeliciore</span> <span class='ocrx_word' id='word_1_10' title='bbox 943 504 1065 570; x_wconf 85' lang='lat' dir='ltr'>eventu,</span> <span class='ocrx_word' id='word_1_11' title='bbox 1077 497 1179 557; x_wconf 88' lang='lat' dir='ltr'>omnia</span> <span class='ocrx_word' id='word_1_12' title='bbox 1190 498 1271 559; x_wconf 91' lang='lat' dir='ltr'>enim</span> 
     </span>
     <span class='ocr_line' id='line_1_3' title="bbox 63 590 1272 674; baseline 0.005 -24"><span class='ocrx_word' id='word_1_13' title='bbox 63 590 346 674; x_wconf 81' lang='lat' dir='ltr'>Fridburgensinm</span> <span class='ocrx_word' id='word_1_14' title='bbox 360 610 470 672; x_wconf 90' lang='lat' dir='ltr'>pecora</span> <span class='ocrx_word' id='word_1_15' title='bbox 482 612 519 653; x_wconf 90' lang='lat' dir='ltr'>ex</span> <span class='ocrx_word' id='word_1_16' title='bbox 533 593 650 672; x_wconf 85' lang='lat' dir='ltr'>pascuis</span> <span class='ocrx_word' id='word_1_17' title='bbox 668 592 849 673; x_wconf 87' lang='lat' dir='ltr'>abegerunt:</span> <span class='ocrx_word' id='word_1_18' title='bbox 872 600 977 653; x_wconf 75' lang='lat' dir='ltr'>contm</span> <span class='ocrx_word' id='word_1_19' title='bbox 989 611 1064 672; x_wconf 88' lang='lat' dir='ltr'>quos</span> <span class='ocrx_word' id='word_1_20' title='bbox 1076 592 1199 673; x_wconf 85' lang='lat' dir='ltr'>quidem</span> <span class='ocrx_word' id='word_1_21' title='bbox 1213 594 1272 656; x_wconf 82' lang='lat' dir='ltr'>Go-</span> 
     </span>
     <span class='ocr_line' id='line_1_4' title="bbox 59 686 1272 769; baseline 0.004 -23"><span class='ocrx_word' id='word_1_22' title='bbox 59 686 203 749; x_wconf 90' lang='lat' dir='ltr'>lonellus</span> <span class='ocrx_word' id='word_1_23' title='bbox 225 686 397 767; x_wconf 83' lang='lat' dir='ltr'>Kanoffsky</span> <span class='ocrx_word' id='word_1_24' title='bbox 421 708 491 749; x_wconf 89' lang='lat' dir='ltr'>cum</span> <span class='ocrx_word' id='word_1_25' title='bbox 515 707 673 749; x_wconf 88' lang='lat' dir='ltr'>numeroso</span> <span class='ocrx_word' id='word_1_26' title='bbox 694 688 831 768; x_wconf 88' lang='lat' dir='ltr'>equitatu</span> <span class='ocrx_word' id='word_1_27' title='bbox 852 707 989 769; x_wconf 85' lang='lat' dir='ltr'>egressus</span> <span class='ocrx_word' id='word_1_28' title='bbox 1011 699 1067 762; x_wconf 90' lang='lat' dir='ltr'>est,</span> <span class='ocrx_word' id='word_1_29' title='bbox 1088 697 1124 750; x_wconf 89' lang='lat' dir='ltr'>ut</span> <span class='ocrx_word' id='word_1_30' title='bbox 1146 688 1272 751; x_wconf 80' lang='lat' dir='ltr'>Oroates</span> 
     </span>
     <span class='ocr_line' id='line_1_5' title="bbox 63 783 1272 865; baseline 0.004 -23"><span class='ocrx_word' id='word_1_31' title='bbox 63 784 293 863; x_wconf 80' lang='lat' dir='ltr'>insequeretur,</span> <span class='ocrx_word' id='word_1_32' title='bbox 315 784 509 864; x_wconf 81' lang='lat' dir='ltr'>praedamque</span> <span class='ocrx_word' id='word_1_33' title='bbox 531 783 667 845; x_wconf 86' lang='lat' dir='ltr'>abactam</span> <span class='ocrx_word' id='word_1_34' title='bbox 689 793 887 865; x_wconf 78' lang='lat' dir='ltr'>recuperaret,</span> <span class='ocrx_word' id='word_1_35' title='bbox 907 785 961 846; x_wconf 92' lang='lat' dir='ltr'>sed</span> <span class='ocrx_word' id='word_1_36' title='bbox 980 784 1024 847; x_wconf 89' lang='lat' dir='ltr'>ita</span> <span class='ocrx_word' id='word_1_37' title='bbox 1040 805 1078 847; x_wconf 88' lang='lat' dir='ltr'>ex</span> <span class='ocrx_word' id='word_1_38' title='bbox 1095 785 1213 848; x_wconf 77' lang='lat' dir='ltr'>insidiis</span> <span class='ocrx_word' id='word_1_39' title='bbox 1233 788 1272 847; x_wconf 87' lang='lat' dir='ltr'>ab</span> 
     </span>
     <span class='ocr_line' id='line_1_6' title="bbox 64 879 1274 963; baseline 0.006 -23"><span class='ocrx_word' id='word_1_40' title='bbox 64 879 255 941; x_wconf 79' lang='lat' dir='ltr'>adversariis</span> <span class='ocrx_word' id='word_1_41' title='bbox 272 881 333 941; x_wconf 90' lang='lat' dir='ltr'>suis</span> <span class='ocrx_word' id='word_1_42' title='bbox 351 890 490 962; x_wconf 84' lang='lat' dir='ltr'>aceeptus</span> <span class='ocrx_word' id='word_1_43' title='bbox 508 888 563 953; x_wconf 85' lang='lat' dir='ltr'>est,</span> <span class='ocrx_word' id='word_1_44' title='bbox 576 888 612 941; x_wconf 88' lang='lat' dir='ltr'>ut</span> <span class='ocrx_word' id='word_1_45' title='bbox 625 880 729 961; x_wconf 86' lang='lat' dir='ltr'>etipse</span> <span class='ocrx_word' id='word_1_46' title='bbox 743 900 823 963; x_wconf 74' lang='lat' dir='ltr'>agre</span> <span class='ocrx_word' id='word_1_47' title='bbox 840 900 944 943; x_wconf 90' lang='lat' dir='ltr'>eorum</span> <span class='ocrx_word' id='word_1_48' title='bbox 961 902 1069 944; x_wconf 90' lang='lat' dir='ltr'>manus</span> <span class='ocrx_word' id='word_1_49' title='bbox 1088 884 1225 957; x_wconf 80' lang='lat' dir='ltr'>evaserit,</span> <span class='ocrx_word' id='word_1_50' title='bbox 1243 894 1274 947; x_wconf 90' lang='lat' dir='ltr'>et</span> 
     </span>
     <span class='ocr_line' id='line_1_7' title="bbox 65 975 1273 1059; baseline 0.005 -22"><span class='ocrx_word' id='word_1_51' title='bbox 65 977 113 1037; x_wconf 91' lang='lat' dir='ltr'>de</span> <span class='ocrx_word' id='word_1_52' title='bbox 129 977 193 1038; x_wconf 90' lang='lat' dir='ltr'>suis</span> <span class='ocrx_word' id='word_1_53' title='bbox 210 997 270 1038; x_wconf 90' lang='lat' dir='ltr'>non</span> <span class='ocrx_word' id='word_1_54' title='bbox 288 976 389 1037; x_wconf 87' lang='lat' dir='ltr'>minus</span> <span class='ocrx_word' id='word_1_55' title='bbox 408 976 539 1037; x_wconf 89' lang='lat' dir='ltr'>sedecim</span> <span class='ocrx_word' id='word_1_56' title='bbox 561 975 618 1037; x_wconf 87' lang='lat' dir='ltr'>diti</span> <span class='ocrx_word' id='word_1_57' title='bbox 636 975 846 1051; x_wconf 84' lang='lat' dir='ltr'>immolaverit,</span> <span class='ocrx_word' id='word_1_58' title='bbox 866 975 928 1037; x_wconf 92' lang='lat' dir='ltr'>imo</span> <span class='ocrx_word' id='word_1_59' title='bbox 945 977 1070 1059; x_wconf 87' lang='lat' dir='ltr'>triginta</span> <span class='ocrx_word' id='word_1_60' title='bbox 1087 979 1178 1041; x_wconf 89' lang='lat' dir='ltr'>etiam</span> <span class='ocrx_word' id='word_1_61' title='bbox 1194 981 1273 1043; x_wconf 87' lang='lat' dir='ltr'>inter</span> 
     </span>
     <span class='ocr_line' id='line_1_8' title="bbox 65 1071 1058 1156; baseline 0.001 -22"><span class='ocrx_word' id='word_1_62' title='bbox 65 1092 154 1153; x_wconf 90' lang='lat' dir='ltr'>quos</span> <span class='ocrx_word' id='word_1_63' title='bbox 168 1092 322 1153; x_wconf 86' lang='lat' dir='ltr'>supremus</span> <span class='ocrx_word' id='word_1_64' title='bbox 332 1072 446 1156; x_wconf 82' lang='lat' dir='ltr'>vigiliis</span> <span class='ocrx_word' id='word_1_65' title='bbox 461 1071 628 1135; x_wconf 81' lang='lat' dir='ltr'>Praefectus</span> <span class='ocrx_word' id='word_1_66' title='bbox 642 1072 674 1133; x_wconf 92' lang='lat' dir='ltr'>in</span> <span class='ocrx_word' id='word_1_67' title='bbox 687 1071 890 1154; x_wconf 85' lang='lat' dir='ltr'>captivitatem</span> <span class='ocrx_word' id='word_1_68' title='bbox 903 1072 1058 1155; x_wconf 66' lang='lat' dir='ltr'>ableg-trit.</span> 
     </span>
    </p>

    <p class='ocr_par' dir='ltr' id='par_1_3' title="bbox 69 1168 1274 2584">
     <span class='ocr_line' id='line_1_9' title="bbox 115 1168 1270 1257; baseline 0.005 -27"><span class='ocrx_word' id='word_1_69' title='bbox 115 1169 179 1231; x_wconf 85' lang='lat' dir='ltr'>VI.</span> <span class='ocrx_word' id='word_1_70' title='bbox 201 1169 316 1230; x_wconf 88' lang='lat' dir='ltr'>Eodem</span> <span class='ocrx_word' id='word_1_71' title='bbox 330 1169 380 1230; x_wconf 90' lang='lat' dir='ltr'>die</span> <span class='ocrx_word' id='word_1_72' title='bbox 396 1168 508 1231; x_wconf 79' lang='lat' dir='ltr'>Drestt</span> <span class='ocrx_word' id='word_1_73' title='bbox 521 1169 648 1253; x_wconf 86' lang='lat' dir='ltr'>insignis</span> <span class='ocrx_word' id='word_1_74' title='bbox 668 1168 817 1250; x_wconf 78' lang='lat' dir='ltr'>equitatus</span> <span class='ocrx_word' id='word_1_75' title='bbox 834 1170 873 1231; x_wconf 91' lang='lat' dir='ltr'>de</span> <span class='ocrx_word' id='word_1_76' title='bbox 890 1169 1059 1233; x_wconf 87' lang='lat' dir='ltr'>Saxonibus</span> <span class='ocrx_word' id='word_1_77' title='bbox 1073 1170 1270 1257; x_wconf 87' lang='lat' dir='ltr'>Fridbergum</span> 
     </span>
     <span class='ocr_line' id='line_1_10' title="bbox 69 1265 1271 1351; baseline 0.007 -26"><span class='ocrx_word' id='word_1_78' title='bbox 69 1265 201 1327; x_wconf 80' lang='lat' dir='ltr'>Misnie</span> <span class='ocrx_word' id='word_1_79' title='bbox 215 1265 298 1341; x_wconf 91' lang='lat' dir='ltr'>abiit,</span> <span class='ocrx_word' id='word_1_80' title='bbox 312 1266 380 1327; x_wconf 87' lang='lat' dir='ltr'>istic</span> <span class='ocrx_word' id='word_1_81' title='bbox 394 1286 426 1327; x_wconf 88' lang='lat' dir='ltr'>se</span> <span class='ocrx_word' id='word_1_82' title='bbox 439 1285 509 1327; x_wconf 90' lang='lat' dir='ltr'>cum</span> <span class='ocrx_word' id='word_1_83' title='bbox 524 1265 692 1327; x_wconf 89' lang='lat' dir='ltr'>desultoriis</span> <span class='ocrx_word' id='word_1_84' title='bbox 704 1266 835 1347; x_wconf 84' lang='lat' dir='ltr'>supremi</span> <span class='ocrx_word' id='word_1_85' title='bbox 851 1266 985 1329; x_wconf 83' lang='lat' dir='ltr'>Haubita</span> <span class='ocrx_word' id='word_1_86' title='bbox 999 1270 1225 1351; x_wconf 87' lang='lat' dir='ltr'>conjuncturus,</span> <span class='ocrx_word' id='word_1_87' title='bbox 1236 1292 1271 1335; x_wconf 89' lang='lat' dir='ltr'>ac</span> 
     </span>
     <span class='ocr_line' id='line_1_11' title="bbox 69 1362 1270 1452; baseline 0.007 -29"><span class='ocrx_word' id='word_1_88' title='bbox 69 1382 140 1423; x_wconf 85' lang='lat' dir='ltr'>nna</span> <span class='ocrx_word' id='word_1_89' title='bbox 157 1382 227 1424; x_wconf 90' lang='lat' dir='ltr'>cum</span> <span class='ocrx_word' id='word_1_90' title='bbox 244 1362 305 1423; x_wconf 88' lang='lat' dir='ltr'>illis</span> <span class='ocrx_word' id='word_1_91' title='bbox 322 1372 532 1443; x_wconf 79' lang='lat' dir='ltr'>persecuturus</span> <span class='ocrx_word' id='word_1_92' title='bbox 551 1362 673 1437; x_wconf 85' lang='lat' dir='ltr'>Succos,</span> <span class='ocrx_word' id='word_1_93' title='bbox 692 1362 770 1423; x_wconf 90' lang='lat' dir='ltr'>inter</span> <span class='ocrx_word' id='word_1_94' title='bbox 785 1383 862 1442; x_wconf 89' lang='lat' dir='ltr'>quos</span> <span class='ocrx_word' id='word_1_95' title='bbox 883 1362 1057 1426; x_wconf 73' lang='lat' dir='ltr'>colonellas</span> <span class='ocrx_word' id='word_1_96' title='bbox 1080 1366 1270 1452; x_wconf 82' lang='lat' dir='ltr'>Hbelringer,</span> 
     </span>
     <span class='ocr_line' id='line_1_12' title="bbox 72 1458 1274 1547; baseline 0.005 -27"><span class='ocrx_word' id='word_1_97' title='bbox 72 1459 132 1540; x_wconf 91' lang='lat' dir='ltr'>qui</span> <span class='ocrx_word' id='word_1_98' title='bbox 145 1460 247 1540; x_wconf 85' lang='lat' dir='ltr'>copias</span> <span class='ocrx_word' id='word_1_99' title='bbox 261 1458 382 1521; x_wconf 87' lang='lat' dir='ltr'>hostiles</span> <span class='ocrx_word' id='word_1_100' title='bbox 395 1460 534 1534; x_wconf 87' lang='lat' dir='ltr'>ducebat,</span> <span class='ocrx_word' id='word_1_101' title='bbox 548 1458 694 1540; x_wconf 88' lang='lat' dir='ltr'>multique</span> <span class='ocrx_word' id='word_1_102' title='bbox 708 1458 759 1520; x_wconf 90' lang='lat' dir='ltr'>alii</span> <span class='ocrx_word' id='word_1_103' title='bbox 777 1460 937 1541; x_wconf 76' lang='lat' dir='ltr'>praecipuae</span> <span class='ocrx_word' id='word_1_104' title='bbox 955 1463 1141 1525; x_wconf 85' lang='lat' dir='ltr'>auctoritatis</span> <span class='ocrx_word' id='word_1_105' title='bbox 1158 1468 1274 1547; x_wconf 90' lang='lat' dir='ltr'>magni-</span> 
     </span>
     <span class='ocr_line' id='line_1_13' title="bbox 72 1555 1273 1637; baseline 0.005 -20"><span class='ocrx_word' id='word_1_106' title='bbox 72 1577 138 1637; x_wconf 91' lang='lat' dir='ltr'>que</span> <span class='ocrx_word' id='word_1_107' title='bbox 152 1555 282 1617; x_wconf 88' lang='lat' dir='ltr'>nomiuis</span> <span class='ocrx_word' id='word_1_108' title='bbox 300 1564 394 1631; x_wconf 91' lang='lat' dir='ltr'>erant,</span> <span class='ocrx_word' id='word_1_109' title='bbox 415 1555 587 1618; x_wconf 81' lang='lat' dir='ltr'>Ersordiam</span> <span class='ocrx_word' id='word_1_110' title='bbox 606 1557 771 1631; x_wconf 87' lang='lat' dir='ltr'>tendentes,</span> <span class='ocrx_word' id='word_1_111' title='bbox 785 1564 821 1617; x_wconf 86' lang='lat' dir='ltr'>ut</span> <span class='ocrx_word' id='word_1_112' title='bbox 832 1555 1022 1619; x_wconf 87' lang='lat' dir='ltr'>deiicientem</span> <span class='ocrx_word' id='word_1_113' title='bbox 1039 1558 1106 1620; x_wconf 86' lang='lat' dir='ltr'>istic</span> <span class='ocrx_word' id='word_1_114' title='bbox 1123 1580 1273 1623; x_wconf 89' lang='lat' dir='ltr'>annonam</span> 
     </span>
     <span class='ocr_line' id='line_1_14' title="bbox 71 1652 1272 1737; baseline 0.005 -23"><span class='ocrx_word' id='word_1_115' title='bbox 71 1662 106 1714; x_wconf 87' lang='lat' dir='ltr'>et</span> <span class='ocrx_word' id='word_1_116' title='bbox 120 1652 161 1713; x_wconf 90' lang='lat' dir='ltr'>ad</span> <span class='ocrx_word' id='word_1_117' title='bbox 178 1652 291 1715; x_wconf 87' lang='lat' dir='ltr'>bellum</span> <span class='ocrx_word' id='word_1_118' title='bbox 309 1654 474 1714; x_wconf 85' lang='lat' dir='ltr'>necessaria</span> <span class='ocrx_word' id='word_1_119' title='bbox 491 1652 644 1714; x_wconf 84' lang='lat' dir='ltr'>inferrent.</span> <span class='ocrx_word' id='word_1_120' title='bbox 688 1652 734 1713; x_wconf 92' lang='lat' dir='ltr'>Hi</span> <span class='ocrx_word' id='word_1_121' title='bbox 747 1672 817 1715; x_wconf 91' lang='lat' dir='ltr'>cum</span> <span class='ocrx_word' id='word_1_122' title='bbox 830 1652 1066 1735; x_wconf 84' lang='lat' dir='ltr'>Marioeburgnm</span> <span class='ocrx_word' id='word_1_123' title='bbox 1078 1657 1272 1737; x_wconf 88' lang='lat' dir='ltr'>appulissent,</span> 
     </span>
     <span class='ocr_line' id='line_1_15' title="bbox 72 1746 1274 1831; baseline 0.005 -20"><span class='ocrx_word' id='word_1_124' title='bbox 72 1770 112 1811; x_wconf 89' lang='lat' dir='ltr'>ac</span> <span class='ocrx_word' id='word_1_125' title='bbox 127 1750 254 1811; x_wconf 86' lang='lat' dir='ltr'>trecenti</span> <span class='ocrx_word' id='word_1_126' title='bbox 263 1750 378 1831; x_wconf 87' lang='lat' dir='ltr'>equites</span> <span class='ocrx_word' id='word_1_127' title='bbox 388 1750 419 1810; x_wconf 92' lang='lat' dir='ltr'>in</span> <span class='ocrx_word' id='word_1_128' title='bbox 429 1748 493 1810; x_wconf 85' lang='lat' dir='ltr'>foro</span> <span class='ocrx_word' id='word_1_129' title='bbox 502 1749 738 1831; x_wconf 83' lang='lat' dir='ltr'>designationem</span> <span class='ocrx_word' id='word_1_130' title='bbox 751 1746 947 1829; x_wconf 89' lang='lat' dir='ltr'>hospitiorum</span> <span class='ocrx_word' id='word_1_131' title='bbox 960 1760 1160 1830; x_wconf 85' lang='lat' dir='ltr'>expectarent,</span> <span class='ocrx_word' id='word_1_132' title='bbox 1174 1756 1274 1818; x_wconf 90' lang='lat' dir='ltr'>subito</span> 
     </span>
     <span class='ocr_line' id='line_1_16' title="bbox 72 1846 1272 1929; baseline 0.005 -21"><span class='ocrx_word' id='word_1_133' title='bbox 72 1848 95 1908; x_wconf 76' lang='lat' dir='ltr'>d</span> <span class='ocrx_word' id='word_1_134' title='bbox 112 1846 215 1909; x_wconf 87' lang='lat' dir='ltr'>Dictis</span> <span class='ocrx_word' id='word_1_135' title='bbox 230 1846 389 1909; x_wconf 88' lang='lat' dir='ltr'>saxonibus</span> <span class='ocrx_word' id='word_1_136' title='bbox 406 1846 601 1929; x_wconf 85' lang='lat' dir='ltr'>septingentis</span> <span class='ocrx_word' id='word_1_137' title='bbox 619 1846 740 1908; x_wconf 90' lang='lat' dir='ltr'>circiter</span> <span class='ocrx_word' id='word_1_138' title='bbox 757 1847 908 1928; x_wconf 88' lang='lat' dir='ltr'>equitibus</span> <span class='ocrx_word' id='word_1_139' title='bbox 921 1866 975 1928; x_wconf 90' lang='lat' dir='ltr'>per</span> <span class='ocrx_word' id='word_1_140' title='bbox 987 1856 1047 1907; x_wconf 85' lang='lat' dir='ltr'>tres</span> <span class='ocrx_word' id='word_1_141' title='bbox 1060 1859 1160 1928; x_wconf 88' lang='lat' dir='ltr'>portas</span> <span class='ocrx_word' id='word_1_142' title='bbox 1173 1852 1272 1914; x_wconf 90' lang='lat' dir='ltr'>subito</span> 
     </span>
     <span class='ocr_line' id='line_1_17' title="bbox 73 1942 1273 2025; baseline 0.003 -20"><span class='ocrx_word' id='word_1_143' title='bbox 73 1944 183 2015; x_wconf 87' lang='lat' dir='ltr'>illatis,</span> <span class='ocrx_word' id='word_1_144' title='bbox 196 1944 293 2005; x_wconf 91' lang='lat' dir='ltr'>obruti</span> <span class='ocrx_word' id='word_1_145' title='bbox 306 1952 385 2018; x_wconf 84' lang='lat' dir='ltr'>sunt,</span> <span class='ocrx_word' id='word_1_146' title='bbox 400 1942 582 2025; x_wconf 88' lang='lat' dir='ltr'>perditisque</span> <span class='ocrx_word' id='word_1_147' title='bbox 595 1942 732 2003; x_wconf 91' lang='lat' dir='ltr'>omnibus</span> <span class='ocrx_word' id='word_1_148' title='bbox 745 1942 977 2023; x_wconf 89' lang='lat' dir='ltr'>impedimentis,</span> <span class='ocrx_word' id='word_1_149' title='bbox 991 1943 1134 2025; x_wconf 70' lang='lat' dir='ltr'>praecipui</span> <span class='ocrx_word' id='word_1_150' title='bbox 1148 1945 1273 2009; x_wconf 91' lang='lat' dir='ltr'>Ducum</span> 
     </span>
     <span class='ocr_line' id='line_1_18' title="bbox 71 2037 1271 2120; baseline 0.005 -20"><span class='ocrx_word' id='word_1_151' title='bbox 71 2040 110 2100; x_wconf 91' lang='lat' dir='ltr'>in</span> <span class='ocrx_word' id='word_1_152' title='bbox 134 2040 334 2119; x_wconf 85' lang='lat' dir='ltr'>captivitatem</span> <span class='ocrx_word' id='word_1_153' title='bbox 356 2037 552 2120; x_wconf 89' lang='lat' dir='ltr'>Fridbsrgam</span> <span class='ocrx_word' id='word_1_154' title='bbox 578 2038 710 2099; x_wconf 88' lang='lat' dir='ltr'>abducti.</span> <span class='ocrx_word' id='word_1_155' title='bbox 762 2038 835 2100; x_wconf 93' lang='lat' dir='ltr'>Non</span> <span class='ocrx_word' id='word_1_156' title='bbox 856 2038 990 2101; x_wconf 88' lang='lat' dir='ltr'>tulerunt</span> <span class='ocrx_word' id='word_1_157' title='bbox 1012 2039 1090 2101; x_wconf 90' lang='lat' dir='ltr'>bane</span> <span class='ocrx_word' id='word_1_158' title='bbox 1113 2042 1271 2106; x_wconf 88' lang='lat' dir='ltr'>audaciam</span> 
     </span>
     <span class='ocr_line' id='line_1_19' title="bbox 73 2133 1274 2218; baseline 0.005 -21"><span class='ocrx_word' id='word_1_159' title='bbox 73 2136 205 2217; x_wconf 79' lang='lat' dir='ltr'>impune</span> <span class='ocrx_word' id='word_1_160' title='bbox 227 2134 369 2210; x_wconf 85' lang='lat' dir='ltr'>Saxones,</span> <span class='ocrx_word' id='word_1_161' title='bbox 391 2134 481 2197; x_wconf 86' lang='lat' dir='ltr'>Sueci</span> <span class='ocrx_word' id='word_1_162' title='bbox 501 2134 583 2195; x_wconf 89' lang='lat' dir='ltr'>enirn</span> <span class='ocrx_word' id='word_1_163' title='bbox 605 2134 774 2215; x_wconf 88' lang='lat' dir='ltr'>conjunctis</span> <span class='ocrx_word' id='word_1_164' title='bbox 790 2133 904 2196; x_wconf 85' lang='lat' dir='ltr'>viribus</span> <span class='ocrx_word' id='word_1_165' title='bbox 923 2134 1006 2197; x_wconf 89' lang='lat' dir='ltr'>Hala</span> <span class='ocrx_word' id='word_1_166' title='bbox 1022 2138 1133 2218; x_wconf 83' lang='lat' dir='ltr'>egressi</span> <span class='ocrx_word' id='word_1_167' title='bbox 1151 2149 1223 2203; x_wconf 90' lang='lat' dir='ltr'>suut</span> <span class='ocrx_word' id='word_1_168' title='bbox 1242 2152 1274 2203; x_wconf 87' lang='lat' dir='ltr'>et</span> 
     </span>
     <span class='ocr_line' id='line_1_20' title="bbox 75 2230 1274 2319; baseline 0.007 -27"><span class='ocrx_word' id='word_1_169' title='bbox 75 2252 174 2313; x_wconf 90' lang='lat' dir='ltr'>prope</span> <span class='ocrx_word' id='word_1_170' title='bbox 196 2232 373 2293; x_wconf 84' lang='lat' dir='ltr'>Dessaviam</span> <span class='ocrx_word' id='word_1_171' title='bbox 393 2232 468 2293; x_wconf 85' lang='lat' dir='ltr'>duas</span> <span class='ocrx_word' id='word_1_172' title='bbox 488 2230 638 2292; x_wconf 86' lang='lat' dir='ltr'>onerarias</span> <span class='ocrx_word' id='word_1_173' title='bbox 654 2230 796 2313; x_wconf 88' lang='lat' dir='ltr'>preciosis</span> <span class='ocrx_word' id='word_1_174' title='bbox 815 2231 964 2293; x_wconf 87' lang='lat' dir='ltr'>mercibus</span> <span class='ocrx_word' id='word_1_175' title='bbox 980 2232 1134 2314; x_wconf 88' lang='lat' dir='ltr'>multoque</span> <span class='ocrx_word' id='word_1_176' title='bbox 1150 2247 1274 2319; x_wconf 88' lang='lat' dir='ltr'>argento</span> 
     </span>
     <span class='ocr_line' id='line_1_21' title="bbox 78 2327 1273 2415; baseline 0.006 -25"><span class='ocrx_word' id='word_1_177' title='bbox 78 2339 213 2402; x_wconf 88' lang='lat' dir='ltr'>onustas,</span> <span class='ocrx_word' id='word_1_178' title='bbox 234 2349 302 2410; x_wconf 81' lang='lat' dir='ltr'>quoe</span> <span class='ocrx_word' id='word_1_179' title='bbox 326 2329 436 2392; x_wconf 86' lang='lat' dir='ltr'>Dresta</span> <span class='ocrx_word' id='word_1_180' title='bbox 453 2327 698 2411; x_wconf 84' lang='lat' dir='ltr'>Magdeburgum</span> <span class='ocrx_word' id='word_1_181' title='bbox 717 2327 890 2403; x_wconf 87' lang='lat' dir='ltr'>tendebant,</span> <span class='ocrx_word' id='word_1_182' title='bbox 910 2328 1089 2411; x_wconf 77' lang='lat' dir='ltr'>expilirunt,</span> <span class='ocrx_word' id='word_1_183' title='bbox 1106 2340 1273 2415; x_wconf 71' lang='lat' dir='ltr'>preterque</span> 
     </span>
     <span class='ocr_line' id='line_1_22' title="bbox 76 2424 1274 2508; baseline 0.007 -22"><span class='ocrx_word' id='word_1_184' title='bbox 76 2427 215 2508; x_wconf 76' lang='lat' dir='ltr'>pradum</span> <span class='ocrx_word' id='word_1_185' title='bbox 230 2425 313 2488; x_wconf 82' lang='lat' dir='ltr'>baud</span> <span class='ocrx_word' id='word_1_186' title='bbox 330 2425 589 2502; x_wconf 88' lang='lat' dir='ltr'>contemnendam,</span> <span class='ocrx_word' id='word_1_187' title='bbox 604 2424 729 2487; x_wconf 88' lang='lat' dir='ltr'>multam</span> <span class='ocrx_word' id='word_1_188' title='bbox 742 2425 809 2486; x_wconf 87' lang='lat' dir='ltr'>auri</span> <span class='ocrx_word' id='word_1_189' title='bbox 821 2425 997 2506; x_wconf 79' lang='lat' dir='ltr'>argentique</span> <span class='ocrx_word' id='word_1_190' title='bbox 1008 2427 1125 2508; x_wconf 86' lang='lat' dir='ltr'>copiam</span> <span class='ocrx_word' id='word_1_191' title='bbox 1139 2430 1274 2495; x_wconf 89' lang='lat' dir='ltr'>obtinue-</span> 
     </span>
     <span class='ocr_line' id='line_1_23' title="bbox 78 2531 163 2584; baseline 0 -2"><span class='ocrx_word' id='word_1_192' title='bbox 78 2531 163 2584; x_wconf 84' lang='lat' dir='ltr'>runt.</span> 
     </span>
    </p>

    <p class='ocr_par' dir='ltr' id='par_1_4' title="bbox 77 2616 1273 2990">
     <span class='ocr_line' id='line_1_24' title="bbox 96 2616 1272 2701; baseline 0.003 -17"><span class='ocrx_word' id='word_1_193' title='bbox 96 2678 101 2684; x_wconf 93' lang='lat'>.</span> <span class='ocrx_word' id='word_1_194' title='bbox 118 2617 199 2680; x_wconf 88' lang='lat' dir='ltr'>v11.</span> <span class='ocrx_word' id='word_1_195' title='bbox 219 2618 373 2682; x_wconf 87' lang='lat' dir='ltr'>Vicesima</span> <span class='ocrx_word' id='word_1_196' title='bbox 392 2619 519 2699; x_wconf 88' lang='lat' dir='ltr'>septima</span> <span class='ocrx_word' id='word_1_197' title='bbox 536 2617 669 2700; x_wconf 83' lang='lat' dir='ltr'>Augusti</span> <span class='ocrx_word' id='word_1_198' title='bbox 691 2616 905 2679; x_wconf 87' lang='lat' dir='ltr'>Serenissimus</span> <span class='ocrx_word' id='word_1_199' title='bbox 928 2617 1075 2701; x_wconf 88' lang='lat' dir='ltr'>Princeps</span> <span class='ocrx_word' id='word_1_200' title='bbox 1094 2622 1272 2688; x_wconf 84' lang='lat' dir='ltr'>Franciscus</span> 
     </span>
     <span class='ocr_line' id='line_1_25' title="bbox 77 2714 1273 2797; baseline 0.003 -18"><span class='ocrx_word' id='word_1_201' title='bbox 77 2716 209 2780; x_wconf 82' lang='lat' dir='ltr'>Carolus</span> <span class='ocrx_word' id='word_1_202' title='bbox 228 2715 577 2797; x_wconf 86' lang='lat' dir='ltr'>Saxo-Lavenburgious,</span> <span class='ocrx_word' id='word_1_203' title='bbox 592 2733 662 2776; x_wconf 90' lang='lat' dir='ltr'>cum</span> <span class='ocrx_word' id='word_1_204' title='bbox 680 2714 785 2776; x_wconf 87' lang='lat' dir='ltr'>relicta</span> <span class='ocrx_word' id='word_1_205' title='bbox 798 2714 958 2777; x_wconf 88' lang='lat' dir='ltr'>Bethlemo</span> <span class='ocrx_word' id='word_1_206' title='bbox 973 2716 1093 2780; x_wconf 86' lang='lat' dir='ltr'>Gabore</span> <span class='ocrx_word' id='word_1_207' title='bbox 1106 2719 1198 2781; x_wconf 87' lang='lat' dir='ltr'>vidua</span> <span class='ocrx_word' id='word_1_208' title='bbox 1210 2741 1273 2784; x_wconf 92' lang='lat' dir='ltr'>ma·</span> 
     </span>
     <span class='ocr_line' id='line_1_26' title="bbox 78 2811 1273 2895; baseline 0.004 -19"><span class='ocrx_word' id='word_1_209' title='bbox 78 2813 264 2876; x_wconf 87' lang='lat' dir='ltr'>trimonialia</span> <span class='ocrx_word' id='word_1_210' title='bbox 277 2823 365 2895; x_wconf 87' lang='lat' dir='ltr'>pacta</span> <span class='ocrx_word' id='word_1_211' title='bbox 378 2812 456 2888; x_wconf 89' lang='lat' dir='ltr'>iniit,</span> <span class='ocrx_word' id='word_1_212' title='bbox 471 2833 506 2874; x_wconf 91' lang='lat' dir='ltr'>ac</span> <span class='ocrx_word' id='word_1_213' title='bbox 521 2811 718 2894; x_wconf 88' lang='lat' dir='ltr'>Oedenburgi</span> <span class='ocrx_word' id='word_1_214' title='bbox 738 2820 831 2874; x_wconf 88' lang='lat' dir='ltr'>nocta</span> <span class='ocrx_word' id='word_1_215' title='bbox 845 2812 901 2872; x_wconf 92' lang='lat' dir='ltr'>sub</span> <span class='ocrx_word' id='word_1_216' title='bbox 917 2812 1020 2874; x_wconf 90' lang='lat' dir='ltr'>boram</span> <span class='ocrx_word' id='word_1_217' title='bbox 1038 2815 1227 2879; x_wconf 87' lang='lat' dir='ltr'>undecimam</span> <span class='ocrx_word' id='word_1_218' title='bbox 1241 2820 1273 2881; x_wconf 91' lang='lat' dir='ltr'>in</span> 
     </span>
     <span class='ocr_line' id='line_1_27' title="bbox 81 2908 664 2990; baseline -0.01 -18"><span class='ocrx_word' id='word_1_219' title='bbox 81 2911 199 2972; x_wconf 83' lang='lat' dir='ltr'>aedibus</span> <span class='ocrx_word' id='word_1_220' title='bbox 212 2909 427 2973; x_wconf 82' lang='lat' dir='ltr'>Consularibus</span> <span class='ocrx_word' id='word_1_221' title='bbox 440 2908 597 2990; x_wconf 89' lang='lat' dir='ltr'>copulatus</span> <span class='ocrx_word' id='word_1_222' title='bbox 610 2915 664 2970; x_wconf 88' lang='lat' dir='ltr'>est.</span> 
     </span>
    </p>

    <p class='ocr_par' dir='ltr' id='par_1_5' title="bbox 7 3001 1276 3778">
     <span class='ocr_line' id='line_1_28' title="bbox 121 3001 1275 3087; baseline 0.003 -19"><span class='ocrx_word' id='word_1_223' title='bbox 121 3006 220 3068; x_wconf 87' lang='lat' dir='ltr'><strong>VIII.</strong></span> <span class='ocrx_word' id='word_1_224' title='bbox 243 3004 307 3067; x_wconf 87' lang='lat' dir='ltr'>Sub</span> <span class='ocrx_word' id='word_1_225' title='bbox 320 3005 489 3067; x_wconf 87' lang='lat' dir='ltr'>Exordium</span> <span class='ocrx_word' id='word_1_226' title='bbox 503 3002 685 3087; x_wconf 86' lang='lat' dir='ltr'>Septembris</span> <span class='ocrx_word' id='word_1_227' title='bbox 700 3001 834 3085; x_wconf 85' lang='lat' dir='ltr'>Georgio</span> <span class='ocrx_word' id='word_1_228' title='bbox 847 3004 1114 3068; x_wconf 88' lang='lat' dir='ltr'>Brunsuicensium</span> <span class='ocrx_word' id='word_1_229' title='bbox 1131 3015 1162 3069; x_wconf 86' lang='lat' dir='ltr'>et</span> <span class='ocrx_word' id='word_1_230' title='bbox 1176 3007 1275 3072; x_wconf 90' lang='lat' dir='ltr'>Lune-</span> 
     </span>
     <span class='ocr_line' id='line_1_29' title="bbox 79 3100 1275 3188; baseline 0.004 -23"><span class='ocrx_word' id='word_1_231' title='bbox 79 3102 277 3186; x_wconf 80' lang='lat' dir='ltr'>burgsnsium</span> <span class='ocrx_word' id='word_1_232' title='bbox 288 3102 375 3164; x_wconf 89' lang='lat' dir='ltr'>·Duci</span> <span class='ocrx_word' id='word_1_233' title='bbox 387 3101 506 3164; x_wconf 90' lang='lat' dir='ltr'>Serium</span> <span class='ocrx_word' id='word_1_234' title='bbox 518 3101 651 3182; x_wconf 87' lang='lat' dir='ltr'>diploma</span> <span class='ocrx_word' id='word_1_235' title='bbox 661 3118 843 3161; x_wconf 86' lang='lat' dir='ltr'>concernens</span> <span class='ocrx_word' id='word_1_236' title='bbox 852 3100 1067 3164; x_wconf 80' lang='lat' dir='ltr'>restitutIonem</span> <span class='ocrx_word' id='word_1_237' title='bbox 1076 3103 1275 3188; x_wconf 87' lang='lat' dir='ltr'>Episcopatus</span> 
     </span>
     <span class='ocr_line' id='line_1_30' title="bbox 81 3194 1274 3285; baseline 0.001 -23"><span class='ocrx_word' id='word_1_238' title='bbox 81 3199 286 3262; x_wconf 90' lang='lat' dir='ltr'>Hildesiensis</span> <span class='ocrx_word' id='word_1_239' title='bbox 302 3219 356 3281; x_wconf 92' lang='lat' dir='ltr'>per</span> <span class='ocrx_word' id='word_1_240' title='bbox 371 3199 538 3262; x_wconf 88' lang='lat' dir='ltr'>Dominum</span> <span class='ocrx_word' id='word_1_241' title='bbox 552 3195 711 3272; x_wconf 73' lang='lat' dir='ltr'>Notarium</span> <span class='ocrx_word' id='word_1_242' title='bbox 726 3194 827 3258; x_wconf 85' lang='lat' dir='ltr'>Gaffel</span> <span class='ocrx_word' id='word_1_243' title='bbox 843 3196 1031 3275; x_wconf 86' lang='lat' dir='ltr'>insinuatur;</span> <span class='ocrx_word' id='word_1_244' title='bbox 1051 3219 1112 3279; x_wconf 91' lang='lat' dir='ltr'>quo</span> <span class='ocrx_word' id='word_1_245' title='bbox 1126 3200 1274 3285; x_wconf 86' lang='lat' dir='ltr'>Princeps</span> 
     </span>
     <span class='ocr_line' id='line_1_31' title="bbox 80 3293 1275 3382; baseline 0.003 -25"><span class='ocrx_word' id='word_1_246' title='bbox 80 3296 246 3379; x_wconf 86' lang='lat' dir='ltr'>plurimum</span> <span class='ocrx_word' id='word_1_247' title='bbox 260 3295 390 3358; x_wconf 87' lang='lat' dir='ltr'>offensas</span> <span class='ocrx_word' id='word_1_248' title='bbox 402 3305 457 3371; x_wconf 89' lang='lat' dir='ltr'>est,</span> <span class='ocrx_word' id='word_1_249' title='bbox 471 3297 598 3376; x_wconf 88' lang='lat' dir='ltr'>ideoque</span> <span class='ocrx_word' id='word_1_250' title='bbox 611 3296 686 3357; x_wconf 90' lang='lat' dir='ltr'>duas</span> <span class='ocrx_word' id='word_1_251' title='bbox 704 3293 804 3356; x_wconf 82' lang='lat' dir='ltr'>adhuc</span> <span class='ocrx_word' id='word_1_252' title='bbox 823 3293 980 3376; x_wconf 78' lang='lat' dir='ltr'>legiones,</span> <span class='ocrx_word' id='word_1_253' title='bbox 994 3295 1033 3356; x_wconf 90' lang='lat' dir='ltr'>ad</span> <span class='ocrx_word' id='word_1_254' title='bbox 1042 3295 1109 3377; x_wconf 90' lang='lat' dir='ltr'>jam</span> <span class='ocrx_word' id='word_1_255' title='bbox 1123 3300 1275 3382; x_wconf 87' lang='lat' dir='ltr'>conserip-</span> 
     </span>
     <span class='ocr_line' id='line_1_32' title="bbox 80 3388 1274 3476; baseline 0.003 -20"><span class='ocrx_word' id='word_1_256' title='bbox 80 3406 128 3456; x_wconf 89' lang='lat' dir='ltr'>tas</span> <span class='ocrx_word' id='word_1_257' title='bbox 142 3393 228 3468; x_wconf 79' lang='lat' dir='ltr'>aliis,</span> <span class='ocrx_word' id='word_1_258' title='bbox 242 3394 344 3476; x_wconf 84' lang='lat' dir='ltr'>colligi</span> <span class='ocrx_word' id='word_1_259' title='bbox 352 3394 453 3475; x_wconf 88' lang='lat' dir='ltr'>jussit,</span> <span class='ocrx_word' id='word_1_260' title='bbox 471 3392 634 3474; x_wconf 84' lang='lat' dir='ltr'>Castraque</span> <span class='ocrx_word' id='word_1_261' title='bbox 647 3394 687 3470; x_wconf 84' lang='lat' dir='ltr'>ad</span> <span class='ocrx_word' id='word_1_262' title='bbox 703 3388 926 3454; x_wconf 88' lang='lat' dir='ltr'>Northeimium</span> <span class='ocrx_word' id='word_1_263' title='bbox 938 3392 1045 3453; x_wconf 85' lang='lat' dir='ltr'>metari</span> <span class='ocrx_word' id='word_1_264' title='bbox 1057 3393 1161 3456; x_wconf 82' lang='lat' dir='ltr'>voluit.</span> <span class='ocrx_word' id='word_1_265' title='bbox 1203 3395 1274 3468; x_wconf 85' lang='lat' dir='ltr'>Quo</span> 
     </span>
     <span class='ocr_line' id='line_1_33' title="bbox 80 3487 1275 3568; baseline 0.002 -16"><span class='ocrx_word' id='word_1_266' title='bbox 80 3490 197 3552; x_wconf 88' lang='lat' dir='ltr'>nuncio</span> <span class='ocrx_word' id='word_1_267' title='bbox 209 3490 296 3552; x_wconf 79' lang='lat' dir='ltr'>loetm</span> <span class='ocrx_word' id='word_1_268' title='bbox 309 3489 468 3553; x_wconf 82' lang='lat' dir='ltr'>Generalis</span> <span class='ocrx_word' id='word_1_269' title='bbox 482 3489 647 3552; x_wconf 83' lang='lat' dir='ltr'>Succorum</span> <span class='ocrx_word' id='word_1_270' title='bbox 661 3487 825 3551; x_wconf 88' lang='lat' dir='ltr'>Bannirius</span> <span class='ocrx_word' id='word_1_271' title='bbox 837 3505 928 3566; x_wconf 89' lang='lat' dir='ltr'>quam</span> <span class='ocrx_word' id='word_1_272' title='bbox 941 3487 1072 3568; x_wconf 90' lang='lat' dir='ltr'>primum</span> <span class='ocrx_word' id='word_1_273' title='bbox 1084 3491 1205 3553; x_wconf 89' lang='lat' dir='ltr'>subdito</span> <span class='ocrx_word' id='word_1_274' title='bbox 1217 3494 1275 3554; x_wconf 89' lang='lat' dir='ltr'>sibi</span> 
     </span>
     <span class='ocr_line' id='line_1_34' title="bbox 83 3583 1276 3669; baseline 0.003 -22"><span class='ocrx_word' id='word_1_275' title='bbox 83 3586 232 3648; x_wconf 86' lang='lat' dir='ltr'>Generali</span> <span class='ocrx_word' id='word_1_276' title='bbox 248 3586 462 3648; x_wconf 84' lang='lat' dir='ltr'>locumtenenti</span> <span class='ocrx_word' id='word_1_277' title='bbox 476 3585 711 3669; x_wconf 87' lang='lat' dir='ltr'>Koningsmario</span> <span class='ocrx_word' id='word_1_278' title='bbox 727 3583 870 3666; x_wconf 82' lang='lat' dir='ltr'>praecepit</span> <span class='ocrx_word' id='word_1_279' title='bbox 886 3593 920 3644; x_wconf 87' lang='lat' dir='ltr'>ut</span> <span class='ocrx_word' id='word_1_280' title='bbox 933 3584 1150 3648; x_wconf 86' lang='lat' dir='ltr'>Brnnsnieensi</span> <span class='ocrx_word' id='word_1_281' title='bbox 1165 3609 1201 3650; x_wconf 87' lang='lat' dir='ltr'>ae</span> <span class='ocrx_word' id='word_1_282' title='bbox 1216 3588 1276 3651; x_wconf 88' lang='lat' dir='ltr'>Lu·</span> 
     </span>
     <span class='ocr_line' id='line_1_35' title="bbox 7 3666 1253 3778; baseline 0.001 -35"><span class='ocrx_word' id='word_1_283' title='bbox 7 3666 11 3697; x_wconf 66' lang='lat'><em>*</em></span> <span class='ocrx_word' id='word_1_284' title='bbox 82 3683 248 3765; x_wconf 87' lang='lat' dir='ltr'>neburgieo</span> <span class='ocrx_word' id='word_1_285' title='bbox 261 3683 399 3744; x_wconf 90' lang='lat' dir='ltr'>omnibus</span> <span class='ocrx_word' id='word_1_286' title='bbox 411 3681 526 3744; x_wconf 87' lang='lat' dir='ltr'>viribus</span> <span class='ocrx_word' id='word_1_287' title='bbox 539 3683 739 3778; x_wconf 79' lang='lat' dir='ltr'>suppetiatum</span> <span class='ocrx_word' id='word_1_288' title='bbox 754 3681 821 3757; x_wconf 90' lang='lat' dir='ltr'>iret,</span> <span class='ocrx_word' id='word_1_289' title='bbox 836 3681 861 3742; x_wconf 92' lang='lat' dir='ltr'>si</span> <span class='ocrx_word' id='word_1_290' title='bbox 874 3702 934 3762; x_wconf 88' lang='lat' dir='ltr'>qua</span> <span class='ocrx_word' id='word_1_291' title='bbox 946 3681 984 3742; x_wconf 92' lang='lat' dir='ltr'>ab</span> <span class='ocrx_word' id='word_1_292' title='bbox 997 3701 1032 3744; x_wconf 89' lang='lat' dir='ltr'>eo</span> <span class='ocrx_word' id='word_1_293' title='bbox 1045 3682 1253 3764; x_wconf 86' lang='lat' dir='ltr'>postularetur.</span> 
     </span>
    </p>
   </div>
   <div class='ocr_carea' id='block_1_3' title="bbox 0 0 1633 4700">
    <p class='ocr_par' dir='ltr' id='par_1_6' title="bbox 0 0 1633 4700">
     <span class='ocr_line' id='line_1_36' title="bbox 0 0 1633 4700; baseline 0 0"><span class='ocrx_word' id='word_1_294' title='bbox 0 0 1633 4700; x_wconf 95' lang='lat' dir='ltr'> </span> 
     </span>
    </p>
   </div>
  </div>
 </body>
</html>
