3225 4700
512 363 663 431 DEDI
667 365 729 432 CA
741 360 847 433 ΤΙΟ.Ι
1222 372 1277 436 xix

85 513 162 574 domi
175 513 343 589 defensira,
358 514 430 575 foris
444 513 598 576 offensira.
627 515 738 578 Verbo.
780 517 898 578 Volunt
914 518 971 599 ipsi
987 538 1019 580 se
1036 521 1138 581 sistere
1154 520 1276 601 amplis-

83 610 154 670 simo
167 612 345 692 conspectui
357 623 417 686 tuo,
429 623 463 673 ut
473 613 574 675 videas
584 624 666 674 tuam
681 624 801 695 gentem
810 613 874 674 'tam
884 635 947 675 esse
957 616 1098 697 amplam,
1108 626 1142 678 ut
1152 638 1183 678 se
1197 618 1277 678 intra

83 707 182 786 patrias
197 708 345 769 terminos
361 710 515 772 continere
531 710 611 772 haud
629 721 729 791 queat,
744 713 797 772 sed
818 711 1003 793 augustiores
1016 713 1047 772 iu
1065 713 1170 774 alienis
1189 714 1277 775 terris

83 823 138 864 noo
157 805 222 866 sine
242 805 405 867 immortali
418 807 541 869 familiae
558 806 655 890 gloria
673 818 704 869 et
721 828 856 889 quaerere
874 809 1021 884 debuisse,
1036 819 1066 872 et
1079 811 1213 871 obtinere
1225 830 1276 891 po·

84 900 169 962 tuisse
182 900 397 964 habitationes.

121 997 214 1058 Dabit
224 1019 346 1078 quoque
359 999 554 1061 Itinerarium
567 1000 624 1062 hoc
639 1011 771 1061 nostrum
786 1000 880 1061 soboli
894 1011 965 1080 ture,
980 1004 1005 1064 si
1015 1021 1104 1082 quam
1118 1001 1172 1062 tibi
1182 1000 1276 1062 homi·

83 1115 150 1155 num
161 1104 256 1168 sator,
272 1096 374 1171 Duos,
395 1097 551 1172 concessit,
565 1107 617 1158 aut
635 1097 723 1178 porrb
740 1108 1002 1174 concessumst,
1017 1097 1152 1158 stimulos
1166 1118 1274 1159 nomen

83 1211 175 1266 suum,
190 1192 231 1253 ad
247 1193 448 1255 imitationem
462 1196 610 1276 majorum
624 1215 756 1270 suorum,
771 1194 989 1276 amplificandi,
1005 1205 1036 1257 et
1049 1214 1143 1276 genus
1157 1195 1194 1255 ad
1206 1195 1275 1254 ulti·

84 1308 142 1350 mas
156 1292 255 1370 usque
273 1301 367 1350 terras
380 1291 537 1368 dilatandi,
556 1293 628 1352 dum
645 1293 790 1354 videbunt
809 1313 890 1367 avos,
909 1311 1095 1374 proavosque
1115 1311 1193 1364 suos,
1214 1291 1276 1352 solo

86 1387 167 1446 uiros
181 1387 268 1462 Duo,
281 1387 384 1448 relicti
394 1389 490 1470 patriai
499 1399 686 1450 externorum
696 1391 877 1472 principum,
889 1409 1005 1472 regum,
1016 1408 1051 1449 ac
1064 1388 1277 1468 imperatorum

85 1481 140 1543 lide
156 1495 184 1545 et
201 1485 374 1546 coustantii
387 1485 441 1546 sud
459 1486 619 1547 obtinuisse
634 1486 759 1561 favores,
775 1487 936 1567 titulosque
951 1485 1112 1568 perillustri
1129 1486 1275 1566 prosapie

83 1599 140 1639 sua
153 1601 305 1660 nusquam
319 1582 485 1661 pudendos.

117 1676 237 1738 Vellem
251 1677 311 1738 hoc
328 1679 405 1753 loco,
420 1679 478 1739 uisi
495 1678 631 1740 laconica
645 1680 687 1740 uti
705 1699 845 1760 cuperem
864 1680 1019 1756 brevitate,
1034 1699 1091 1740 uec
1108 1679 1162 1739 tibi
1181 1678 1274 1740 ullam

83 1774 205 1857 legendo
226 1795 370 1837 nauseam
395 1796 505 1851 creare,
527 1775 677 1856 syllabum
698 1785 851 1855 pertexere
872 1795 986 1850 eorum,
1007 1777 1059 1854 qui
1080 1775 1106 1834 si
1126 1775 1158 1834 in
1179 1775 1276 1855 patria

85 1871 242 1948 lrasisseut,
258 1873 420 1934 obscurum
430 1880 460 1932 et
468 1871 601 1955 ignobile
611 1872 777 1954 cxeffi'ssent
787 1892 898 1946 aevum,
909 1873 983 1932 dum
993 1870 1063 1932 verb
1075 1871 1105 1930 in
1117 1891 1167 1931 eas
1179 1881 1276 1951 partes

85 1968 131 2028 ubi
152 1969 273 2030 animos
293 1989 361 2030 suos
380 1989 511 2044 exerere,
531 1968 670 2048 viresque
689 1987 725 2028 ao
741 1967 950 2028 fortitudinem
973 1976 1122 2027 ostentare
1136 1977 1276 2046 poterant

87 2067 190 2146 egressi
202 2076 288 2137 suut,
303 2066 358 2127 toti
373 2067 484 2127 mundo
502 2061 715 2126 inclaruerunt.
757 2064 802 2124 'l'u
818 2065 919 2125 animo
931 2065 994 2144 ipse
1008 2084 1147 2144 percurre
1160 2063 1276 2140 (liberm

87 2162 160 2222 enim
173 2173 245 2223 sunt
264 2163 471 2244 cogitationes)
486 2183 544 2222 non
562 2161 678 2222 tantum
695 2161 823 2243 grandia
841 2171 900 2222 tuae
914 2160 1036 2221 familiae
1048 2161 1166 2232 decora,
1179 2161 1231 2220 sed
1246 2170 1276 2221 et

87 2258 140 2319 aliu
152 2258 223 2320 belli
238 2258 418 2321 Germanioi
436 2259 573 2332 fulmina,
588 2259 641 2338 qui
657 2259 728 2318 sane
743 2258 773 2316 in
793 2257 876 2318 omni
890 2276 944 2317 suo
958 2257 1115 2338 splendore
1129 2256 1276 2338 ignobiles

87 2357 215 2433 luissent,
230 2358 291 2419 uisi
304 2357 335 2417 in
351 2357 518 2437 Imperium
532 2356 704 2418 Romanum
717 2355 899 2417 extendendi
911 2355 1041 2415 nominis
1050 2354 1139 2416 causti
1149 2356 1275 2435 profecti

88 2470 186 2516 essem.

123 2550 260 2627 Videbis,
277 2550 461 2613 Perillustris
475 2548 593 2623 Comes,
604 2548 731 2619 videbis,
744 2548 879 2627 iuquam,
891 2557 926 2608 tu
939 2548 1002 2629 ipse
1016 2547 1097 2607 diem
1108 2546 1204 2621 illum,
1216 2568 1277 2627 quo

89 2668 116 2708 se
129 2650 263 2730 patriotae
275 2650 329 2723 tui,
344 2649 397 2711 sed
407 2658 436 2710 et
446 2646 579 2709 amicitia
589 2646 650 2705 imo
659 2643 804 2727 sanguine
814 2644 927 2725 juncti,
937 2645 1042 2725 patriae
1056 2645 1277 2725 praesentabunt

90 2748 166 2825 aque
183 2746 283 2827 glorid
300 2766 392 2827 quam
410 2734 516 2825 opibus
534 2742 720 2825 conspicuos,
737 2750 766 2801 et
786 2742 987 2802 conterraneis
1001 2751 1141 2802 testatum
1154 2741 1274 2815 facient,

90 2843 157 2921 quid
175 2844 201 2905 ei
220 2856 364 2925 praestare
381 2842 554 2915 voluissent,
572 2840 625 2920 qui
644 2860 698 2920 pro
718 2837 827 2898 exteris
846 2838 1030 2919 principibus
1050 2838 1227 2919 sauguinem
1247 2850 1277 2898 et

89 2940 174 2999 vitam
188 2940 389 3021 exposuerint,
404 2958 555 3021 quamque
568 2936 664 3017 parati
678 2935 841 2996 etiamnum
853 2935 913 2996 sint
926 2955 981 3016 pro
994 2932 1211 3013 tranquillitate
1225 2955 1275 3014 pa·

91 3036 150 3096 tria
162 3038 201 3097 ad
215 3048 379 3099 extremam
402 3055 494 3115 usque
512 3033 667 3115 sanguinis
686 3042 802 3115 guttam
817 3031 1003 3114 belligerare,
1019 3030 1072 3111 qui
1089 3050 1143 3111 pro
1156 3031 1276 3092 natione

90 3132 188 3212 ignota
206 3135 405 3216 pacificanda,
425 3144 485 3195 tam
506 3130 617 3191 nobilia
634 3139 801 3191 statuerunt
821 3129 889 3204 sibi,
911 3129 966 3190 toti
984 3127 1116 3200 familie,
1135 3127 1277 3207 omnique

92 3230 189 3306 patriae
202 3252 265 3293 suae
280 3230 420 3311 trophaea.

127 3324 175 3385 Ita
191 3328 284 3409 igitur
302 3338 356 3397 est,
371 3326 480 3388 Comes
500 3324 716 3400 Illustrissimc,
737 3325 762 3385 si
779 3326 850 3385 vere
867 3324 951 3403 loqui
965 3323 1114 3395 volumus,
1132 3319 1182 3381 hic
1196 3341 1277 3381 oom-

92 3424 278 3485 mentariolus
292 3446 374 3485 meus
388 3425 469 3504 pacis
483 3422 686 3505 potiusquam
703 3421 772 3482 belli
786 3434 831 3483 est
847 3421 1033 3502 prodromos,
1047 3439 1137 3499 quem
1152 3418 1207 3478 tibi
1220 3438 1277 3500 ego

92 3518 228 3581 clientum
245 3532 362 3584 tuorum
381 3531 546 3602 postremus
568 3528 630 3579 toto
649 3518 747 3579 cordis
765 3516 878 3579 affectu
892 3519 942 3591 do,
963 3516 1043 3586 dico,
1064 3534 1275 3595 consecroque.

94 3612 177 3683 Quod
196 3618 222 3677 si
239 3618 271 3677 iu
290 3638 326 3678 eo
342 3618 444 3698 parium
465 3617 615 3685 concinna
628 3615 785 3677 videantur
804 3616 914 3690 omnia,
929 3614 1008 3674 scias
1025 3632 1061 3673 ea
1073 3633 1133 3672 uon
1151 3610 1276 3672 domiin

95 3714 240 3789 musaeolo,
257 3716 311 3777 sed
328 3716 396 3778 belli
414 3716 469 3777 sub
488 3714 634 3789 tentoriis,
653 3713 703 3774 ubi
720 3734 812 3774 rauca
828 3712 898 3773 tuba
909 3710 1032 3772 solenne
1045 3729 1131 3770 suum
1145 3717 1276 3768 tararan-
