3225 4700
340 342 404 407 322
735 334 1133 409 ITINERARIUM.

339 497 452 570 uiisset,
466 495 611 576 impetum
632 515 686 557 suo
704 495 794 556 militi
812 492 980 576 imperarit,
994 491 1075 553 band
1095 489 1180 551 irrito
1197 494 1319 559 conatu,
1332 482 1409 545 dum
1429 482 1534 563 spacio

341 592 468 652 duarum
478 599 508 652 et
517 591 652 652 dimidia
660 590 800 653 horarum
812 608 871 651 non
883 597 999 649 tanturn
1011 602 1161 647 summum
1171 581 1327 663 templum,
1336 580 1418 661 quod
1428 574 1535 639 Odere

341 686 475 767 undique
488 688 630 769 cingitur,
644 688 698 750 sod
710 688 804 770 ipsam
818 687 908 748 etiam
922 684 1117 746 munitionem
1130 689 1245 742 murata
1257 696 1349 739 manu
1362 676 1506 738 obtinuit.

382 782 448 843 Hic
456 784 620 865 octingenti
633 783 721 845 facile
731 804 768 845 ex
781 780 974 864 praesidiariis
984 779 1066 851 cessi,
1074 776 1254 858 septingenti
1266 775 1345 836 iuter
1354 790 1429 854 quos
1437 771 1534 833 Com·
1603 800 1604 803 ¹

340 878 487 941 mendaus
508 878 599 941 Liber
618 882 701 943 Baro
723 881 762 942 de
782 876 910 941 Rocbm
929 886 960 939 et
979 873 1151 939 Colonellus
1170 870 1400 934 Scbdnkircheu
1420 867 1536 948 uliique

340 974 481 1036 officiales
501 975 591 1057 capti.
634 976 767 1038 Obtenta
784 976 908 1055 insuper
924 975 965 1035 26
982 976 1130 1034 tormenta
1146 970 1262 1049 majora
1278 969 1316 1030 ad
1336 966 1430 1027 octies
1446 963 1533 1025 mille

340 1070 432 1131 libras
452 1070 593 1151 pulveris,
613 1088 649 1132 ac
669 1073 768 1134 omnia
785 1080 938 1133 comestus
958 1067 1114 1132 Gsnentis
1134 1062 1354 1147 Icumrburgici
1376 1060 1533 1123 Francisei

341 1165 460 1228 Alberti
474 1168 514 1228 sd
528 1170 567 1228 30
580 1167 675 1229 millia
687 1168 803 1230 modias
815 1166 967 1239 frumenti,
981 1166 1034 1227 aed
1047 1172 1077 1225 et
1089 1162 1186 1223 victor
1198 1161 1283 1222 miles
1295 1159 1429 1221 oedibus
1441 1164 1474 1218 et
1487 1176 1534 1215 ra·

339 1261 420 1343 pinis
440 1264 572 1325 incites
587 1265 693 1337 smniit,
714 1264 767 1345 qni
785 1282 842 1325 nec
862 1264 899 1323 ab
918 1262 989 1344 ipsis
1009 1258 1128 1341 templis
1145 1276 1251 1320 manus
1269 1256 1423 1319 abstinuit.
1466 1254 1532 1315 Hie

339 1378 459 1440 quoque
470 1360 610 1441 neglectu
622 1361 755 1422 ardentis
766 1357 890 1435 fomitis,
904 1354 1087 1420 luculentum
1101 1367 1147 1418 cst
1157 1366 1256 1417 ortum
1270 1353 1455 1427 incendium,
1471 1372 1534 1433 quo

338 1454 456 1535 integra
467 1455 574 1536 platea,
590 1474 660 1517 aum
674 1457 814 1536 primaria
828 1454 931 1536 templi
944 1465 1025 1516 turre
1039 1452 1247 1534 conflagravit.

381 1551 551 1631 Occupavit
561 1551 708 1613 Glocovia
719 1550 808 1614 facile
821 1552 878 1613 fuit
891 1545 1070 1633 ignobiliora
1081 1550 1194 1611 droam
1208 1548 1276 1609 loca
1287 1548 1366 1610 seria
1377 1566 1532 1609 armorum

340 1647 542 1708 admonitione
552 1666 660 1731 cogere
673 1651 711 1711 ad
724 1649 934 1711 obedientiam.
977 1646 1111 1726 Ideoque
1118 1655 1180 1707 tam
1194 1646 1332 1707 secundis
1345 1644 1533 1705 succesibus

339 1744 438 1806 uictor
453 1744 540 1806 miles
557 1745 727 1815 animosior,
742 1745 845 1807 volens
860 1742 1125 1824 Dracbenbergam
1139 1742 1286 1803 deductus
1299 1749 1360 1801 cst:
1382 1740 1421 1801 ad
1436 1758 1531 1819 qnam
1603 1786 1604 1803 2

340 1840 556 1902 diuturniorem
571 1841 703 1903 suturam
717 1842 915 1915 obsidionem,
931 1858 1019 1900 nemo
1033 1838 1193 1919 quisquam
1206 1836 1360 1898 dubitabat
1372 1836 1427 1897 sed
1444 1854 1532 1897 secus

339 1955 388 1997 res
407 1936 533 1997 cecidit:
554 1938 643 1999 cessit
662 1939 743 1999 enim
763 1922 1011 2011 Dorstensohnio,
1032 1935 1112 1996 intra
1130 1934 1266 2003 biduum,
1287 1942 1450 2013 antequam
1470 1942 1531 1993 tor·

340 2042 442 2092 menta
453 2018 507 2093 aut
518 2032 581 2093 ulla
593 2033 707 2094 alianis
719 2034 937 2096 admoueretur.
983 2026 1121 2114 Ligniaio
1132 2030 1240 2091 debinc
1248 2030 1398 2111 preterito
1408 2028 1530 2091 &bure-
1544 2076 1546 2081 ,

338 2127 476 2189 initnium
494 2138 683 2209 properatum
700 2138 761 2190 est:
786 2149 846 2209 quo
864 2132 969 2193 eodem
986 2128 1076 2213 paulb
1096 2136 1164 2188 ente
1182 2126 1348 2209 periculum
1366 2126 1531 2186 obsidionis

339 2226 426 2285 caute
443 2223 613 2305 praevidens
626 2225 783 2287 Generalis
797 2226 1041 2309 Lavenburgieus
1055 2242 1123 2286 oum
1138 2226 1217 2286 7000
1231 2224 1268 2285 de
1282 2222 1412 2285 exercitu
1428 2220 1531 2285 cesa-

339 2340 391 2382 reo
410 2329 580 2383 excurrerat
599 2332 630 2384 et
648 2321 821 2403 presidium
842 2322 909 2386 istic
929 2320 1011 2405 quod
1032 2324 1091 2384 300
1111 2321 1263 2384 constabat
1281 2316 1439 2402 capitibus,
1462 2318 1530 2381 aliis

339 2417 481 2480 trecentis
494 2428 626 2479 auxerat.
668 2418 822 2491 Quodam
833 2416 1435 2502 iecit,Ooningsmarckiusquidexteram
1449 2417 1528 2478 alam

338 2514 501 2575 adversarii
520 2515 668 2576 exercitus
684 2517 823 2589 ducebat,
844 2518 1012 2599 premissus
1032 2517 1129 2578 fuerat
1148 2511 1188 2576 ad
1211 2512 1391 2595 cingendam
1410 2511 1527 2582 urbem,

340 2609 448 2671 incidit
465 2610 498 2670 in
520 2611 640 2672 Ducem
659 2611 933 2696 Invenburgioum,
948 2629 1078 2693 cumque
1096 2631 1128 2672 ss
1148 2607 1353 2682 induniorem,
1367 2627 1458 2688 quam
1479 2611 1528 2670 cui

340 2705 498 2780 resisteret,
512 2707 712 2786 comperisset,
728 2710 919 2770 serviendum
936 2709 1062 2790 tempori
1080 2715 1172 2780 ratus,
1190 2704 1356 2767 retrocessit
1372 2704 1526 2788 tantisper,

339 2802 441 2882 quoad
453 2801 584 2882 reliquus
597 2803 747 2883 equitatus
759 2821 850 2885 quem
863 2806 927 2887 ipsa
941 2803 1196 2866 Dorstensobnius
1210 2802 1349 2874 ducebat,
1362 2803 1526 2873 mederet,

337 2899 378 2960 ad
391 2899 477 2980 cujus
489 2900 664 2973 adventum,
674 2901 774 2962 denuo
786 2901 820 2962 in
833 2901 947 2963 bostem
956 2897 1252 2983 Coningsmarokius,
1260 2917 1297 2959 ao
1307 2894 1527 2960 velitationibus

338 2995 470 3075 primum
484 2995 601 3077 fatigat,
619 3005 683 3058 tum
705 2997 866 3059 accedente
888 2997 1031 3080 paulatim
1050 2995 1164 3076 reliquo
1183 2995 1317 3076 equitatu
1337 2993 1380 3056 ita
1394 2992 1526 3056 cinctum

338 3089 494 3153 concludit
519 3091 792 3174 Iaveuburgicum,
822 3105 855 3156 ut
878 3094 1000 3155 modum
1023 3092 1161 3154 elabendi
1190 3091 1308 3152 nullum
1333 3087 1523 3171 relinqueret.

340 3187 463 3248 Acriter
473 3188 671 3264 concurritur,
680 3187 728 3248 bis
740 3190 990 3272 oppugnantibus,
998 3189 1058 3250 iliis
1068 3187 1211 3270 provirili
1220 3187 1421 3249 resistentibus
1429 3189 1526 3266 quoad

340 3279 586 3366 Iasenbnrgious
602 3283 675 3347 dum
692 3283 725 3344 in
742 3285 839 3367 cupite
857 3295 973 3367 pugnat
990 3283 1253 3367 suosqueauimat,
1267 3299 1412 3344 unacum
1426 3282 1525 3346 Gene-

338 3373 395 3435 radi
406 3373 519 3456 vigiliis
534 3377 676 3456 prefecto
690 3375 831 3439 Hanorio
849 3387 880 3440 et
893 3377 1058 3440 Colonellis
1071 3375 1244 3458 Warlafsky
1258 3387 1289 3440 et
1302 3377 1413 3440 Knocb
1432 3377 1524 3459 pluri-

337 3471 463 3552 busque,
476 3471 653 3535 officialibus
665 3473 810 3554 supremis
823 3473 940 3534 duobus
952 3474 1042 3536 etiem
1056 3475 1191 3555 equitum
1209 3473 1339 3536 millibus
1352 3473 1523 3538 vulneratus

336 3567 463 3649 capitur,
478 3587 514 3629 ac
527 3568 559 3629 in
572 3568 693 3650 propria
709 3568 803 3630 rbcda
820 3567 881 3630 und
899 3588 968 3631 cum
984 3569 1146 3633 Colonellis
1164 3572 1204 3634 ad
1219 3569 1367 3634 Prsetoria
1381 3570 1523 3632 Dorsteu·

335 3665 434 3728 sobnii
447 3675 543 3729 castra
555 3667 725 3740 deducitur,
733 3667 786 3729 ubi
799 3685 859 3729 non
874 3667 968 3730 multb
983 3676 1058 3748 post,
1070 3667 1125 3730 boc
1139 3677 1184 3730 est
1196 3666 1334 3730 missii
1344 3669 1522 3737 auno-1642,
