3225 4700
317 323 385 390 404
721 319 744 384 1
750 317 808 384 T!
814 317 1034 386 NERARI
1044 317 1131 389 ΠΜ.

259 527 267 542 .
323 477 434 550 stituit,
460 483 493 536 ut
513 475 554 536 ad
575 483 702 537 mortem
723 475 773 557 pie
793 484 824 536 et
844 475 945 556 quiete
967 476 1134 538 obeundam
1156 474 1267 538 rectius
1289 493 1320 536 se
1348 471 1542 554 disponeret.

328 573 410 634 Eum
425 572 456 632 in
471 570 564 633 finem
578 571 737 633 accersivit
746 593 837 654 quem
849 573 868 633 d
878 574 1000 634 secretis
1010 573 1067 634 sibi
1081 593 1145 635 esse
1157 572 1304 647 voluerat,
1315 571 1404 650 eique
1416 569 1543 630 nltimae

206 744 210 749 ⁴
329 668 494 732 uoluntatis
507 688 571 730 sua
585 669 766 731 documenta
777 667 894 730 calamo
905 668 1083 751 excipienda
1094 679 1125 731 et
1138 667 1251 730 chartas
1261 665 1451 730 inscribenda
1464 685 1541 747 pro·

329 765 439 848 posuit.
479 764 540 827 llla
552 764 659 827 ebdom
671 765 733 846 qud
744 766 916 847 accepimus
929 765 1002 838 fide,
1016 765 1076 828 lullo
1089 766 1305 828 adscribemus.

373 862 548 924 Ludoricus
556 861 618 922 Dei
626 863 724 944 gratia
733 863 801 925 Rex
811 863 949 926 Francius
959 873 990 925 et
1001 862 1233 934 Navarrae,&c:
1254 861 1540 940 omnibusproesen-

333 959 413 1020 tibus
433 968 464 1019 et
479 959 625 1020 secuturis
644 959 769 1020 salutem
788 969 819 1022 et
838 959 1078 1041 prosperitatem.
1121 960 1169 1020 Ex
1186 979 1246 1040 quo
1264 958 1303 1019 od
1323 957 1410 1039 regni
1425 956 1540 1038 guber-

334 1053 444 1116 nacula
456 1055 571 1116 admoti
587 1075 701 1130 sumus,
717 1065 778 1117 tarn
793 1056 957 1137 propitium
977 1077 1095 1138 semper
1107 1056 1243 1118 (lirinum
1260 1055 1408 1116 sensimus
1422 1072 1539 1113 numen

336 1160 369 1212 ut
381 1173 419 1212 ex
439 1152 579 1214 omnibus
598 1152 766 1214 actionibus
779 1153 889 1215 nostris
911 1153 975 1235 ejus
995 1152 1278 1234 bonitatemaperte
1298 1151 1469 1214 elucentem
1484 1170 1541 1231 sg-

337 1248 521 1308 noverimus.

375 1344 490 1406 Verum
508 1345 591 1406 enim
612 1346 685 1408 verb
703 1345 773 1407 cbnr
796 1346 816 1408 d
836 1346 970 1429 pauxillo
990 1367 1084 1429 puero
1105 1346 1206 1408 nescio
1229 1345 1283 1428 qui
1310 1343 1432 1427 publica
1451 1344 1541 1424 pacis

336 1442 555 1524 perturbatores
572 1462 676 1504 ansam
692 1443 888 1526 arripuissent
903 1444 1073 1506 communis
1094 1443 1328 1506 interturbandus
1346 1440 1467 1523 qnietis,
1491 1461 1543 1501 eos

337 1558 406 1598 mox
425 1538 550 1599 dextera
569 1539 697 1600 Domini
715 1541 834 1616 evertit,
853 1541 1027 1624 priusquam
1045 1541 1103 1622 ipsi
1123 1540 1370 1622 tranquillitatem
1384 1539 1473 1620 regni
1495 1537 1542 1598 la·

336 1635 532 1709 balactarent,
547 1634 639 1716 idque
657 1637 790 1698 maximo
806 1647 908 1700 nostro
923 1638 1094 1709 commodo,
1108 1647 1139 1698 et
1152 1637 1294 1718 potentie
1313 1645 1424 1698 nostrae
1439 1635 1544 1696 inore-

339 1741 452 1793 mento.
494 1731 561 1793 Neo
580 1732 676 1795 multb
694 1743 763 1814 post
776 1734 900 1796 modum
920 1753 990 1795 cum
1009 1733 1219 1796 hereticorum
1239 1734 1322 1795 furor
1337 1733 1370 1792 in
1384 1732 1474 1814 regni
1488 1753 1544 1814 po-

337 1827 466 1890 tissimas
480 1839 577 1910 partes
596 1840 627 1890 et
639 1831 811 1911 provincias
828 1830 1030 1894 debacchatus
1047 1841 1135 1907 esset,
1149 1851 1185 1892 ac
1201 1831 1393 1911 Majestatcm
1408 1830 1545 1913 Ηεςίιω

337 1927 523 2007 supprimere
541 1926 753 1997 adlaborasset,
767 1947 837 1989 eum
856 1928 965 1989 nostris
984 1928 1118 1990 consiliis
1130 1928 1307 1989 dexteritate
1319 1938 1350 1990 et
1365 1928 1461 1989 armis
1475 1949 1545 1989 ma-

338 2023 404 2084 ture
415 2023 632 2104 praevertimus,
647 2034 678 2084 et
691 2024 810 2087 veritati
823 2025 935 2086 evomis
949 2025 1049 2107 impiis
1062 2025 1320 2107 superstitionibus
1333 2025 1525 2108 subegimus.

380 2119 481 2180 Simili
495 2120 586 2180 modo
600 2141 671 2181 curn
684 2121 819 2181 animum
834 2121 873 2182 ad
886 2141 969 2183 arms
982 2121 1194 2204 adjecissemus
1208 2141 1262 2202 pro
1280 2122 1401 2183 tuendis
1417 2142 1547 2205 oppres-

337 2216 422 2277 siset
439 2216 651 2278 coufoederatis
668 2217 842 2291 nostrised
861 2217 983 2280 oculum
1003 2217 1245 2279 manifestissime
1266 2219 1401 2280 divinam
1423 2223 1546 2301 experti

338 2333 442 2375 sumus
451 2312 704 2389 benedictionem,
719 2315 841 2395 quando
856 2325 899 2378 tot
913 2335 967 2377 nos
980 2315 1065 2377 auxit
1080 2315 1223 2388 victoriis,
1234 2325 1269 2378 ut
1278 2313 1409 2378 bostium
1423 2328 1546 2381 nostro-

338 2430 406 2471 rum
430 2410 633 2493 arrogantiam
661 2411 773 2473 elidere
797 2432 959 2494 possemus.
1000 2412 1056 2473 Ad
1077 2423 1244 2475 extremum
1272 2434 1343 2474 oum
1368 2414 1545 2478 Galliarum

241 2549 245 2557 -
339 2526 466 2589 regnum
481 2516 687 2588 postmortem
701 2518 835 2571 nostram
852 2508 1007 2569 videretur
1021 2508 1146 2570 viduum
1159 2509 1330 2572 baeredibus
1347 2520 1377 2573 et
1390 2532 1545 2575 successo-

339 2604 423 2665 ribus
447 2604 582 2665 futurum
607 2624 644 2665 ex
666 2605 831 2686 improuiso
857 2604 1054 2667 afflictissime
1080 2605 1251 2668 valetudine
1279 2608 1355 2669 mibi
1381 2608 1544 2685 laboranti,

340 2699 463 2783 geminb
475 2699 558 2781 prole
572 2701 704 2763 mascula
715 2722 771 2763 nos
784 2702 885 2764 boarit
898 2702 1111 2783 mansitque
1121 2704 1247 2786 vestigia
1257 2715 1358 2767 nostra
1370 2720 1545 2789 premerent

339 2808 370 2858 et
384 2807 509 2878 paterna
516 2797 589 2878 jura
600 2805 765 2859 tuerentur.

383 2893 504 2955 Interea
517 2903 547 2954 et
560 2892 667 2954 divina
683 2893 845 2955 clementia
858 2914 912 2955 nos
927 2893 957 2955 in
972 2894 1213 2976 potentissimum
1230 2896 1360 2980 Europae
1372 2900 1542 2983 principem

339 2989 481 3071 elegerat,
496 2988 611 3071 placuit
623 2998 724 3050 tamam
739 2988 839 3051 eidem
853 2989 939 3051 nobis
952 2991 1110 3052 ostendere
1123 2992 1209 3073 teque
1228 2994 1357 3078 Regiam
1371 2995 1543 3079 Majestatis

265 3160 267 3163 y
340 3085 544 3147 conditionem
572 3084 712 3146 humanis
731 3086 886 3167 subjacere
906 3085 1074 3161 eventibus,
1096 3095 1126 3148 et
1148 3091 1358 3154 communibus
1382 3092 1540 3155 bominum

341 3184 480 3257 miseriis,
499 3185 590 3265 qnam
608 3183 729 3245 infimos
745 3185 777 3245 iu
796 3184 883 3267 plebe
901 3185 1107 3247 mediastinus.
1150 3186 1285 3267 Ideoque
1300 3208 1337 3249 ne
1355 3189 1431 3270 quid
1450 3212 1540 3273 supra

341 3280 477 3342 homines
485 3300 657 3363 saperemus
666 3280 766 3357 altius,
779 3280 925 3364 permisit,
935 3292 969 3343 ut
980 3280 1119 3345 humanis
1127 3282 1278 3363 periculis,
1287 3284 1415 3359 casibus,
1423 3296 1455 3347 et
1462 3309 1541 3349 mor·

340 3378 447 3438 borum
460 3375 680 3440 calamitatibus
701 3378 829 3439 aliorum
849 3397 932 3439 more
946 3379 1118 3441 mortalium
1132 3380 1383 3443 submitteremur.
1421 3382 1542 3455 Quibus

341 3474 422 3537 docti
439 3494 543 3536 sumus
560 3475 667 3557 quanti
684 3485 785 3537 nostra
800 3485 832 3536 et
851 3475 944 3537 totius
964 3476 1050 3559 regni
1068 3476 1162 3539 nostri
1182 3496 1218 3539 ac
1239 3478 1428 3540 subditorum
1451 3480 1541 3543 inter-

341 3583 419 3632 esset
431 3584 466 3634 ut
479 3573 596 3633 mature
610 3572 642 3631 in
655 3592 775 3633 omnem
791 3572 860 3634 vitae
875 3572 1037 3654 mortisque
1051 3585 1193 3638 eventum
1207 3576 1397 3657 prosperitati
1410 3586 1441 3639 et
1452 3578 1540 3640 saluti

340 3668 474 3729 omnium
489 3669 736 3751 prospiceremus.
