3225 4700
494 304 885 375 ITINERARIUM.
1221 304 1281 369 311

90 477 245 523 nouenses
264 466 369 524 contra
384 480 459 542 quos
475 460 620 542 impetum
639 469 805 543 paraverat,
826 461 957 541 primum
976 478 1079 521 eornm
1100 456 1284 520 dissimulato

89 574 218 617 accessu
232 555 400 637 propiorem
418 554 484 617 fieri
497 556 695 638 permiserunt
712 577 773 637 quo
790 556 986 638 copiosiorem
1003 576 1040 617 ex
1054 553 1204 636 dispositio
1221 572 1284 615 me·

91 649 197 711 chinis
209 648 398 726 militaribus,
412 650 570 727 cuniculis,
585 659 615 713 et
627 651 770 714 militibus
782 650 905 713 ederent
922 658 1061 733 suagem.
1101 649 1285 713 Ceciderunt

91 745 130 805 in
143 744 198 805 illo
209 744 325 827 impetu
338 765 440 807 omues
451 766 544 828 prope
556 766 617 809 non
630 755 745 809 tantum
760 746 892 831 gregarii
907 746 1028 821 milites,
1046 745 1099 809 sed
1117 754 1148 808 et
1163 743 1284 807 nobilis·

92 840 168 901 simi
179 839 282 913 duces,
291 840 345 921 qui
353 840 452 923 prima
462 841 537 914 acie,
547 849 581 903 ut
590 842 717 905 subditis
725 842 783 905 sibi
792 842 909 925 populis
921 843 1091 924 exemplum
1101 840 1286 905 fortitudinis

92 935 266 1015 prreberent
278 935 489 1001 decertabam:
512 958 547 1000 ac
561 938 639 1000 inter
650 938 724 1004 alios
736 938 826 1002 etiam
836 938 1056 1003 laudatissimus
1068 936 1287 1018 campi-ductor

94 1031 321 1094 Illustrissimus
337 1033 431 1115 Hugo
444 1033 568 1111 O’Neil‚
584 1034 715 1099 Tironire
731 1035 889 1117 Princeps,
907 1052 1103 1117 gemmarum
1120 1034 1237 1109 domus,
1257 1042 1287 1093 et
1306 1082 1314 1087 .

94 1125 221 1191 invicto
244 1130 363 1191 virtutis
382 1130 570 1194 verissimum
589 1131 795 1209 simulacrum,
815 1132 934 1196 natione
955 1130 1130 1211 Hyberuus,
1152 1130 1205 1209 qui
1219 1130 1286 1210 jam

96 1224 217 1303 pridem
230 1223 264 1285 iu
278 1224 388 1307 Belgio
400 1235 431 1287 et
444 1226 517 1287 alibi
529 1226 562 1289 in
574 1226 713 1289 maximis
729 1237 761 1289 et
777 1225 1032 1309 periculosissimis
1049 1223 1286 1307 expeditionibus

97 1318 277 1383 fidelitatem
290 1340 374 1384 suam
387 1323 582 1404 probaverat:
603 1323 724 1385 tandem
736 1334 841 1385 contra
853 1322 1033 1387 Catalaunos
1046 1322 1179 1403 quinque
1191 1318 1287 1401 globis

98 1415 179 1476 inter
190 1415 303 1497 primos
315 1435 453 1500 pugnans
468 1418 633 1494 confossus,
652 1417 781 1501 gloriosa
797 1426 893 1479 morte
910 1438 980 1479 cum
997 1418 1114 1480 duobus
1132 1414 1287 1497 nepotibus

96 1510 161 1573 suis
174 1520 205 1573 st
213 1520 276 1575 tots
287 1532 343 1575 sue
354 1512 474 1597 legione
487 1514 645 1578 fortissime
657 1514 798 1578 occubuit
810 1513 944 1597 longiore
958 1514 1021 1576 vita
1033 1513 1237 1597 dignissimus.

243 1767 278 1884 ‚r
316 1769 462 1898 {ff
496 1777 529 1907 {a
643 1769 713 1882 {²
788 1800 901 1912 {tp
962 1779 1107 1887 *³³1²-
1168 1839 1173 1840 ’
1222 1837 1240 1884 ι

510 2124 702 2199 CAPUT
743 2124 875 2201 LXII.

272 2293 326 2362 De
344 2294 511 2364 Obsidione
527 2295 715 2365 Ciirlr'tzeuoi
728 2300 854 2388 ejusque
868 2299 1118 2390 Eupuguotione

121 2585 164 2622 e
183 2572 212 2613 ·’
249 2617 278 2642 ,
376 2587 614 2670 bellaprolicisci
628 2598 862 2654 consueverunt:
883 2588 1163 2670 quandocaesereis
1176 2591 1290 2654 stuar-

119 2725 128 2748 χ
151 2674 198 2755 ,es
256 2726 271 2751 „
294 2668 337 2758 ,ἕν’
378 2683 713 2764 onieisarmisuliquam
723 2685 1292 2768 remorsmiujeaitsubitaetiuopinata

116 2767 141 2799 '
157 2844 196 2879 A
261 2751 278 2799 '⁴⁸
304 2794 329 2825 e
378 2801 457 2842 mors
464 2778 876 2890 generalisArnhemiiquem
886 2781 1292 2863 apoplexiapostsecuudum

104 2982 175 3034 aare
195 2943 309 3039 obitum
329 2973 415 3038 sibi
406 2993 437 3036 ru
456 2971 585 3054 negotiis
602 2970 715 3034 bellicis
732 2971 890 3054 subrogari
909 2974 1041 3056 petiisset
1059 2973 1292 3036 illustrissimum

107 3068 284 3152 Principem
297 3071 492 3137 Franciscum
506 3067 667 3131 Albortum
684 3067 1050 3152 Saxo-Inrenburgicum.
1089 3070 1177 3132 Abiit
1193 3077 1292 3132 autem

105 3183 143 3226 ex
152 3164 209 3228 bec
219 3167 283 3230 rita
291 3165 488 3232 Amheimius
496 3172 603 3226 octavo
611 3173 642 3225 et
651 3164 769 3225 decimo
779 3164 905 3246 Aprilis,
915 3166 999 3228 AErae
1012 3166 1189 3230 Christianae
1202 3186 1293 3249 supra

105 3263 206 3343 sesqui
219 3265 412 3327 millesimum
424 3260 585 3324 mntesimo
595 3260 823 3343 quadragesimo
836 3261 932 3342 primo
944 3283 1033 3339 anno,
1051 3263 1137 3345 cujus
1153 3264 1293 3326 immatu-

107 3378 176 3420 rum
200 3360 318 3424 obitum
341 3358 552 3424 Serenissimus
578 3356 698 3419 Elector
721 3357 859 3419 Ssxouiae
882 3358 943 3420 und
962 3379 1032 3420 cum
1052 3359 1167 3440 reliqua
1185 3361 1294 3422 militie

8 3493 13 3521 ,ι
108 3455 212 3532 sensit,
225 3466 314 3539 etque
327 3467 362 3520 ut
373 3455 513 3518 effectam
525 3473 613 3516 soum
625 3461 794 3528 tectaretur,
809 3454 963 3516 constituit
974 3465 1008 3515 ut
1019 3454 1061 3518 25
1070 3455 1093 3517 J
1095 3455 1149 3517 ulii
1157 3453 1293 3536 (quando

108 3551 193 3614 triste
205 3553 376 3617 Amheimii
388 3553 478 3615 sunus
492 3551 611 3613 Drestoe
623 3549 664 3611 sd
676 3550 773 3611 oedem
788 3549 821 3611 S.
837 3549 945 3612 Crucis
961 3550 1165 3632 sepeliendum
1181 3550 1293 3611 elatum

107 3648 180 3723 fuit)
194 3668 263 3711 cum
277 3658 339 3712 tota
352 3669 406 3712 sna
419 3646 581 3720 nobilitate,
594 3645 790 3725 omnibusque
802 3646 897 3727 copiis
910 3645 1028 3709 funebri
1037 3654 1069 3709 et
1080 3644 1202 3709 militari
1211 3663 1294 3708 mors
