3225 4700
474 361 882 432 ITINERARIUM.
1209 361 1270 426 371

119 512 327 597 Spremberga
340 515 439 597 puella
448 517 595 578 novennis
605 516 712 598 saepius
724 517 762 577 de
772 515 821 576 die
835 514 944 576 menda
953 531 1106 576 excessum
1117 531 1213 592 passu,
1228 511 1273 572 at-

72 630 138 690 que
159 611 200 673 ad
219 631 251 674 se
274 633 400 688 reversa,
423 613 554 694 plurima
572 613 691 676 occulta
710 612 847 674 edicebat
865 619 896 674 et
915 610 1030 672 futuros
1051 619 1175 671 eventus
1195 630 1272 690 pres·

73 707 208 769 dicebat.

120 805 232 886 Lipsiae
250 815 422 888 stagnantes
443 827 537 888 aquas
558 807 589 868 in
608 806 786 888 sanguinem
813 823 973 866 conversas
999 804 1117 866 duobus
1145 804 1271 865 diversis

72 887 154 962 locis
167 911 236 963 ante
249 903 365 974 urbem,
377 925 440 966 uou
453 903 559 985 procul
571 904 590 964 d
605 903 702 964 Porta
712 901 744 964 S.
758 901 844 963 Petri
853 903 1094 964 constantissima
1104 903 1173 964 tulit
1182 903 1272 964 fama.

74 997 159 1070 Quo
171 997 294 1078 quidem
306 1019 385 1080 aqua
397 1000 463 1082 ipso
475 999 596 1062 octiduo
609 1020 679 1060 cum
692 999 827 1060 omnium
842 999 1040 1061 admiratione
1050 1000 1201 1061 erubuisse
1209 1000 1274 1060 visa

72 1107 135 1156 est.
176 1095 215 1156 In
236 1095 517 1178 Magdenburgeusi
538 1096 811 1177 Arcbiepiseupatu
830 1095 914 1158 locus
932 1104 977 1158 est
994 1095 1166 1158 nominatus
1182 1117 1273 1178 quarn

74 1192 256 1274 Iaburgum
269 1194 430 1275 appellant,
446 1195 497 1256 ubi
512 1193 654 1275 sulphure
665 1193 754 1274 pluit.

120 1288 230 1350 Mense
248 1289 347 1352 Juuio
366 1301 500 1371 repertus
519 1301 564 1352 eat
582 1301 693 1372 pastor,
712 1289 760 1350 vir
777 1289 910 1351 moribus
926 1290 1064 1370 simplex,
1078 1289 1130 1350 sed
1145 1299 1274 1351 astutam

73 1397 200 1466 gestans
221 1386 277 1447 sub
298 1397 420 1467 pectore
440 1388 573 1470 vulpem,
597 1388 650 1469 qui
672 1407 758 1448 suam
777 1407 898 1468 operam
921 1387 1275 1449 Gallo-Wiurariensibus

75 1503 136 1563 pro
151 1483 271 1544 nunciis
288 1483 458 1546 deserendis
478 1485 702 1564 referendisque
719 1483 837 1559 obtulit,
855 1503 892 1544 ac
911 1483 1009 1544 varias
1025 1483 1228 1565 expeditiones
1242 1483 1273 1544 in

75 1579 264 1660 explorando
284 1579 412 1642 feliciter
431 1581 536 1642 obivit.
579 1581 641 1643 Sed
658 1601 730 1642 cum
747 1580 880 1641 crebrior
899 1591 1022 1662 apparet
1039 1581 1070 1640 in
1089 1581 1193 1642 austris
1207 1579 1274 1641 Cae·

75 1676 183 1748 sareis,
197 1687 228 1737 et
240 1676 331 1738 certis
344 1678 530 1759 temporibus
544 1677 704 1750 evanescit,
718 1678 750 1738 in
764 1676 964 1758 suspicionem
978 1677 1063 1738 venit
1081 1676 1168 1736 malea
1182 1675 1273 1753 fidei3

76 1773 153 1834 iude
169 1773 270 1834 nescio
283 1774 314 1834 in
331 1793 391 1854 quo
404 1775 537 1836 meinana
549 1773 791 1856 comprehensus,
805 1775 918 1835 crimen
933 1773 1110 1854 proditionis
1123 1773 1274 1854 objicitur,

77 1869 202 1950 culpem
223 1879 379 1951 postquam
402 1870 518 1932 diutule
542 1879 741 1952 pernegasset,
767 1870 888 1932 tandem
915 1868 1085 1944 confitetur,
1110 1889 1146 1930 au
1168 1869 1276 1949 laqueo

80 1965 151 2026 luit.

124 2062 163 2123 Iu
174 2072 315 2142 sequente
329 2083 430 2125 merrae
443 2064 466 2127 J
468 2064 529 2126 ulio
541 2064 617 2126 dum
630 2082 677 2126 res
691 2064 867 2126 necessarie
879 2084 916 2125 ex
928 2062 1057 2124 Caesaris
1070 2061 1138 2123 auls
1154 2062 1276 2144 navigio

79 2159 229 2239 impositae
242 2159 274 2219 iu
288 2159 410 2220 alteram
426 2161 562 2222 Danubii
573 2161 669 2242 ripam
683 2160 936 2234 transmittuntur,
951 2159 991 2222 ad
1004 2158 1130 2240 triginta
1142 2177 1205 2218 sese
1222 2158 1275 2218 ho-

81 2256 179 2317 mines
199 2256 354 2317 turmatim
374 2257 405 2316 in
426 2259 566 2338 scapham
585 2259 747 2341 ingessere,
765 2258 807 2318 ita
819 2269 853 2318 ut
867 2257 935 2338 jam
954 2277 1030 2318 onus
1047 2257 1167 2337 gravius
1188 2267 1274 2330 esset,

81 2374 175 2434 quam
193 2354 275 2434 quod
294 2373 380 2433 aquae
398 2355 474 2415 ierne
491 2368 628 2436 possent:
661 2356 778 2417 monuit
797 2355 836 2416 da
855 2352 987 2435 periculo
1000 2364 1102 2426 nauta,
1118 2364 1146 2414 et
1159 2354 1278 2435 rogavit

81 2462 116 2511 ut
130 2450 308 2509 excensiene
326 2450 415 2519 faeta,
429 2452 538 2511 staver'n
555 2451 741 2531 aliqnantbm
759 2450 959 2523 sublevarent,
973 2450 1027 2511 sed
1041 2470 1101 2511 non
1118 2450 1275 2530 persuasit,

80 2546 157 2626 quin
171 2545 263 2607 etiam
275 2546 464 2628 gravioribus
472 2548 569 2609 verbis
578 2548 680 2629 jussus
691 2567 797 2609 suavem
810 2566 995 2627 promovere,
1010 2546 1043 2608 id
1053 2548 1133 2627 quod
1144 2546 1278 2627 periculo

82 2642 300 2703 obstinatorum
315 2642 396 2703 iecit

124 2738 185 2799 Vix
199 2739 331 2799 medium
346 2738 483 2801 Danubii
496 2752 646 2810 enaverat,
661 2759 730 2801 cnm
745 2740 830 2801 navis
845 2740 975 2821 pondere
988 2760 1127 2821 oppressa
1138 2740 1276 2816 subsidit,

82 2836 245 2915 omniaque
258 2856 328 2916 quas
341 2836 526 2899 vehebantur
541 2858 610 2898 cum
630 2836 812 2912 bominibus,
827 2839 905 2897 inter
917 2857 993 2918 quos
1008 2835 1136 2899 Aulicus
1150 2848 1214 2899 erat
1226 2858 1277 2899 co·

83 2954 173 3013 quas,
186 2934 273 3011 aquis
286 2933 413 3013 sepeliit.
454 2934 561 3025 Evasit
575 2936 682 2996 unicus
694 2954 767 3015 puer
779 2935 832 3015 qni
848 2934 924 2995 duos
937 2934 1088 2995 venaticos
1101 2954 1189 2995 canes
1206 2934 1278 2995 loris

83 3029 222 3110 alligatos
238 3029 379 3103 ducebat,
395 3030 446 3091 bic
465 3031 546 3092 enim
566 3052 636 3093 cum
656 3031 816 3093 fortissime
834 3042 947 3093 teneret
969 3031 1078 3103 lorum,
1097 3050 1186 3092 canes
1204 3032 1275 3093 verb

84 3124 216 3185 namndo
234 3125 418 3187 eniterentur
435 3126 466 3187 iu
487 3129 700 3202 continentem,
718 3128 751 3189 iu
772 3138 869 3189 tutum
887 3139 1054 3209 protractus
1069 3138 1123 3199 est,
1137 3140 1168 3190 et
1185 3130 1275 3189 vitam

83 3221 138 3281 illa
152 3220 218 3282 vice
230 3222 358 3283 canibus
371 3223 475 3285 debuit
488 3226 643 3307 prolatam.

124 3318 338 3380 Veriverbium
355 3334 412 3394 est,
425 3342 519 3403 parva
536 3342 615 3403 saepe
627 3322 759 3387 scintilla
776 3341 920 3403 magnum
934 3322 1077 3383 excitavit
1090 3322 1275 3385 incendium.

83 3418 252 3479 Geminum
276 3418 335 3480 buc
356 3420 468 3502 adjicio
488 3420 552 3499 ejus
571 3420 727 3480 sententiae
746 3420 972 3479 documentum.
1009 3418 1129 3499 Agebat
1149 3419 1276 3481 Viennae

83 3515 219 3577 Austrim
239 3515 336 3577 Italus
357 3516 528 3599 ingeniosas
544 3514 699 3577 machinas
712 3515 792 3597 pyrii
811 3515 941 3597 pulveris
960 3515 1068 3577 virtute
1084 3534 1201 3595 paraus.
1245 3517 1278 3577 Is

83 3611 139 3670 sub
160 3630 314 3693 vesperam
335 3614 429 3693 portis
449 3613 603 3695 egreditur
626 3625 660 3675 nt
678 3614 828 3693 specimen
851 3634 912 3674 suaa
931 3614 1003 3674 artis
1022 3614 1133 3687 ederet,
1154 3624 1185 3674 et
1204 3634 1279 3695 quos

84 3708 256 3789 propediem
270 3709 384 3772 Casani
395 3721 460 3773 erat
469 3730 649 3771 accensurus
659 3711 754 3793 ignes,
767 3710 927 3771 missilibus
938 3710 1017 3771 tubis
1028 3711 1182 3791 probaret:
1206 3712 1278 3772 dum
