<?xml version="1.0" encoding="UTF-8"?>
<!DOCTYPE html PUBLIC "-//W3C//DTD XHTML 1.0 Transitional//EN"
    "http://www.w3.org/TR/xhtml1/DTD/xhtml1-transitional.dtd">
<html xmlns="http://www.w3.org/1999/xhtml" xml:lang="en" lang="en">
 <head>
  <title>
</title>
<meta http-equiv="Content-Type" content="text/html;charset=utf-8" />
  <meta name='ocr-system' content='tesseract 3.04.00' />
  <meta name='ocr-capabilities' content='ocr_page ocr_carea ocr_par ocr_line ocrx_word'/>
</head>
<body>
  <div class='ocr_page' id='page_1' title='image "./itinerariumthom00kerngoog_0629.png"; bbox 0 0 3225 4700; ppageno 0'>
   <div class='ocr_carea' id='block_1_1' title="bbox 494 349 1289 416">
    <p class='ocr_par' dir='ltr' id='par_1_1' title="bbox 494 349 1289 416">
     <span class='ocr_line' id='line_1_1' title="bbox 494 349 1289 416; baseline 0 -2"><span class='ocrx_word' id='word_1_1' title='bbox 494 349 902 416; x_wconf 80' lang='lat' dir='ltr'><em>ITINERARIUM.</em></span> <span class='ocrx_word' id='word_1_2' title='bbox 1225 350 1289 414; x_wconf 88' lang='grc'><strong>377</strong></span> 
     </span>
    </p>
   </div>
   <div class='ocr_carea' id='block_1_2' title="bbox 10 500 1288 3707">
    <p class='ocr_par' dir='ltr' id='par_1_2' title="bbox 81 500 1288 682">
     <span class='ocr_line' id='line_1_2' title="bbox 85 500 1288 585; baseline 0 -24"><span class='ocrx_word' id='word_1_3' title='bbox 85 501 209 564; x_wconf 69' lang='lat' dir='ltr'><strong>Praeter</strong></span> <span class='ocrx_word' id='word_1_4' title='bbox 222 502 443 585; x_wconf 87' lang='lat' dir='ltr'><strong>preciosissima</strong></span> <span class='ocrx_word' id='word_1_5' title='bbox 455 522 538 563; x_wconf 88' lang='lat' dir='ltr'><strong>arma</strong></span> <span class='ocrx_word' id='word_1_6' title='bbox 549 501 683 582; x_wconf 89' lang='lat' dir='ltr'><strong>quinque</strong></span> <span class='ocrx_word' id='word_1_7' title='bbox 697 500 787 561; x_wconf 86' lang='lat' dir='ltr'><strong>etiam</strong></span> <span class='ocrx_word' id='word_1_8' title='bbox 804 500 941 562; x_wconf 88' lang='lat' dir='ltr'><strong>homines</strong></span> <span class='ocrx_word' id='word_1_9' title='bbox 960 521 995 562; x_wconf 88' lang='lat' dir='ltr'><strong>eo</strong></span> <span class='ocrx_word' id='word_1_10' title='bbox 1016 501 1157 562; x_wconf 84' lang='lat' dir='ltr'><strong>incendio</strong></span> <span class='ocrx_word' id='word_1_11' title='bbox 1174 501 1288 561; x_wconf 86' lang='lat' dir='ltr'><strong>confla-</strong></span> 
     </span>
     <span class='ocr_line' id='line_1_3' title="bbox 81 610 223 682; baseline 0.007 -21"><span class='ocrx_word' id='word_1_12' title='bbox 81 610 223 682; x_wconf 87' lang='lat' dir='ltr'><strong>grarunt.</strong></span> 
     </span>
    </p>

    <p class='ocr_par' dir='ltr' id='par_1_3' title="bbox 81 693 1286 1149">
     <span class='ocr_line' id='line_1_4' title="bbox 127 693 1285 778; baseline -0.003 -20"><span class='ocrx_word' id='word_1_13' title='bbox 127 698 266 759; x_wconf 86' lang='lat' dir='ltr'><strong>Exeunte</strong></span> <span class='ocrx_word' id='word_1_14' title='bbox 283 717 364 758; x_wconf 90' lang='lat' dir='ltr'><strong>anno</strong></span> <span class='ocrx_word' id='word_1_15' title='bbox 383 695 618 759; x_wconf 80' lang='lat' dir='ltr'><strong>M.Dc.x1.11.</strong></span> <span class='ocrx_word' id='word_1_16' title='bbox 637 716 755 778; x_wconf 79' lang='lat' dir='ltr'><strong>magnae</strong></span> <span class='ocrx_word' id='word_1_17' title='bbox 774 716 918 776; x_wconf 88' lang='lat' dir='ltr'><strong>aquarum</strong></span> <span class='ocrx_word' id='word_1_18' title='bbox 938 694 1150 756; x_wconf 89' lang='lat' dir='ltr'><strong>inundationes</strong></span> <span class='ocrx_word' id='word_1_19' title='bbox 1165 693 1285 756; x_wconf 87' lang='lat' dir='ltr'><strong>Italiam</strong></span> 
     </span>
     <span class='ocr_line' id='line_1_5' title="bbox 81 793 1286 877; baseline 0.001 -22"><span class='ocrx_word' id='word_1_20' title='bbox 81 806 308 868; x_wconf 85' lang='lat' dir='ltr'><strong>exercuerunt;</strong></span> <span class='ocrx_word' id='word_1_21' title='bbox 329 804 488 877; x_wconf 83' lang='lat' dir='ltr'><strong>postquam</strong></span> <span class='ocrx_word' id='word_1_22' title='bbox 505 797 586 857; x_wconf 90' lang='lat' dir='ltr'><strong>enim</strong></span> <span class='ocrx_word' id='word_1_23' title='bbox 605 797 773 857; x_wconf 83' lang='lat' dir='ltr'><strong>December</strong></span> <span class='ocrx_word' id='word_1_24' title='bbox 788 795 951 856; x_wconf 90' lang='lat' dir='ltr'><strong>multorum</strong></span> <span class='ocrx_word' id='word_1_25' title='bbox 972 795 1088 856; x_wconf 89' lang='lat' dir='ltr'><strong>dierum</strong></span> <span class='ocrx_word' id='word_1_26' title='bbox 1104 793 1215 875; x_wconf 90' lang='lat' dir='ltr'><strong>pluviis</strong></span> <span class='ocrx_word' id='word_1_27' title='bbox 1229 795 1286 856; x_wconf 93' lang='lat' dir='ltr'><strong>im·</strong></span> 
     </span>
     <span class='ocr_line' id='line_1_6' title="bbox 81 891 1286 972; baseline 0 -20"><span class='ocrx_word' id='word_1_28' title='bbox 81 893 262 968; x_wconf 74' lang='lat' dir='ltr'><strong>maduisset,</strong></span> <span class='ocrx_word' id='word_1_29' title='bbox 276 894 308 954; x_wconf 90' lang='lat' dir='ltr'><strong>in</strong></span> <span class='ocrx_word' id='word_1_30' title='bbox 323 904 440 954; x_wconf 87' lang='lat' dir='ltr'><strong>tantum</strong></span> <span class='ocrx_word' id='word_1_31' title='bbox 455 893 758 963; x_wconf 70' lang='lat' dir='ltr'><strong>excrevirellumina,</strong></span> <span class='ocrx_word' id='word_1_32' title='bbox 769 903 802 954; x_wconf 91' lang='lat' dir='ltr'><strong>ut</strong></span> <span class='ocrx_word' id='word_1_33' title='bbox 816 892 922 952; x_wconf 89' lang='lat' dir='ltr'><strong>Padus</strong></span> <span class='ocrx_word' id='word_1_34' title='bbox 932 891 1027 951; x_wconf 88' lang='lat' dir='ltr'><strong>nimia</strong></span> <span class='ocrx_word' id='word_1_35' title='bbox 1041 911 1186 970; x_wconf 86' lang='lat' dir='ltr'><strong>aquarum</strong></span> <span class='ocrx_word' id='word_1_36' title='bbox 1197 891 1286 972; x_wconf 87' lang='lat' dir='ltr'><strong>copia</strong></span> 
     </span>
     <span class='ocr_line' id='line_1_7' title="bbox 81 988 1284 1074; baseline -0.002 -24"><span class='ocrx_word' id='word_1_37' title='bbox 81 991 217 1052; x_wconf 89' lang='lat' dir='ltr'><strong>ubertim</strong></span> <span class='ocrx_word' id='word_1_38' title='bbox 233 1001 263 1052; x_wconf 87' lang='lat' dir='ltr'><strong>et</strong></span> <span class='ocrx_word' id='word_1_39' title='bbox 279 989 339 1051; x_wconf 79' lang='lat' dir='ltr'><strong>late</strong></span> <span class='ocrx_word' id='word_1_40' title='bbox 359 1011 391 1051; x_wconf 84' lang='lat' dir='ltr'><strong>sc</strong></span> <span class='ocrx_word' id='word_1_41' title='bbox 411 990 560 1065; x_wconf 88' lang='lat' dir='ltr'><strong>effuderit,</strong></span> <span class='ocrx_word' id='word_1_42' title='bbox 582 991 815 1074; x_wconf 84' lang='lat' dir='ltr'><strong>gravissimaque</strong></span> <span class='ocrx_word' id='word_1_43' title='bbox 836 989 949 1050; x_wconf 87' lang='lat' dir='ltr'><strong>damna</strong></span> <span class='ocrx_word' id='word_1_44' title='bbox 968 988 1071 1049; x_wconf 90' lang='lat' dir='ltr'><strong>multis</strong></span> <span class='ocrx_word' id='word_1_45' title='bbox 1091 988 1216 1049; x_wconf 82' lang='lat' dir='ltr'>urbibus</span> <span class='ocrx_word' id='word_1_46' title='bbox 1238 988 1284 1049; x_wconf 93' lang='lat' dir='ltr'><strong>in-</strong></span> 
     </span>
     <span class='ocr_line' id='line_1_8' title="bbox 82 1077 290 1149; baseline 0 0"><span class='ocrx_word' id='word_1_47' title='bbox 82 1088 202 1149; x_wconf 87' lang='lat' dir='ltr'><strong>tulerit.</strong></span> <span class='ocrx_word' id='word_1_48' title='bbox 286 1077 290 1085; x_wconf 66' lang='grc'><strong>’</strong></span> 
     </span>
    </p>

    <p class='ocr_par' dir='ltr' id='par_1_4' title="bbox 80 1181 1285 2608">
     <span class='ocr_line' id='line_1_9' title="bbox 128 1181 1285 1266; baseline -0.004 -20"><span class='ocrx_word' id='word_1_49' title='bbox 128 1185 335 1266; x_wconf 88' lang='lat' dir='ltr'><strong>Acimprimis</strong></span> <span class='ocrx_word' id='word_1_50' title='bbox 345 1187 467 1266; x_wconf 88' lang='lat' dir='ltr'><strong>quidem</strong></span> <span class='ocrx_word' id='word_1_51' title='bbox 484 1185 622 1247; x_wconf 86' lang='lat' dir='ltr'><strong>Ducatus</strong></span> <span class='ocrx_word' id='word_1_52' title='bbox 633 1184 820 1245; x_wconf 79' lang='lat' dir='ltr'><strong>Mantuanus</strong></span> <span class='ocrx_word' id='word_1_53' title='bbox 835 1181 990 1245; x_wconf 83' lang='lat' dir='ltr'><strong>indicibile</strong></span> <span class='ocrx_word' id='word_1_54' title='bbox 1005 1182 1149 1243; x_wconf 89' lang='lat' dir='ltr'><strong>damnum</strong></span> <span class='ocrx_word' id='word_1_55' title='bbox 1166 1201 1285 1262; x_wconf 85' lang='lat' dir='ltr'><strong>perpes·</strong></span> 
     </span>
     <span class='ocr_line' id='line_1_10' title="bbox 81 1281 1285 1359; baseline -0.003 -17"><span class='ocrx_word' id='word_1_56' title='bbox 81 1303 138 1343; x_wconf 85' lang='lat' dir='ltr'><strong>sus</strong></span> <span class='ocrx_word' id='word_1_57' title='bbox 152 1293 208 1354; x_wconf 91' lang='lat' dir='ltr'><strong>est,</strong></span> <span class='ocrx_word' id='word_1_58' title='bbox 220 1283 292 1343; x_wconf 93' lang='lat' dir='ltr'><strong>dum</strong></span> <span class='ocrx_word' id='word_1_59' title='bbox 308 1284 389 1343; x_wconf 88' lang='lat' dir='ltr'><strong>enim</strong></span> <span class='ocrx_word' id='word_1_60' title='bbox 400 1283 507 1345; x_wconf 89' lang='lat' dir='ltr'><strong>Padus</strong></span> <span class='ocrx_word' id='word_1_61' title='bbox 520 1283 640 1344; x_wconf 89' lang='lat' dir='ltr'><strong>nemine</strong></span> <span class='ocrx_word' id='word_1_62' title='bbox 654 1283 827 1344; x_wconf 81' lang='lat' dir='ltr'><strong>advertente</strong></span> <span class='ocrx_word' id='word_1_63' title='bbox 839 1281 938 1342; x_wconf 82' lang='lat' dir='ltr'><strong>subitb</strong></span> <span class='ocrx_word' id='word_1_64' title='bbox 950 1281 1140 1351; x_wconf 84' lang='lat' dir='ltr'><strong>excrevisset,</strong></span> <span class='ocrx_word' id='word_1_65' title='bbox 1151 1289 1180 1340; x_wconf 90' lang='lat' dir='ltr'><strong>et</strong></span> <span class='ocrx_word' id='word_1_66' title='bbox 1193 1299 1285 1359; x_wconf 87' lang='lat' dir='ltr'><strong>aqua·</strong></span> 
     </span>
     <span class='ocr_line' id='line_1_11' title="bbox 81 1375 1285 1462; baseline -0.003 -22"><span class='ocrx_word' id='word_1_67' title='bbox 81 1400 156 1440; x_wconf 86' lang='lat' dir='ltr'><strong>rum</strong></span> <span class='ocrx_word' id='word_1_68' title='bbox 168 1379 272 1441; x_wconf 81' lang='lat' dir='ltr'><strong>illuvie</strong></span> <span class='ocrx_word' id='word_1_69' title='bbox 282 1380 370 1462; x_wconf 86' lang='lat' dir='ltr'><strong>plura</strong></span> <span class='ocrx_word' id='word_1_70' title='bbox 379 1381 490 1462; x_wconf 88' lang='lat' dir='ltr'><strong>oppida</strong></span> <span class='ocrx_word' id='word_1_71' title='bbox 504 1381 581 1442; x_wconf 89' lang='lat' dir='ltr'><strong>inter</strong></span> <span class='ocrx_word' id='word_1_72' title='bbox 593 1401 661 1462; x_wconf 85' lang='lat' dir='ltr'><strong>qnae</strong></span> <span class='ocrx_word' id='word_1_73' title='bbox 675 1381 830 1462; x_wconf 84' lang='lat' dir='ltr'><strong>Gonzaga,</strong></span> <span class='ocrx_word' id='word_1_74' title='bbox 843 1378 947 1440; x_wconf 81' lang='lat' dir='ltr'><strong>Sancti</strong></span> <span class='ocrx_word' id='word_1_75' title='bbox 961 1377 1133 1450; x_wconf 86' lang='lat' dir='ltr'><strong>Benedicti,</strong></span> <span class='ocrx_word' id='word_1_76' title='bbox 1145 1385 1175 1437; x_wconf 89' lang='lat' dir='ltr'><strong>et</strong></span> <span class='ocrx_word' id='word_1_77' title='bbox 1185 1375 1285 1458; x_wconf 84' lang='lat' dir='ltr'><strong>Burgi</strong></span> 
     </span>
     <span class='ocr_line' id='line_1_12' title="bbox 81 1475 1284 1559; baseline -0.002 -23"><span class='ocrx_word' id='word_1_78' title='bbox 81 1476 172 1537; x_wconf 86' lang='lat' dir='ltr'><strong>fortis</strong></span> <span class='ocrx_word' id='word_1_79' title='bbox 182 1476 346 1548; x_wconf 86' lang='lat' dir='ltr'><strong>invasisset,</strong></span> <span class='ocrx_word' id='word_1_80' title='bbox 356 1479 443 1559; x_wconf 91' lang='lat' dir='ltr'><strong>plura</strong></span> <span class='ocrx_word' id='word_1_81' title='bbox 455 1478 611 1538; x_wconf 91' lang='lat' dir='ltr'><strong>bominum</strong></span> <span class='ocrx_word' id='word_1_82' title='bbox 626 1475 724 1537; x_wconf 89' lang='lat' dir='ltr'><strong>millia</strong></span> <span class='ocrx_word' id='word_1_83' title='bbox 738 1477 844 1557; x_wconf 90' lang='lat' dir='ltr'><strong>partim</strong></span> <span class='ocrx_word' id='word_1_84' title='bbox 858 1475 944 1558; x_wconf 85' lang='lat' dir='ltr'><strong>aquis</strong></span> <span class='ocrx_word' id='word_1_85' title='bbox 958 1476 1112 1536; x_wconf 89' lang='lat' dir='ltr'><strong>submersa</strong></span> <span class='ocrx_word' id='word_1_86' title='bbox 1123 1484 1203 1549; x_wconf 89' lang='lat' dir='ltr'><strong>suut,</strong></span> <span class='ocrx_word' id='word_1_87' title='bbox 1216 1494 1284 1556; x_wconf 87' lang='lat' dir='ltr'><strong>par-</strong></span> 
     </span>
     <span class='ocr_line' id='line_1_13' title="bbox 82 1573 1285 1658; baseline 0.001 -26"><span class='ocrx_word' id='word_1_88' title='bbox 82 1573 141 1632; x_wconf 90' lang='lat' dir='ltr'><strong>tim</strong></span> <span class='ocrx_word' id='word_1_89' title='bbox 157 1573 235 1635; x_wconf 87' lang='lat' dir='ltr'><strong>fame</strong></span> <span class='ocrx_word' id='word_1_90' title='bbox 246 1585 360 1636; x_wconf 87' lang='lat' dir='ltr'><strong>enecta.</strong></span> <span class='ocrx_word' id='word_1_91' title='bbox 403 1575 445 1635; x_wconf 89' lang='lat' dir='ltr'><strong>Et</strong></span> <span class='ocrx_word' id='word_1_92' title='bbox 455 1575 485 1636; x_wconf 92' lang='lat' dir='ltr'><strong>iu</strong></span> <span class='ocrx_word' id='word_1_93' title='bbox 499 1576 606 1658; x_wconf 86' lang='lat' dir='ltr'><strong>Burgo</strong></span> <span class='ocrx_word' id='word_1_94' title='bbox 616 1575 686 1635; x_wconf 89' lang='lat' dir='ltr'><strong>forti</strong></span> <span class='ocrx_word' id='word_1_95' title='bbox 697 1585 853 1656; x_wconf 83' lang='lat' dir='ltr'><strong>postquam</strong></span> <span class='ocrx_word' id='word_1_96' title='bbox 868 1593 954 1653; x_wconf 83' lang='lat' dir='ltr'><strong>aquae</strong></span> <span class='ocrx_word' id='word_1_97' title='bbox 967 1573 1157 1646; x_wconf 85' lang='lat' dir='ltr'><strong>remisissent,</strong></span> <span class='ocrx_word' id='word_1_98' title='bbox 1168 1583 1285 1653; x_wconf 86' lang='lat' dir='ltr'><strong>reperta</strong></span> 
     </span>
     <span class='ocr_line' id='line_1_14' title="bbox 82 1669 1284 1754; baseline 0.002 -26"><span class='ocrx_word' id='word_1_99' title='bbox 82 1679 160 1730; x_wconf 89' lang='lat' dir='ltr'><strong>sunt</strong></span> <span class='ocrx_word' id='word_1_100' title='bbox 173 1670 255 1732; x_wconf 87' lang='lat' dir='ltr'><strong>mille</strong></span> <span class='ocrx_word' id='word_1_101' title='bbox 269 1672 400 1733; x_wconf 82' lang='lat' dir='ltr'><strong>ducenta</strong></span> <span class='ocrx_word' id='word_1_102' title='bbox 414 1693 509 1753; x_wconf 88' lang='lat' dir='ltr'><strong>eoque</strong></span> <span class='ocrx_word' id='word_1_103' title='bbox 524 1672 653 1754; x_wconf 88' lang='lat' dir='ltr'><strong>amplius</strong></span> <span class='ocrx_word' id='word_1_104' title='bbox 666 1671 822 1732; x_wconf 85' lang='lat' dir='ltr'><strong>cadavera.</strong></span> <span class='ocrx_word' id='word_1_105' title='bbox 867 1671 908 1731; x_wconf 90' lang='lat' dir='ltr'><strong>Et</strong></span> <span class='ocrx_word' id='word_1_106' title='bbox 922 1671 979 1731; x_wconf 88' lang='lat' dir='ltr'><strong>nisi</strong></span> <span class='ocrx_word' id='word_1_107' title='bbox 1000 1669 1049 1751; x_wconf 89' lang='lat' dir='ltr'><strong>pia</strong></span> <span class='ocrx_word' id='word_1_108' title='bbox 1064 1670 1161 1731; x_wconf 89' lang='lat' dir='ltr'><strong>Ducis</strong></span> <span class='ocrx_word' id='word_1_109' title='bbox 1175 1669 1284 1731; x_wconf 86' lang='lat' dir='ltr'><strong>solliei-</strong></span> 
     </span>
     <span class='ocr_line' id='line_1_15' title="bbox 84 1767 1284 1850; baseline 0.003 -24"><span class='ocrx_word' id='word_1_110' title='bbox 84 1767 164 1827; x_wconf 89' lang='lat' dir='ltr'><strong>tudo</strong></span> <span class='ocrx_word' id='word_1_111' title='bbox 184 1767 371 1849; x_wconf 90' lang='lat' dir='ltr'><strong>providisset,</strong></span> <span class='ocrx_word' id='word_1_112' title='bbox 394 1769 529 1850; x_wconf 89' lang='lat' dir='ltr'><strong>plerique</strong></span> <span class='ocrx_word' id='word_1_113' title='bbox 550 1768 663 1830; x_wconf 88' lang='lat' dir='ltr'><strong>subditi</strong></span> <span class='ocrx_word' id='word_1_114' title='bbox 683 1767 743 1830; x_wconf 88' lang='lat' dir='ltr'><strong>illis</strong></span> <span class='ocrx_word' id='word_1_115' title='bbox 763 1767 838 1829; x_wconf 90' lang='lat' dir='ltr'><strong>locis</strong></span> <span class='ocrx_word' id='word_1_116' title='bbox 858 1767 1026 1848; x_wconf 86' lang='lat' dir='ltr'><strong>periissent.</strong></span> <span class='ocrx_word' id='word_1_117' title='bbox 1069 1767 1151 1829; x_wconf 90' lang='lat' dir='ltr'><strong>Nam</strong></span> <span class='ocrx_word' id='word_1_118' title='bbox 1173 1767 1224 1828; x_wconf 90' lang='lat' dir='ltr'><strong>ubi</strong></span> <span class='ocrx_word' id='word_1_119' title='bbox 1246 1767 1284 1829; x_wconf 90' lang='lat' dir='ltr'><strong>de</strong></span> 
     </span>
     <span class='ocr_line' id='line_1_16' title="bbox 83 1863 1284 1946; baseline 0.001 -23"><span class='ocrx_word' id='word_1_120' title='bbox 83 1883 235 1943; x_wconf 82' lang='lat' dir='ltr'><strong>equarum</strong></span> <span class='ocrx_word' id='word_1_121' title='bbox 250 1866 477 1927; x_wconf 85' lang='lat' dir='ltr'><strong>excursionibus</strong></span> <span class='ocrx_word' id='word_1_122' title='bbox 489 1866 616 1941; x_wconf 88' lang='lat' dir='ltr'><strong>audivit,</strong></span> <span class='ocrx_word' id='word_1_123' title='bbox 628 1865 728 1926; x_wconf 92' lang='lat' dir='ltr'><strong>edicto</strong></span> <span class='ocrx_word' id='word_1_124' title='bbox 737 1865 859 1945; x_wconf 88' lang='lat' dir='ltr'><strong>publico</strong></span> <span class='ocrx_word' id='word_1_125' title='bbox 877 1865 1037 1945; x_wconf 89' lang='lat' dir='ltr'><strong>imperavit</strong></span> <span class='ocrx_word' id='word_1_126' title='bbox 1049 1864 1180 1946; x_wconf 88' lang='lat' dir='ltr'><strong>optimus</strong></span> <span class='ocrx_word' id='word_1_127' title='bbox 1192 1863 1284 1925; x_wconf 91' lang='lat' dir='ltr'><strong>Priu-</strong></span> 
     </span>
     <span class='ocr_line' id='line_1_17' title="bbox 85 1961 1284 2045; baseline 0 -25"><span class='ocrx_word' id='word_1_128' title='bbox 85 1981 170 2041; x_wconf 86' lang='lat' dir='ltr'><strong>ceps,</strong></span> <span class='ocrx_word' id='word_1_129' title='bbox 185 1973 219 2022; x_wconf 94' lang='lat' dir='ltr'><strong>nt</strong></span> <span class='ocrx_word' id='word_1_130' title='bbox 232 1982 335 2023; x_wconf 89' lang='lat' dir='ltr'><strong>omnes</strong></span> <span class='ocrx_word' id='word_1_131' title='bbox 356 1963 485 2024; x_wconf 86' lang='lat' dir='ltr'><strong>nanticae</strong></span> <span class='ocrx_word' id='word_1_132' title='bbox 504 1963 576 2024; x_wconf 90' lang='lat' dir='ltr'><strong>artis</strong></span> <span class='ocrx_word' id='word_1_133' title='bbox 591 1963 690 2045; x_wconf 86' lang='lat' dir='ltr'><strong>p&#39;eriti,</strong></span> <span class='ocrx_word' id='word_1_134' title='bbox 705 1983 775 2023; x_wconf 90' lang='lat' dir='ltr'><strong>cum</strong></span> <span class='ocrx_word' id='word_1_135' title='bbox 793 1961 921 2044; x_wconf 85' lang='lat' dir='ltr'><strong>phaselis</strong></span> <span class='ocrx_word' id='word_1_136' title='bbox 935 1973 965 2023; x_wconf 88' lang='lat' dir='ltr'><strong>et</strong></span> <span class='ocrx_word' id='word_1_137' title='bbox 979 1963 1117 2036; x_wconf 86' lang='lat' dir='ltr'><strong>navibus,</strong></span> <span class='ocrx_word' id='word_1_138' title='bbox 1132 1981 1206 2041; x_wconf 88' lang='lat' dir='ltr'><strong>quas</strong></span> <span class='ocrx_word' id='word_1_139' title='bbox 1220 1961 1284 2041; x_wconf 79' lang='lat' dir='ltr'><strong>ipse</strong></span> 
     </span>
     <span class='ocr_line' id='line_1_18' title="bbox 85 2057 1283 2143; baseline 0 -25"><span class='ocrx_word' id='word_1_140' title='bbox 85 2079 166 2138; x_wconf 88' lang='lat' dir='ltr'><strong>pane</strong></span> <span class='ocrx_word' id='word_1_141' title='bbox 185 2069 215 2119; x_wconf 88' lang='lat' dir='ltr'><strong>et</strong></span> <span class='ocrx_word' id='word_1_142' title='bbox 230 2059 303 2120; x_wconf 91' lang='lat' dir='ltr'><strong>vino</strong></span> <span class='ocrx_word' id='word_1_143' title='bbox 318 2058 433 2120; x_wconf 86' lang='lat' dir='ltr'><strong>affatim</strong></span> <span class='ocrx_word' id='word_1_144' title='bbox 453 2060 605 2129; x_wconf 85' lang='lat' dir='ltr'><strong>instruxit,</strong></span> <span class='ocrx_word' id='word_1_145' title='bbox 623 2060 849 2143; x_wconf 84' lang='lat' dir='ltr'><strong>egrederentur,</strong></span> <span class='ocrx_word' id='word_1_146' title='bbox 866 2070 896 2120; x_wconf 91' lang='lat' dir='ltr'><strong>et</strong></span> <span class='ocrx_word' id='word_1_147' title='bbox 909 2058 1058 2120; x_wconf 84' lang='lat' dir='ltr'><strong>desolatos</strong></span> <span class='ocrx_word' id='word_1_148' title='bbox 1073 2079 1109 2119; x_wconf 84' lang='lat' dir='ltr'><strong>ex</strong></span> <span class='ocrx_word' id='word_1_149' title='bbox 1127 2057 1283 2118; x_wconf 85' lang='lat' dir='ltr'><strong>arboribus</strong></span> 
     </span>
     <span class='ocr_line' id='line_1_19' title="bbox 85 2154 1284 2237; baseline -0.001 -22"><span class='ocrx_word' id='word_1_150' title='bbox 85 2166 117 2215; x_wconf 87' lang='lat' dir='ltr'><strong>et</strong></span> <span class='ocrx_word' id='word_1_151' title='bbox 137 2156 235 2230; x_wconf 82' lang='lat' dir='ltr'><strong>tectis,</strong></span> <span class='ocrx_word' id='word_1_152' title='bbox 258 2156 289 2216; x_wconf 91' lang='lat' dir='ltr'><strong>in</strong></span> <span class='ocrx_word' id='word_1_153' title='bbox 311 2158 423 2218; x_wconf 89' lang='lat' dir='ltr'><strong>tutiora</strong></span> <span class='ocrx_word' id='word_1_154' title='bbox 442 2155 509 2218; x_wconf 86' lang='lat' dir='ltr'><strong>loca</strong></span> <span class='ocrx_word' id='word_1_155' title='bbox 528 2158 722 2220; x_wconf 87' lang='lat' dir='ltr'><strong>deducerent.</strong></span> <span class='ocrx_word' id='word_1_156' title='bbox 766 2156 944 2237; x_wconf 73' lang='lat' dir='ltr'><strong>Opportune</strong></span> <span class='ocrx_word' id='word_1_157' title='bbox 965 2155 997 2216; x_wconf 90' lang='lat' dir='ltr'><strong>id</strong></span> <span class='ocrx_word' id='word_1_158' title='bbox 1018 2155 1140 2236; x_wconf 86' lang='lat' dir='ltr'><strong>quidem</strong></span> <span class='ocrx_word' id='word_1_159' title='bbox 1162 2154 1284 2227; x_wconf 88' lang='lat' dir='ltr'><strong>cecidit,</strong></span> 
     </span>
     <span class='ocr_line' id='line_1_20' title="bbox 86 2251 1283 2335; baseline 0 -24"><span class='ocrx_word' id='word_1_160' title='bbox 86 2273 159 2311; x_wconf 91' lang='lat' dir='ltr'><strong>nam</strong></span> <span class='ocrx_word' id='word_1_161' title='bbox 174 2252 262 2313; x_wconf 90' lang='lat' dir='ltr'><strong>multi</strong></span> <span class='ocrx_word' id='word_1_162' title='bbox 280 2254 356 2314; x_wconf 84' lang='lat' dir='ltr'><strong>adeo</strong></span> <span class='ocrx_word' id='word_1_163' title='bbox 370 2254 494 2315; x_wconf 82' lang='lat' dir='ltr'><strong>defectis</strong></span> <span class='ocrx_word' id='word_1_164' title='bbox 509 2253 621 2316; x_wconf 78' lang='lat' dir='ltr'><strong>viribus</strong></span> <span class='ocrx_word' id='word_1_165' title='bbox 636 2253 744 2335; x_wconf 87' lang='lat' dir='ltr'><strong>reperti</strong></span> <span class='ocrx_word' id='word_1_166' title='bbox 763 2263 845 2324; x_wconf 86' lang='lat' dir='ltr'><strong>sunt,</strong></span> <span class='ocrx_word' id='word_1_167' title='bbox 859 2253 970 2335; x_wconf 90' lang='lat' dir='ltr'><strong>qnippe</strong></span> <span class='ocrx_word' id='word_1_168' title='bbox 988 2253 1041 2333; x_wconf 93' lang='lat' dir='ltr'><strong>qui</strong></span> <span class='ocrx_word' id='word_1_169' title='bbox 1055 2253 1125 2312; x_wconf 86' lang='lat' dir='ltr'><strong>solis</strong></span> <span class='ocrx_word' id='word_1_170' title='bbox 1143 2251 1283 2312; x_wconf 90' lang='lat' dir='ltr'><strong>arborum</strong></span> 
     </span>
     <span class='ocr_line' id='line_1_21' title="bbox 86 2348 1283 2431; baseline 0 -22"><span class='ocrx_word' id='word_1_171' title='bbox 86 2348 168 2411; x_wconf 87' lang='lat' dir='ltr'><strong>foliis</strong></span> <span class='ocrx_word' id='word_1_172' title='bbox 182 2349 317 2431; x_wconf 90' lang='lat' dir='ltr'><strong>pluribus</strong></span> <span class='ocrx_word' id='word_1_173' title='bbox 330 2349 435 2413; x_wconf 81' lang='lat' dir='ltr'><strong>diebus</strong></span> <span class='ocrx_word' id='word_1_174' title='bbox 449 2352 622 2413; x_wconf 75' lang='lat' dir='ltr'><strong>victitarent</strong></span> <span class='ocrx_word' id='word_1_175' title='bbox 637 2361 670 2412; x_wconf 93' lang='lat' dir='ltr'><strong>ut</strong></span> <span class='ocrx_word' id='word_1_176' title='bbox 684 2352 774 2413; x_wconf 92' lang='lat' dir='ltr'><strong>morti</strong></span> <span class='ocrx_word' id='word_1_177' title='bbox 792 2361 891 2412; x_wconf 84' lang='lat' dir='ltr'><strong>essent</strong></span> <span class='ocrx_word' id='word_1_178' title='bbox 905 2349 1092 2424; x_wconf 89' lang='lat' dir='ltr'><strong>vicinissimi,</strong></span> <span class='ocrx_word' id='word_1_179' title='bbox 1112 2349 1164 2411; x_wconf 88' lang='lat' dir='ltr'><strong>sed</strong></span> <span class='ocrx_word' id='word_1_180' title='bbox 1184 2360 1214 2410; x_wconf 91' lang='lat' dir='ltr'><strong>et</strong></span> <span class='ocrx_word' id='word_1_181' title='bbox 1232 2349 1283 2409; x_wconf 91' lang='lat' dir='ltr'><strong>alii</strong></span> 
     </span>
     <span class='ocr_line' id='line_1_22' title="bbox 80 2446 1284 2530; baseline -0.001 -24"><span class='ocrx_word' id='word_1_182' title='bbox 80 2447 149 2527; x_wconf 88' lang='lat' dir='ltr'><strong>jam</strong></span> <span class='ocrx_word' id='word_1_183' title='bbox 166 2448 274 2509; x_wconf 89' lang='lat' dir='ltr'><strong>mortni</strong></span> <span class='ocrx_word' id='word_1_184' title='bbox 286 2448 412 2525; x_wconf 86' lang='lat' dir='ltr'><strong>inventi,</strong></span> <span class='ocrx_word' id='word_1_185' title='bbox 427 2449 480 2530; x_wconf 91' lang='lat' dir='ltr'><strong>qui</strong></span> <span class='ocrx_word' id='word_1_186' title='bbox 494 2450 635 2510; x_wconf 91' lang='lat' dir='ltr'><strong>arborum</strong></span> <span class='ocrx_word' id='word_1_187' title='bbox 648 2447 721 2509; x_wconf 86' lang='lat' dir='ltr'><strong>folia</strong></span> <span class='ocrx_word' id='word_1_188' title='bbox 738 2448 769 2508; x_wconf 91' lang='lat' dir='ltr'><strong>in</strong></span> <span class='ocrx_word' id='word_1_189' title='bbox 789 2448 854 2529; x_wconf 89' lang='lat' dir='ltr'><strong>ipso</strong></span> <span class='ocrx_word' id='word_1_190' title='bbox 871 2447 971 2509; x_wconf 86' lang='lat' dir='ltr'><strong>adhuc</strong></span> <span class='ocrx_word' id='word_1_191' title='bbox 991 2468 1042 2509; x_wconf 90' lang='lat' dir='ltr'><strong>ore</strong></span> <span class='ocrx_word' id='word_1_192' title='bbox 1062 2446 1238 2520; x_wconf 86' lang='lat' dir='ltr'><strong>retinebant,</strong></span> <span class='ocrx_word' id='word_1_193' title='bbox 1255 2456 1284 2506; x_wconf 88' lang='lat' dir='ltr'><strong>et</strong></span> 
     </span>
     <span class='ocr_line' id='line_1_23' title="bbox 87 2545 595 2608; baseline 0.004 -5"><span class='ocrx_word' id='word_1_194' title='bbox 87 2546 168 2605; x_wconf 87' lang='lat' dir='ltr'><strong>inter</strong></span> <span class='ocrx_word' id='word_1_195' title='bbox 181 2546 399 2607; x_wconf 88' lang='lat' dir='ltr'><strong>comedendum</strong></span> <span class='ocrx_word' id='word_1_196' title='bbox 414 2545 595 2608; x_wconf 86' lang='lat' dir='ltr'><strong>defecerant.</strong></span> 
     </span>
    </p>

    <p class='ocr_par' dir='ltr' id='par_1_5' title="bbox 10 2640 1284 3306">
     <span class='ocr_line' id='line_1_24' title="bbox 130 2640 1283 2723; baseline -0.001 -23"><span class='ocrx_word' id='word_1_197' title='bbox 130 2640 269 2702; x_wconf 85' lang='lat' dir='ltr'><strong>Viadaua</strong></span> <span class='ocrx_word' id='word_1_198' title='bbox 282 2642 382 2702; x_wconf 92' lang='lat' dir='ltr'><strong>nobile</strong></span> <span class='ocrx_word' id='word_1_199' title='bbox 395 2642 552 2723; x_wconf 86' lang='lat' dir='ltr'><strong>oppidum,</strong></span> <span class='ocrx_word' id='word_1_200' title='bbox 565 2641 598 2701; x_wconf 90' lang='lat' dir='ltr'><strong>in</strong></span> <span class='ocrx_word' id='word_1_201' title='bbox 616 2662 676 2722; x_wconf 91' lang='lat' dir='ltr'><strong>quo</strong></span> <span class='ocrx_word' id='word_1_202' title='bbox 690 2640 813 2701; x_wconf 73' lang='lat' dir='ltr'><strong>familia</strong></span> <span class='ocrx_word' id='word_1_203' title='bbox 832 2640 919 2702; x_wconf 74' lang='lat' dir='ltr'><strong>facile</strong></span> <span class='ocrx_word' id='word_1_204' title='bbox 938 2640 1020 2702; x_wconf 90' lang='lat' dir='ltr'><strong>mille</strong></span> <span class='ocrx_word' id='word_1_205' title='bbox 1039 2640 1283 2711; x_wconf 90' lang='lat' dir='ltr'><strong>numerabantur,</strong></span> 
     </span>
     <span class='ocr_line' id='line_1_25' title="bbox 87 2736 1282 2820; baseline -0.002 -23"><span class='ocrx_word' id='word_1_206' title='bbox 87 2748 185 2798; x_wconf 90' lang='lat' dir='ltr'><strong>totum</strong></span> <span class='ocrx_word' id='word_1_207' title='bbox 203 2738 289 2819; x_wconf 88' lang='lat' dir='ltr'><strong>aquis</strong></span> <span class='ocrx_word' id='word_1_208' title='bbox 305 2740 440 2800; x_wconf 88' lang='lat' dir='ltr'><strong>dirutum</strong></span> <span class='ocrx_word' id='word_1_209' title='bbox 459 2750 513 2814; x_wconf 89' lang='lat' dir='ltr'><strong>est,</strong></span> <span class='ocrx_word' id='word_1_210' title='bbox 535 2738 786 2818; x_wconf 85' lang='lat' dir='ltr'><strong>extinctis·supra</strong></span> <span class='ocrx_word' id='word_1_211' title='bbox 806 2737 888 2798; x_wconf 87' lang='lat' dir='ltr'><strong>mille</strong></span> <span class='ocrx_word' id='word_1_212' title='bbox 908 2737 1081 2820; x_wconf 87' lang='lat' dir='ltr'><strong>quingentis</strong></span> <span class='ocrx_word' id='word_1_213' title='bbox 1100 2736 1282 2798; x_wconf 88' lang='lat' dir='ltr'><strong>bominibus.</strong></span> 
     </span>
     <span class='ocr_line' id='line_1_26' title="bbox 87 2833 1283 2919; baseline -0.001 -24"><span class='ocrx_word' id='word_1_214' title='bbox 87 2833 240 2895; x_wconf 88' lang='lat' dir='ltr'><strong>Cremona</strong></span> <span class='ocrx_word' id='word_1_215' title='bbox 252 2856 371 2917; x_wconf 88' lang='lat' dir='ltr'><strong>qnoque</strong></span> <span class='ocrx_word' id='word_1_216' title='bbox 385 2858 444 2897; x_wconf 90' lang='lat' dir='ltr'><strong>non</strong></span> <span class='ocrx_word' id='word_1_217' title='bbox 460 2836 567 2919; x_wconf 85' lang='lat' dir='ltr'><strong>effugit</strong></span> <span class='ocrx_word' id='word_1_218' title='bbox 580 2838 701 2910; x_wconf 90' lang='lat' dir='ltr'><strong>damna,</strong></span> <span class='ocrx_word' id='word_1_219' title='bbox 713 2847 747 2897; x_wconf 91' lang='lat' dir='ltr'><strong>ut</strong></span> <span class='ocrx_word' id='word_1_220' title='bbox 757 2835 837 2896; x_wconf 91' lang='lat' dir='ltr'><strong>enim</strong></span> <span class='ocrx_word' id='word_1_221' title='bbox 854 2836 958 2897; x_wconf 91' lang='lat' dir='ltr'><strong>Padus</strong></span> <span class='ocrx_word' id='word_1_222' title='bbox 971 2844 1128 2916; x_wconf 87' lang='lat' dir='ltr'><strong>oppetente</strong></span> <span class='ocrx_word' id='word_1_223' title='bbox 1143 2845 1230 2895; x_wconf 88' lang='lat' dir='ltr'><strong>nocte</strong></span> <span class='ocrx_word' id='word_1_224' title='bbox 1243 2833 1283 2895; x_wconf 86' lang='lat' dir='ltr'><strong>ad</strong></span> 
     </span>
     <span class='ocr_line' id='line_1_27' title="bbox 86 2930 1283 3016; baseline -0.003 -22"><span class='ocrx_word' id='word_1_225' title='bbox 86 2934 191 2994; x_wconf 89' lang='lat' dir='ltr'><strong>urbem</strong></span> <span class='ocrx_word' id='word_1_226' title='bbox 201 2955 238 2995; x_wconf 83' lang='lat' dir='ltr'><strong>ex</strong></span> <span class='ocrx_word' id='word_1_227' title='bbox 253 2934 414 3016; x_wconf 90' lang='lat' dir='ltr'><strong>improviso</strong></span> <span class='ocrx_word' id='word_1_228' title='bbox 424 2934 540 2995; x_wconf 87' lang='lat' dir='ltr'><strong>delatus</strong></span> <span class='ocrx_word' id='word_1_229' title='bbox 550 2946 614 3009; x_wconf 88' lang='lat' dir='ltr'><strong>est;</strong></span> <span class='ocrx_word' id='word_1_230' title='bbox 636 2932 895 3015; x_wconf 69' lang='lat' dir='ltr'><strong>praestantissimas</strong></span> <span class='ocrx_word' id='word_1_231' title='bbox 905 2954 1018 2994; x_wconf 90' lang='lat' dir='ltr'><strong>merces</strong></span> <span class='ocrx_word' id='word_1_232' title='bbox 1029 2932 1171 3013; x_wconf 86' lang='lat' dir='ltr'><strong>perdidit,</strong></span> <span class='ocrx_word' id='word_1_233' title='bbox 1183 2930 1283 3012; x_wconf 87' lang='lat' dir='ltr'><strong>plures</strong></span> 
     </span>
     <span class='ocr_line' id='line_1_28' title="bbox 10 3029 1284 3111; baseline -0.004 -19"><span class='ocrx_word' id='word_1_234' title='bbox 10 3104 12 3109; x_wconf 23' lang='grc' dir='ltr'>Ι</span> <span class='ocrx_word' id='word_1_235' title='bbox 87 3032 168 3092; x_wconf 81' lang='lat' dir='ltr'><strong>aedes</strong></span> <span class='ocrx_word' id='word_1_236' title='bbox 183 3031 285 3105; x_wconf 91' lang='lat' dir='ltr'><strong>diruit,</strong></span> <span class='ocrx_word' id='word_1_237' title='bbox 299 3042 330 3092; x_wconf 90' lang='lat' dir='ltr'><strong>et</strong></span> <span class='ocrx_word' id='word_1_238' title='bbox 344 3041 492 3093; x_wconf 90' lang='lat' dir='ltr'><strong>trecentos</strong></span> <span class='ocrx_word' id='word_1_239' title='bbox 505 3030 592 3091; x_wconf 76' lang='lat' dir='ltr'><strong>facile</strong></span> <span class='ocrx_word' id='word_1_240' title='bbox 606 3030 742 3091; x_wconf 88' lang='lat' dir='ltr'><strong>homines</strong></span> <span class='ocrx_word' id='word_1_241' title='bbox 760 3029 920 3090; x_wconf 86' lang='lat' dir='ltr'><strong>interemit.</strong></span> <span class='ocrx_word' id='word_1_242' title='bbox 963 3029 1151 3111; x_wconf 86' lang='lat' dir='ltr'><strong>Ergatellum</strong></span> <span class='ocrx_word' id='word_1_243' title='bbox 1165 3047 1284 3107; x_wconf 91' lang='lat' dir='ltr'><strong>quoque</strong></span> 
     </span>
     <span class='ocr_line' id='line_1_29' title="bbox 87 3125 1284 3211; baseline -0.005 -22"><span class='ocrx_word' id='word_1_244' title='bbox 87 3130 232 3211; x_wconf 88' lang='lat' dir='ltr'><strong>oppidum</strong></span> <span class='ocrx_word' id='word_1_245' title='bbox 246 3129 286 3190; x_wconf 90' lang='lat' dir='ltr'><strong>ad</strong></span> <span class='ocrx_word' id='word_1_246' title='bbox 300 3128 377 3189; x_wconf 88' lang='lat' dir='ltr'><strong>banc</strong></span> <span class='ocrx_word' id='word_1_247' title='bbox 394 3129 495 3189; x_wconf 89' lang='lat' dir='ltr'><strong>urbem</strong></span> <span class='ocrx_word' id='word_1_248' title='bbox 510 3139 647 3209; x_wconf 85' lang='lat' dir='ltr'><strong>spectans</strong></span> <span class='ocrx_word' id='word_1_249' title='bbox 659 3127 704 3204; x_wconf 92' lang='lat' dir='ltr'><strong>(in</strong></span> <span class='ocrx_word' id='word_1_250' title='bbox 718 3146 779 3208; x_wconf 93' lang='lat' dir='ltr'><strong>quo</strong></span> <span class='ocrx_word' id='word_1_251' title='bbox 797 3126 1031 3187; x_wconf 88' lang='lat' dir='ltr'><strong>numerabantur</strong></span> <span class='ocrx_word' id='word_1_252' title='bbox 1050 3125 1208 3186; x_wconf 78' lang='lat' dir='ltr'><strong>minimum</strong></span> <span class='ocrx_word' id='word_1_253' title='bbox 1227 3132 1284 3184; x_wconf 87' lang='lat' dir='ltr'><strong>trc-</strong></span> 
     </span>
     <span class='ocr_line' id='line_1_30' title="bbox 89 3222 1167 3306; baseline -0.006 -19"><span class='ocrx_word' id='word_1_254' title='bbox 89 3237 186 3288; x_wconf 82' lang='lat' dir='ltr'><strong>centae</strong></span> <span class='ocrx_word' id='word_1_255' title='bbox 199 3226 337 3302; x_wconf 67' lang='lat' dir='ltr'><strong>familiae)</strong></span> <span class='ocrx_word' id='word_1_256' title='bbox 350 3226 393 3287; x_wconf 87' lang='lat' dir='ltr'><strong>ita</strong></span> <span class='ocrx_word' id='word_1_257' title='bbox 406 3225 492 3306; x_wconf 89' lang='lat' dir='ltr'><strong>aquis</strong></span> <span class='ocrx_word' id='word_1_258' title='bbox 506 3226 618 3292; x_wconf 83' lang='lat' dir='ltr'><strong>mersit,</strong></span> <span class='ocrx_word' id='word_1_259' title='bbox 633 3236 666 3285; x_wconf 92' lang='lat' dir='ltr'><strong>ut</strong></span> <span class='ocrx_word' id='word_1_260' title='bbox 676 3224 727 3285; x_wconf 85' lang='lat' dir='ltr'><strong>vix</strong></span> <span class='ocrx_word' id='word_1_261' title='bbox 740 3233 862 3285; x_wconf 89' lang='lat' dir='ltr'><strong>centum</strong></span> <span class='ocrx_word' id='word_1_262' title='bbox 874 3222 982 3284; x_wconf 84' lang='lat' dir='ltr'><strong>animae</strong></span> <span class='ocrx_word' id='word_1_263' title='bbox 996 3223 1167 3284; x_wconf 89' lang='lat' dir='ltr'><strong>evaderent.</strong></span> 
     </span>
    </p>

    <p class='ocr_par' dir='ltr' id='par_1_6' title="bbox 10 3317 1284 3707">
     <span class='ocr_line' id='line_1_31' title="bbox 130 3317 1281 3402; baseline -0.006 -18"><span class='ocrx_word' id='word_1_264' title='bbox 130 3322 295 3384; x_wconf 86' lang='lat' dir='ltr'><strong>Castellum</strong></span> <span class='ocrx_word' id='word_1_265' title='bbox 309 3322 396 3383; x_wconf 89' lang='lat' dir='ltr'><strong>Vetri</strong></span> <span class='ocrx_word' id='word_1_266' title='bbox 415 3321 561 3402; x_wconf 91' lang='lat' dir='ltr'><strong>impetum</strong></span> <span class='ocrx_word' id='word_1_267' title='bbox 578 3322 667 3382; x_wconf 90' lang='lat' dir='ltr'><strong>etiam</strong></span> <span class='ocrx_word' id='word_1_268' title='bbox 686 3339 832 3401; x_wconf 86' lang='lat' dir='ltr'><strong>aquarum</strong></span> <span class='ocrx_word' id='word_1_269' title='bbox 851 3320 953 3395; x_wconf 87' lang='lat' dir='ltr'><strong>sensit,</strong></span> <span class='ocrx_word' id='word_1_270' title='bbox 968 3339 1004 3381; x_wconf 90' lang='lat' dir='ltr'><strong>ac</strong></span> <span class='ocrx_word' id='word_1_271' title='bbox 1023 3330 1119 3381; x_wconf 90' lang='lat' dir='ltr'><strong>totum</strong></span> <span class='ocrx_word' id='word_1_272' title='bbox 1137 3317 1281 3399; x_wconf 91' lang='lat' dir='ltr'><strong>oppidum</strong></span> 
     </span>
     <span class='ocr_line' id='line_1_32' title="bbox 75 3414 1282 3500; baseline -0.007 -19"><span class='ocrx_word' id='word_1_273' title='bbox 75 3414 159 3481; x_wconf 87' lang='lat' dir='ltr'><strong>&#39;cnm</strong></span> <span class='ocrx_word' id='word_1_274' title='bbox 174 3420 255 3481; x_wconf 89' lang='lat' dir='ltr'><strong>edita</strong></span> <span class='ocrx_word' id='word_1_275' title='bbox 269 3418 374 3500; x_wconf 90' lang='lat' dir='ltr'><strong>templi</strong></span> <span class='ocrx_word' id='word_1_276' title='bbox 393 3428 486 3492; x_wconf 88' lang='lat' dir='ltr'><strong>turre,</strong></span> <span class='ocrx_word' id='word_1_277' title='bbox 500 3417 532 3478; x_wconf 90' lang='lat' dir='ltr'><strong>in</strong></span> <span class='ocrx_word' id='word_1_278' title='bbox 548 3438 641 3498; x_wconf 90' lang='lat' dir='ltr'><strong>quam</strong></span> <span class='ocrx_word' id='word_1_279' title='bbox 659 3416 783 3499; x_wconf 89' lang='lat' dir='ltr'><strong>plurimi</strong></span> <span class='ocrx_word' id='word_1_280' title='bbox 802 3415 937 3478; x_wconf 88' lang='lat' dir='ltr'><strong>homines</strong></span> <span class='ocrx_word' id='word_1_281' title='bbox 954 3416 1162 3497; x_wconf 84' lang='lat' dir='ltr'><strong>confugerant,</strong></span> <span class='ocrx_word' id='word_1_282' title='bbox 1179 3414 1282 3486; x_wconf 86' lang='lat' dir='ltr'><strong>diruit,</strong></span> 
     </span>
     <span class='ocr_line' id='line_1_33' title="bbox 90 3511 1282 3600; baseline -0.008 -20"><span class='ocrx_word' id='word_1_283' title='bbox 90 3529 120 3580; x_wconf 90' lang='lat' dir='ltr'><strong>ct</strong></span> <span class='ocrx_word' id='word_1_284' title='bbox 134 3537 194 3579; x_wconf 91' lang='lat' dir='ltr'><strong>non</strong></span> <span class='ocrx_word' id='word_1_285' title='bbox 208 3516 266 3577; x_wconf 92' lang='lat' dir='ltr'><strong>nisi</strong></span> <span class='ocrx_word' id='word_1_286' title='bbox 279 3516 405 3600; x_wconf 90' lang='lat' dir='ltr'><strong>triginta</strong></span> <span class='ocrx_word' id='word_1_287' title='bbox 423 3516 543 3577; x_wconf 86' lang='lat' dir='ltr'><strong>circiter</strong></span> <span class='ocrx_word' id='word_1_288' title='bbox 556 3516 692 3577; x_wconf 85' lang='lat' dir='ltr'><strong>homines</strong></span> <span class='ocrx_word' id='word_1_289' title='bbox 708 3514 831 3595; x_wconf 83' lang='lat' dir='ltr'><strong>reliquit</strong></span> <span class='ocrx_word' id='word_1_290' title='bbox 844 3514 1026 3595; x_wconf 88' lang='lat' dir='ltr'><strong>superstites,</strong></span> <span class='ocrx_word' id='word_1_291' title='bbox 1040 3534 1109 3573; x_wconf 90' lang='lat' dir='ltr'><strong>oum</strong></span> <span class='ocrx_word' id='word_1_292' title='bbox 1123 3512 1181 3572; x_wconf 92' lang='lat' dir='ltr'><strong>loci</strong></span> <span class='ocrx_word' id='word_1_293' title='bbox 1197 3511 1282 3571; x_wconf 85' lang='lat' dir='ltr'><strong>Prae·</strong></span> 
     </span>
     <span class='ocr_line' id='line_1_34' title="bbox 10 3607 1284 3707; baseline -0.009 -29"><span class='ocrx_word' id='word_1_294' title='bbox 10 3698 12 3707; x_wconf 25' lang='grc' dir='ltr'>Ι</span> <span class='ocrx_word' id='word_1_295' title='bbox 91 3617 178 3689; x_wconf 85' lang='lat' dir='ltr'><strong>fecto,</strong></span> <span class='ocrx_word' id='word_1_296' title='bbox 195 3635 315 3677; x_wconf 88' lang='lat' dir='ltr'><strong>omnem</strong></span> <span class='ocrx_word' id='word_1_297' title='bbox 328 3614 475 3695; x_wconf 88' lang='lat' dir='ltr'><strong>reliquam</strong></span> <span class='ocrx_word' id='word_1_298' title='bbox 491 3612 715 3675; x_wconf 88' lang='lat' dir='ltr'><strong>multitudinem</strong></span> <span class='ocrx_word' id='word_1_299' title='bbox 729 3612 777 3673; x_wconf 90' lang='lat' dir='ltr'><strong>vel</strong></span> <span class='ocrx_word' id='word_1_300' title='bbox 792 3611 881 3674; x_wconf 90' lang='lat' dir='ltr'><strong>ruina</strong></span> <span class='ocrx_word' id='word_1_301' title='bbox 895 3610 1050 3693; x_wconf 88' lang='lat' dir='ltr'><strong>oppressit,</strong></span> <span class='ocrx_word' id='word_1_302' title='bbox 1066 3608 1114 3671; x_wconf 89' lang='lat' dir='ltr'><strong>vel</strong></span> <span class='ocrx_word' id='word_1_303' title='bbox 1131 3629 1209 3689; x_wconf 87' lang='lat' dir='ltr'><strong>aqna</strong></span> <span class='ocrx_word' id='word_1_304' title='bbox 1222 3607 1284 3668; x_wconf 82' lang='lat' dir='ltr'><strong>suf·</strong></span> 
     </span>
    </p>
   </div>
   <div class='ocr_carea' id='block_1_3' title="bbox 90 3713 716 3867">
    <p class='ocr_par' dir='ltr' id='par_1_7' title="bbox 90 3713 716 3867">
     <span class='ocr_line' id='line_1_35' title="bbox 90 3713 211 3775; baseline -0.017 0"><span class='ocrx_word' id='word_1_305' title='bbox 90 3713 211 3775; x_wconf 85' lang='lat' dir='ltr'><strong>locavit.</strong></span> 
     </span>
     <span class='ocr_line' id='line_1_36' title="bbox 666 3808 716 3867; baseline 0.04 -2"><span class='ocrx_word' id='word_1_306' title='bbox 666 3808 684 3865; x_wconf 84' lang='lat'><strong>3</strong></span> <span class='ocrx_word' id='word_1_307' title='bbox 699 3825 716 3867; x_wconf 90' lang='lat' dir='ltr'><strong>c</strong></span> 
     </span>
    </p>
   </div>
   <div class='ocr_carea' id='block_1_4' title="bbox 0 0 1628 4700">
    <p class='ocr_par' dir='ltr' id='par_1_8' title="bbox 0 0 1628 4700">
     <span class='ocr_line' id='line_1_37' title="bbox 0 0 1628 4700; baseline 0 0"><span class='ocrx_word' id='word_1_308' title='bbox 0 0 1628 4700; x_wconf 95' lang='lat' dir='ltr'><strong> </strong></span> 
     </span>
    </p>
   </div>
  </div>
 </body>
</html>
