3225 4700
515 334 907 404 ITINERARIUM.
1221 341 1278 410 117

65 490 273 571 ercitnmque
284 495 421 551 nostrum
434 489 692 571 septimodecimo
706 490 848 553 Octobris
860 491 916 553 sub
930 490 1035 553 horam
1050 489 1180 572 primam
1192 490 1277 554 sorti·

68 596 129 647 ter
138 606 171 647 se
182 585 388 667 impetentem,
399 585 483 647 tenti
495 586 669 649 fortitudine
679 588 810 669 excepit,
819 597 854 648 ut
862 587 882 648 b
891 586 1000 649 uostris
1012 587 1145 669 partibus
1154 588 1279 669 plurimi

68 682 266 755 ceciderint,
281 681 433 762 dubieque
449 681 552 745 multis
567 681 648 745 boris
661 683 692 743 in
707 691 996 765 utramquepartem
1013 682 1128 747 nuttrit
1143 683 1280 759 victoria,

72 780 148 839 imo
160 779 258 860 propd
272 780 327 840 snb
344 798 454 860 puguae
471 779 595 841 exordia
607 778 640 839 in
654 778 775 842 hostiles
788 789 886 861 partes
898 778 1062 842 iuclindrit.
1100 780 1194 841 Alam
1207 782 1282 842 dex·

73 888 182 937 teram
202 874 450 937 Caesareanorum
463 876 546 937 Baro
561 875 599 937 de
613 875 820 937 Westerholdt
834 886 864 936 et
875 874 1181 938 Vice-Marcscbellus
1195 876 1282 939 Sere-

75 972 206 1033 uissimi
221 970 423 1054 lotharingiae
438 971 536 1033 Ducis
551 971 775 1033 Irontbersbeim
790 971 946 1052 preibant,
957 972 991 1033 iu
1003 972 1123 1033 sinistri
1135 973 1204 1035 verb
1217 974 1282 1055 ipce

75 1068 308 1151 campiductor
328 1068 521 1131 Hetufeldius
544 1088 614 1131 cum
635 1068 753 1130 Comite
773 1067 868 1129 Petro
885 1067 924 1128 de
943 1068 1024 1131 Gotz
1045 1068 1182 1145 viriliter,
1200 1072 1282 1150 quod

75 1165 238 1227 masculos
256 1166 343 1227 decet
360 1166 482 1239 milites,
500 1165 531 1227 in
551 1163 650 1247 prirnd
670 1184 786 1247 semper
805 1164 870 1225 acie
889 1164 1149 1247 depugnavemut·
1189 1165 1283 1228 Unde

75 1263 187 1324 dictus
212 1262 324 1323 Petrus
347 1262 486 1338 Gdtaius,
510 1282 581 1323 cum
604 1280 720 1342 semper
743 1260 775 1321 in
799 1259 897 1322 fronte
918 1259 1033 1322 hostem
1056 1261 1280 1344 aggrederetur,

75 1360 204 1440 primus
216 1358 358 1421 tormenti
371 1357 471 1420 bellici
484 1358 590 1441 majori
603 1356 725 1439 globulo
738 1356 862 1431 interiit,
874 1357 957 1437 quod
969 1357 1051 1439 apud
1064 1375 1197 1419 summos
1209 1357 1280 1419 iuli-

76 1474 213 1535 mosque
227 1454 360 1516 militum
379 1454 542 1515 maximam
559 1454 675 1535 peperit
690 1451 853 1513 tristitiam.
895 1453 975 1514 Cum
989 1454 1063 1515 verb
1078 1452 1166 1515 miles
1181 1463 1283 1516 noster

77 1550 285 1615 nibilominus
298 1551 413 1613 hostem
427 1560 583 1633 premeret,
597 1549 729 1631 palatina
744 1558 843 1610 castra
854 1548 998 1630 paulatim
1012 1550 1136 1612 confuse
1151 1550 1282 1632 primum

75 1659 167 1723 suut,
182 1649 255 1711 dein
271 1650 302 1709 iu
314 1647 419 1731 fugam
434 1646 537 1721 effusa,
551 1647 584 1707 in
597 1666 658 1728 quc
673 1645 805 1706 maxima
820 1644 999 1706 adversariis
1014 1654 1059 1707 est
1070 1646 1154 1708 illato
1169 1646 1280 1723 clades,

80 1745 224 1825 undique
241 1744 323 1807 enim
337 1764 355 1807 a
368 1754 469 1806 nostro
484 1743 619 1825 equitatu
634 1741 790 1823 intercepti
806 1740 935 1819 caesique
951 1749 1031 1815 snut,
1049 1741 1093 1802 ita
1107 1750 1143 1802 ut
1160 1743 1281 1823 pauculi
1331 1770 1334 1777 ·

78 1852 201 1922 practer
213 1862 275 1920 eos,
287 1842 341 1923 qui
354 1842 439 1922 cquis
453 1839 607 1922 praefocati
619 1848 700 1913 sunt,
714 1837 812 1899 aciem
825 1836 920 1919 gladii
933 1837 1092 1898 evaserint.

131 1939 207 2002 Hac
231 1941 263 2000 in
291 1937 394 2021 pugnt
418 1938 641 2019 interceperunt
667 1935 761 1996 nostri
785 1933 887 1995 omnia
913 1933 1128 2015 impedimenta
1156 1933 1283 2007 curulia,

80 2058 211 2101 omnem
229 2035 389 2097 militarem
408 2044 596 2116 apparatum,
616 2032 746 2095 immane
763 2038 879 2113 quanto
895 2029 1048 2111 impendio
1065 2040 1280 2111 comparatum,

81 2143 241 2197 tormenta
258 2132 366 2193 bellica
385 2133 501 2211 majora
519 2130 634 2204 decem,
654 2128 771 2190 minora
786 2128 846 2189 clia
861 2126 1007 2207 pluscule,
1026 2125 1138 2189 vexilla
1156 2135 1216 2188 tem
1232 2149 1284 2210 pe·

82 2232 204 2295 destris
216 2248 308 2311 quam
322 2228 479 2308 equestria,
494 2235 603 2307 proeter
616 2244 652 2286 ea
665 2244 733 2306 quae
747 2232 848 2286 noster
860 2223 946 2284 miles
959 2222 991 2283 iu
1004 2221 1190 2285 baltbcornm
1203 2225 1284 2285 mili·

83 2330 200 2394 tarium
221 2344 310 2389 usum
328 2324 513 2399 dilaceravit,
533 2322 733 2405 quodraginta
750 2331 780 2383 et
797 2341 914 2396 uuum3
939 2318 1144 2402 periscelidem
1161 2340 1282 2402 quoquc

82 2445 195 2490 recens
211 2425 250 2486 ab
268 2422 439 2504 Anglorum
459 2420 544 2502 Rege
562 2418 718 2500 Equestris
735 2418 850 2479 ordinis
866 2417 913 2478 sui
929 2417 1050 2499 signum
1067 2415 1107 2476 ad
1126 2416 1281 2479 Seniorem

85 2522 267 2585 Palatinum
285 2518 510 2592 transmissum
536 2515 597 2576 und
619 2535 689 2576 cum
707 2513 801 2576 literis
823 2512 1029 2574 secretioribus
1046 2511 1194 2589 omuibus,
1213 2534 1281 2595 qum

85 2620 236 2682 universa
257 2615 479 2698 quamprimum
500 2613 540 2674 ad
559 2611 709 2674 Comitem
729 2609 938 2670 Hatzfeldium
955 2609 1056 2670 delata
1072 2618 1152 2670 sunt.
1198 2610 1282 2672 Inter

84 2715 309 2798 impedimenta
329 2713 389 2773 slis
408 2719 540 2791 repertus
558 2717 589 2770 et
608 2728 713 2770 currus
731 2707 851 2789 signato
870 2715 994 2789 argento
1016 2705 1127 2788 gravis,
1147 2707 1281 2786 precium

84 2813 220 2895 triginta
232 2809 328 2872 millia
340 2806 540 2889 imperialium
555 2805 727 2880 excedebat,
746 2803 796 2864 hic
814 2803 945 2882 militnm
960 2803 1071 2882 praedae
1089 2802 1211 2864 relictus
1226 2811 1282 2878 est,

85 2920 122 2972 nt
139 2909 263 2989 aliquod
277 2905 382 2968 saltem
396 2902 579 2966 tortitudinis
592 2921 656 2963 suoe
669 2908 854 2982 reportarent
866 2899 1033 2981 proemium.

129 3005 277 3084 Captivos
289 3021 392 3064 secum
408 3007 509 3060 noster
522 2997 608 3058 miles
624 2997 678 3058 bos
691 2997 753 3058 fere
766 2996 846 3058 inter
860 2997 1027 3077 precipuos
1041 2995 1177 3072 abduxit,
1192 2995 1216 3059 J
1217 2996 1283 3057 uni·

85 3121 175 3164 orem
194 3099 370 3180 Principem
390 3095 564 3158 Palatinum
582 3093 749 3156 Robertnm
769 3092 901 3167 nomine,
921 3091 973 3172 qui
992 3112 1023 3152 se
1040 3094 1112 3153 vere
1134 3091 1284 3174 insignem

85 3197 230 3272 militem,
247 3195 301 3256 sed
320 3191 555 3275 prestantiorem
569 3189 601 3252 in
617 3190 718 3251 animo
735 3187 940 3250 fortitudinem
959 3186 1016 3251 boc
1031 3188 1063 3249 iu
1079 3187 1222 3249 conflictu
1237 3208 1285 3249 os-

88 3293 206 3366 tendit3
243 3292 308 3374 ejus
334 3291 434 3352 locum
459 3295 611 3348 tenentem
635 3285 771 3360 Fereutz,
795 3285 872 3346 duos
900 3284 1034 3346 Comites
1053 3284 1171 3366 Anglos
1195 3284 1286 3345 totins

88 3389 217 3472 anglic
231 3387 292 3469 qui
302 3387 416 3448 divitiis
430 3384 489 3466 qud
502 3383 662 3444 honoribus
675 3381 852 3464 praecipuos,
864 3401 916 3441 sex
926 3379 1095 3442 Colonellos
1107 3389 1197 3459 atque
1208 3380 1287 3442 inter

88 3485 146 3548 hos
169 3483 360 3546 Colonellum
386 3482 467 3562 Boy,
491 3478 680 3542 Colonellum
708 3477 879 3553 Lolinstein,
905 3475 1093 3540 colonellum
1123 3477 1284 3550 Bussardt,

90 3581 285 3645 Colonellnm
300 3579 450 3652 Millerdt,
463 3576 596 3658 quinque
610 3585 755 3656 praeterea
766 3571 1035 3649 Vioe-Colonellos,
1047 3574 1153 3635 decem
1165 3572 1286 3654 vigilis·

93 3700 160 3743 rum
177 3697 333 3760 supremos
351 3675 515 3758 praefectos,
530 3674 690 3738 duodecim
703 3673 852 3736 Tribunos
866 3672 1022 3753 Equitum,
1034 3671 1146 3755 viginti
1159 3678 1287 3752 quatuor
