3225 4700
323 326 392 392 408
702 321 1119 390 ITINERARIUM.

362 476 541 558 Augebatur
554 474 669 536 interea
681 474 825 536 intestina
834 472 880 535 vis
894 472 990 534 morbi
1005 483 1035 534 et
1047 473 1117 535 Rex
1131 473 1276 556 paulatim
1290 473 1458 536 adobitum
1478 475 1541 536 de·
1588 529 1590 556 ,

320 571 461 633 clinabat.
490 570 676 632 Profectioni
691 591 726 633 ex
741 571 849 632 mnndi
863 570 952 651 hujus
966 569 1198 645 calamitatibus,
1213 571 1252 632 ad
1266 569 1413 632 laetiorem
1425 572 1539 653 (quod

320 669 408 750 plane
429 666 624 744 confidimus)
644 669 737 729 vitam
755 669 774 729 a
789 667 862 729 vitas
883 667 1047 747 mortisque
1068 666 1217 740 Domino,
1235 688 1354 729 summo
1373 669 1443 730 coeli
1468 679 1537 728 ter-

320 785 422 846 naque
448 764 678 836 dictatoredies
701 764 947 845 quartadecima
969 763 1049 824 Maii
1074 765 1237 826 constituta
1266 776 1323 840 est,
1349 765 1425 826 hora
1451 765 1535 825 verb

318 874 385 944 post
403 863 561 923 meridiem
580 862 683 936 altera,
703 863 809 923 eadem
832 859 947 922 scilicet
966 880 1036 941 qnae
1054 859 1153 921 fatalis
1173 859 1232 923 fuit
1252 882 1362 945 magno
1382 861 1533 923 Hem-ico

319 959 409 1041 hujus
425 959 557 1021 nominis
574 971 681 1041 quarto
701 958 818 1041 parenti
836 957 984 1019 Ludoviei
1004 959 1110 1040 Regis,
1128 958 1181 1039 qui
1200 961 1293 1021 Auno
1306 959 1422 1021 Christi
1446 962 1531 1019 1610

318 1056 450 1118 violeutd
466 1066 559 1118 morte
575 1057 654 1118 vivis
671 1078 725 1140 per
743 1055 926 1138 parricidam
943 1064 1061 1137 ereptus
1076 1055 1143 1116 snit
1185 1056 1262 1138 Ejus
1281 1057 1397 1132 obitum
1414 1077 1528 1118 conse·

317 1162 428 1232 quente
441 1153 491 1214 die
502 1154 609 1235 junior
622 1155 690 1216 Rex
705 1152 878 1215 Ludovicns
892 1152 986 1215 XIV.
1001 1162 1031 1214 et
1046 1153 1168 1236 Regina
1184 1152 1287 1226 vidua,
1306 1153 1524 1215 comitantibus

317 1250 402 1332 regio
420 1249 511 1312 fratre
531 1251 657 1332 aliisque
677 1250 765 1335 regni
784 1249 973 1332 principibus
989 1271 1025 1312 ae
1045 1251 1224 1312 consiliariis
1241 1251 1375 1313 Parisios
1391 1251 1522 1334 ingressi

300 1357 388 1417 ‚snut
410 1367 521 1430 magua
541 1349 753 1430 gratulatione,
774 1357 806 1410 et
827 1351 943 1430 accepti
967 1348 1097 1430 plurima
1118 1348 1222 1430 populi
1248 1347 1467 1410 acclamatione
1490 1362 1520 1410 et

316 1443 434 1526 plausu.
475 1445 673 1508 conducebat
687 1445 804 1528 Regem
820 1444 1039 1508 Mareseballus
1054 1447 1091 1508 de
1105 1444 1226 1508 Guicba
1236 1464 1306 1507 cum
1316 1443 1437 1527 legione
1449 1466 1518 1506 cus·

316 1542 405 1603 todire
428 1543 519 1625 regie
539 1543 691 1625 assignata
710 1543 851 1624 equestri,
874 1543 962 1625 cujus
982 1543 1112 1605 dimidia
1131 1563 1200 1624 pars
1220 1543 1373 1623 praecessit
1392 1541 1518 1604 rhedam

316 1637 412 1700 altera
428 1639 574 1701 medietas
592 1649 697 1700 secuta
715 1649 770 1701 est.
809 1639 989 1722 Priusquam
1009 1640 1077 1701 Rex
1095 1640 1198 1701 urbem
1215 1639 1377 1721 attingeret
1392 1639 1518 1701 obvium

318 1756 370 1817 pro
384 1757 467 1798 more
480 1736 586 1798 babuit
602 1737 822 1820 magistratum,
836 1737 888 1816 qui
901 1735 1002 1798 claves
1018 1737 1100 1799 urbis
1114 1737 1239 1814 detulit,
1251 1744 1281 1798 et
1296 1735 1369 1798 alias
1386 1735 1518 1798 solenni-

316 1842 389 1894 tates
402 1844 537 1914 receptas
550 1844 725 1915 prosecutus
739 1844 800 1894 este
821 1833 924 1894 omnia
936 1843 1073 1914 optatum
1088 1833 1219 1895 habuere
1231 1853 1414 1894 successum.

355 1930 456 1992 Tertio
466 1931 585 1992 decimo
595 1931 673 1992 Maii
682 1929 854 1992 Cardiualis
865 1929 994 1991 Infantis
1003 1930 1132 1992 cadaver
1143 1930 1269 1992 Parisiis
1282 1931 1314 1991 in
1329 1930 1516 2011 Hispaniam

315 2026 449 2089 delatum
469 2037 526 2090 est.
567 2028 629 2090 Cui
645 2027 722 2090 alins
738 2026 835 2089 bonos
850 2047 911 2088 non
930 2037 976 2089 est
994 2027 1123 2102 babitus,
1139 2027 1199 2089 nisi
1215 2029 1299 2109 quod
1311 2031 1352 2089 25
1369 2027 1472 2090 rhedis
1490 2037 1520 2088 et

314 2125 469 2207 manipulo
483 2126 617 2207 equitnm
631 2125 844 2187 comitantibus
858 2125 1049 2187 introductus
1062 2125 1164 2187 suerit.

355 2223 460 2284 Biduo
483 2232 552 2304 post
570 2222 797 2284 Aurelianensis
818 2222 891 2283 an
912 2224 1073 2306 conjugem
1094 2243 1178 2284 suam
1199 2223 1365 2286 honorifice
1385 2225 1516 2306 excepit,

314 2321 489 2404 nuptiisque
504 2320 580 2383 alias
598 2319 681 2382 initis
696 2319 950 2402 Arcbiepiseopus
973 2321 1154 2384 Parisiensia
1175 2321 1283 2383 iterum
1304 2321 1472 2395 benedixit,
1487 2333 1518 2385 et

314 2420 412 2481 denuo
425 2418 627 2480 confirmavit.
657 2418 807 2500 Princeps
819 2426 914 2501 nupta
923 2418 1045 2481 divertit
1055 2419 1085 2479 in
1096 2419 1167 2481 auld
1176 2439 1266 2501 quam
1279 2419 1514 2503 Lunenbnrgen-

314 2537 377 2579 sem
391 2515 555 2598 appellant.

354 2613 511 2695 Vigesima
523 2612 621 2695 prima
633 2612 656 2674 J
658 2614 723 2675 nuii
736 2612 833 2696 Regis
845 2612 1095 2676 christianissimi
1108 2612 1238 2674 cadaver
1255 2611 1286 2672 in
1307 2610 1341 2673 S.
1363 2610 1514 2692 Dionysio

313 2710 481 2793 depositum
497 2710 585 2771 estid
598 2710 678 2790 quod
689 2730 751 2771 non
764 2710 931 2773 minoribus
945 2708 1104 2791 impendiis
1116 2708 1208 2791 qudm
1219 2718 1364 2790 apparatu
1374 2709 1514 2792 contigit,

312 2816 449 2869 asserunt
461 2806 542 2867 enim
557 2806 588 2866 iu
602 2826 668 2867 eam
682 2826 744 2867 rem
759 2827 820 2867 non
834 2806 933 2867 miuus
947 2806 1071 2889 triginta
1083 2825 1240 2868 aureorum
1252 2805 1386 2868 millibus
1399 2806 1513 2887 impen-

313 2924 379 2965 sum
393 2924 466 2974 esse,
481 2902 521 2963 ad
533 2921 622 2982 quem
636 2913 736 2964 actum
752 2903 906 2986 praecipua
919 2902 1060 2965 nobilitas
1073 2903 1166 2964 totius
1181 2902 1292 2964 Galliae
1306 2903 1489 2966 convolavit.

355 3002 475 3062 Interea
496 3000 527 3060 in
551 2999 675 3061 Artesia
698 2999 716 3060 b
738 3000 837 3062 Gallis
861 3022 907 3063 res
931 3000 1050 3062 fortiter
1071 3000 1230 3081 gerebatur
1249 3001 1514 3063 succumbentibus

315 3097 462 3179 Hispanis
478 3097 517 3158 ad
531 3096 683 3158 civitatem
700 3097 833 3179 Recroy.
877 3096 1066 3159 Obsederant
1087 3097 1222 3179 Hispani
1238 3097 1414 3173 Rocroinm,
1429 3105 1460 3159 et
1475 3100 1513 3159 ab

313 3195 428 3276 aliquot
443 3195 549 3257 diebus
566 3194 645 3255 serio
659 3195 842 3277 premebant
885 3194 924 3255 Iu
943 3193 979 3255 ed
997 3193 1155 3256 obsidione
1169 3203 1203 3256 nt
1217 3193 1286 3255 fieri
1299 3208 1381 3255 amat
1396 3194 1512 3257 emitte·

312 3292 386 3353 baut
399 3293 416 3353 d
430 3292 536 3353 castris
553 3292 719 3354 identidem
733 3292 867 3354 diversos
882 3290 1053 3373 manipulos
1068 3291 1177 3371 partim
1199 3290 1384 3372 explorandi,
1399 3302 1510 3373 partem

312 3389 443 3452 hostium
458 3390 534 3451 fines
548 3390 711 3451 infestandi
724 3388 831 3472 gratie,
846 3390 955 3470 quibus
969 3389 1209 3470 expeditionibus
1223 3400 1284 3449 tam
1298 3389 1408 3471 praedis
1420 3388 1509 3470 qudm

312 3487 462 3549 incendiis
472 3487 629 3548 vastabant
638 3486 751 3568 oppida
759 3498 790 3548 et
800 3507 904 3569 pagos.
935 3487 1028 3560 Quod
1039 3498 1071 3548 ut
1080 3498 1292 3567 compererunt
1305 3486 1399 3565 Galli,
1414 3488 1509 3570 copias

313 3604 381 3645 suas
398 3584 497 3645 subito
516 3591 723 3645 convocarunt
742 3592 776 3644 ut
795 3582 912 3645 civitati
928 3603 1038 3665 pressa
1058 3593 1090 3645 et
1110 3583 1258 3646 deditioni
1282 3584 1426 3665 proximae
1445 3606 1507 3647 suo-

313 3690 477 3743 cnrrerent.
519 3680 660 3743 Ducebat
675 3680 776 3763 copias
793 3681 1001 3743 serenissimus
1015 3681 1261 3764 Auguinensium
1284 3682 1358 3744 Dux
1376 3682 1506 3745 milesia
