3225 4700
492 311 882 380 ITINERARIUM.
1219 312 1281 376 289

476 509 593 576 Latina
606 510 704 576 versio
718 510 760 575 sic
775 509 877 574 iubet.

53 607 113 708 >m
161 615 226 707 GO
240 645 412 707 Waltberus
431 646 592 708 Deveroux
607 645 707 708 Secrae
722 645 868 707 Cessareae
887 643 1057 725 Msjestatis
1074 642 1276 713 Camerarius,

182 747 213 800 et
225 759 315 819 snpra
327 759 420 799 unum
435 738 650 820 Regimentum
664 758 717 799 seu
732 738 895 820 Legionem
907 737 1085 818 Dragonum
1098 736 1275 797 constitutus

74 834 275 908 Colonellns,
289 834 370 895 hisce
388 843 492 894 notum
511 833 590 894 facio
605 833 753 908 omnibns,
772 833 855 914 quod
873 833 1053 894 reuerendus
1070 843 1100 893 et
1117 833 1276 914 perdoctus

75 931 242 992 D'cminus
254 929 347 990 Pater
360 929 488 990 Thomas
505 929 602 991 Carve
618 938 745 1008 quatuor
761 929 834 1009 ipsis
852 928 939 990 annis
957 928 988 988 in
1008 947 1076 988 meo
1093 928 1273 1009 Regimento

76 1049 135 1090 seu
153 1026 287 1108 Legions
300 1024 397 1086 officia
410 1024 515 1085 divina
527 1018 691 1105 perfecerit.
717 1023 857 1084 Libenter
869 1043 998 1104 quoqne,
1013 1030 1157 1102 quantum
1171 1022 1211 1082 ad
1224 1041 1272 1081 me

75 1125 209 1204 quidem
223 1121 338 1197 attinet,
353 1120 466 1182 diutins
479 1119 564 1180 illum
578 1139 696 1182 mecum
711 1119 887 1180 commorari
902 1128 1049 1199 optassem
1062 1117 1271 1179 etrolnissem.

77 1219 240 1293 Quoniam
255 1238 326 1278 vero
344 1219 406 1298 ipse
421 1217 512 1297 justis
530 1215 568 1278 de
586 1215 684 1277 causis
697 1215 716 1276 b
733 1235 782 1275 me
795 1215 999 1276 dimissionem
1015 1213 1111 1295 petiit,
1131 1232 1221 1293 seque
1233 1213 1272 1272 ad

76 1317 143 1377 alia
157 1315 226 1376 loco
238 1312 396 1374 transferre
410 1311 572 1383 constituit,
586 1330 645 1372 non
660 1309 745 1391 potui
759 1329 814 1370 nec
828 1309 918 1371 debui
931 1309 989 1392 ipsi
1003 1311 1042 1370 ob
1060 1309 1154 1371 ritem
1170 1306 1273 1368 lauda·

74 1413 187 1472 biliter
199 1420 313 1493 gestam
328 1420 358 1471 et
370 1429 466 1471 mores
480 1427 547 1487 qum
560 1406 734 1489 religiosum
748 1426 783 1468 ac
801 1406 928 1488 probum
943 1405 1134 1468 Sacerdotem
1153 1404 1271 1476 decent,

75 1507 157 1569 tales
177 1508 290 1568 litteras
308 1505 565 1566 commendatitias
583 1504 732 1585 denegare
751 1522 844 1585 qnare
857 1504 894 1564 ab
906 1503 1044 1564 omnibus
1061 1499 1208 1582 supremis
1226 1499 1272 1560 in·

77 1603 301 1681 ferioribusque
313 1600 488 1663 officialibus
502 1609 532 1662 et
545 1600 693 1680 equitibus
711 1600 916 1682 cujuscunque
935 1597 1089 1680 dignitatis
1108 1607 1139 1658 et
1156 1594 1271 1658 ordinis

78 1699 129 1760 illi
143 1699 215 1774 siut,
230 1697 393 1778 respective
411 1705 480 1778 peto
497 1716 588 1776 quam
602 1715 722 1776 possum
735 1694 865 1756 officiose
879 1703 913 1755 ut
926 1694 1065 1774 praesenti
1078 1693 1118 1754 R.
1134 1692 1174 1753 P.
1192 1691 1271 1753 Tho·

76 1817 140 1857 mee
157 1794 257 1856 Garre
270 1792 307 1855 ob
321 1790 524 1853 honorabilem
538 1800 568 1852 et
583 1790 651 1851 Deo
664 1788 823 1850 amabilem
836 1791 939 1865 vitam,
953 1809 1043 1868 quam
1061 1809 1160 1848 coram
1173 1788 1270 1849 omni·

77 1895 138 1952 bus
152 1891 280 1951 durante
292 1887 350 1948 boc
364 1887 560 1966 quadriennio
573 1887 637 1947 sine
654 1885 717 1948 ulli
735 1887 903 1967 suspicione
921 1885 1066 1959 exhibuit,
1085 1903 1204 1945 omnem
1217 1883 1270 1944 de·

79 1996 202 2049 centem
220 1983 362 2044 honorem
380 1983 488 2044 bonam
503 1981 721 2064 promotionem
739 1982 941 2064 optimamque
959 2002 995 2043 ac
1012 1979 1269 2063 propensissimam

80 2081 271 2143 voluntatem
290 2086 439 2160 prestent.
486 2077 526 2139 1d
545 2096 600 2158 pro
619 2077 701 2138 virili
721 2076 787 2139 mei
806 2098 879 2160 ergo
898 2099 1002 2140 omnes
1025 2075 1096 2138 dati
1115 2074 1268 2135 occasione

81 2193 276 2255 compensare
290 2174 428 2235 conabor.
452 2172 515 2235 Pro
528 2173 710 2257 majorifide
723 2174 940 2236 attestationem
954 2175 1031 2236 banc
1044 2191 1135 2235 manu
1150 2169 1268 2252 proprii

82 2269 255 2350 subscripsi,
271 2278 301 2331 et
313 2269 413 2331 nobile
427 2268 566 2352 Sigillum
581 2289 681 2331 meum
694 2271 838 2353 appressi‚
851 2271 955 2332 datum
967 2279 1126 2348 actumque
1145 2266 1266 2327 Sassen-

83 2373 184 2451 bergae
198 2367 230 2429 in
245 2366 397 2429 Comitatu
410 2365 625 2428 Waldeckensi
639 2368 668 2427 6.
684 2367 816 2459 Augusti
831 2366 923 2427 Anno
939 2369 1025 2426 1638.

736 2478 849 2555 (Luem
862 2476 988 2559 Sigilli.)

806 2590 1006 2651 Wsnunanus
1019 2590 1205 2652 Darsaoux.

124 2783 257 2847 Tertium
275 2784 406 2866 deniqne
424 2793 470 2846 est
488 2783 612 2845 Antonii
633 2782 778 2845 Marentii
797 2781 939 2862 Episcopi
960 2781 1130 2844 Petinenais
1147 2782 1264 2844 Vicarii

86 2882 241 2943 Generalis
255 2882 439 2943 exercituum
455 2881 486 2942 S.
507 2880 585 2943 Osee.
606 2878 785 2960 Majestatis.
827 2878 918 2951 Quod
933 2886 1057 2939 testatur
1073 2898 1122 2940 me
1139 2878 1263 2940 minime
1382 2951 1386 2960 1

24 3052 25 3055 ¹
84 2977 190 3039 malam
203 2978 296 3039 ritarn
310 2978 341 3065 in
352 2977 482 3040 exercitu
496 2977 601 3059 egisse,
621 2975 773 3057 quoniam,
791 2974 867 3037 mibi
883 2995 942 3038 non
961 2977 1085 3056 petenti,
1107 2974 1264 3037 ulteriores

24 3066 26 3099 ²
84 3076 207 3136 honores
219 3074 324 3137 defert.

880 3216 897 3251 ὃ
