3225 4700
480 331 921 402 ITINERARIUM.
1253 339 1312 404 bl·

96 481 197 564 lory,
207 491 237 546 et
249 481 434 546 Hinnersam
447 483 527 546 viros
537 486 570 546 in
580 484 684 567 paneis
693 495 828 548 strenuos
840 486 1044 569 adjunximus,
1053 485 1107 568 qui
1116 487 1297 569 propositam

88 581 224 660 jamque
248 580 341 662 prope
364 579 537 642 oonelusam
559 583 640 664 apud
661 581 781 645 Duoern
802 584 1033 665 deprecarentur
1054 583 1296 665 migrationem,

94 675 269 758 obligantes
289 677 372 738 dioto
392 676 476 738 Duei
500 677 646 739 universae
669 678 785 740 militiae
808 688 916 741 nostrae
939 699 1086 741 summam
1108 679 1214 752 fidem,
1235 679 1298 738 imo

97 790 207 833 omnes
222 772 313 848 vires,
329 773 424 834 vitam
440 783 471 834 et
488 773 675 854 sauguinem,
692 774 719 836 si
734 774 834 836 adhue
850 774 1072 856 aliquantisper,
1089 775 1191 855 quoad
1206 773 1297 834 militi

96 866 204 949 aliqua
223 868 329 930 mtem
348 869 450 930 media
469 867 590 930 aliunde
610 869 761 951 provideri
782 880 911 952 possent.
959 868 1038 942 Qum
1054 871 1176 951 quidem
1195 879 1298 932 nostra

98 962 190 1036 fides,
203 973 236 1026 et
250 965 384 1026 sinaei-as
398 965 431 1025 iu
446 964 595 1047 optimum
611 965 735 1028 Patrem
750 976 886 1036 nostrum
901 979 995 1042 amor,
1008 975 1124 1029 tautum
1141 965 1249 1047 potnit,
1262 975 1298 1026 ut

99 1061 179 1121 rotis
197 1062 305 1122 nostris
321 1070 477 1137 annueret,
493 1061 537 1122 ita
554 1070 589 1123 ut
604 1061 668 1122 sine
685 1071 785 1124 nostro
803 1081 950 1124 oonsensu
967 1061 1016 1124 vel
1033 1062 1138 1124 saltem
1154 1060 1295 1143 proeseitu

98 1154 241 1218 militiam
256 1157 432 1238 neutiquam
448 1157 583 1219 deserere
600 1157 779 1240 promiserit.
820 1157 881 1220 Oui
898 1157 991 1240 ipsius
1005 1157 1112 1240 gratim
1130 1178 1168 1218 ne
1184 1156 1295 1239 ingrati

99 1271 307 1334 argueremur,
321 1252 453 1314 universi
466 1261 612 1334 quotquot
626 1273 728 1316 sumus
742 1253 936 1319 Saeramento
951 1253 1034 1316 dioto
1048 1274 1103 1316 uos
1115 1253 1295 1336 obligamus,

99 1368 223 1430 ornnem
242 1348 301 1430 ipsi
318 1347 503 1426 fidelitatem,
520 1368 556 1410 ae
575 1349 667 1410 vitam
686 1349 726 1411 ed
741 1349 879 1411 ultimam
897 1369 991 1432 usque
1005 1349 1160 1432 sanguinis
1178 1355 1295 1430 guttam

99 1445 285 1526 impendero.
317 1445 340 1507 J
345 1465 465 1506 uramus
476 1463 593 1526 quoque
606 1443 774 1527 formaque
787 1465 941 1526 possumus
952 1443 1128 1520 solenniore,
1143 1452 1177 1505 ut
1189 1443 1215 1504 si
1228 1442 1296 1524 quis

99 1540 178 1602 sorte
191 1548 328 1602 nostrum
341 1541 470 1602 deeursu
481 1540 623 1622 temporie
635 1541 673 1602 ab
689 1539 745 1604 boo
757 1541 903 1622 promisso
918 1540 1106 1616 deseisoeret,
1120 1559 1176 1601 nos
1190 1557 1295 1599 omues

98 1657 184 1717 opes,
194 1637 338 1712 senuaar,
353 1636 447 1698 vitam
460 1647 491 1697 et
503 1637 678 1719 sanguinem
691 1637 888 1718 impensuros,
898 1637 1010 1718 atejus
1023 1634 1181 1718 perfidiam
1193 1633 1296 1696 debito

100 1732 194 1794 modo
208 1733 400 1795 uloboamur.
443 1731 522 1794 Hoeo
538 1732 640 1794 omnia
656 1732 720 1794 sine
738 1731 801 1794 ulla
818 1731 934 1806 bande,
951 1730 1032 1802 dolo,
1049 1731 1294 1810 aequivocatione,

101 1827 205 1890 nostri
213 1828 437 1911 subsignatione
447 1837 478 1891 et
489 1829 703 1910 subscriptione
713 1829 888 1890 roboramus
896 1835 928 1888 et
935 1824 1159 1888 confirmamus.
1180 1824 1296 1885 Pilsnae

104 1929 142 1986 12
156 1925 182 1988 J
183 1925 300 1986 aunarii
313 1926 406 1986 Auno
419 1928 505 1986 1634.

144 2020 231 2082 Hine
247 2019 335 2082 faede
348 2021 500 2104 colligitur
514 2041 605 2103 quam
619 2019 694 2082 Dux
709 2017 895 2080 Fridlaudira
909 2017 1044 2081 omnium
1057 2018 1150 2100 prope
1164 2014 1296 2078 militum

101 2117 220 2179 animos
229 2117 287 2179 sibi
296 2117 473 2193 devinxerit,
483 2136 633 2198 quamque
642 2116 795 2178 funestum
805 2115 979 2176 inoendium
988 2114 1172 2176 exoriturum
1181 2111 1295 2188 fuisset,

103 2213 166 2275 nisi
180 2214 237 2274 sub
249 2213 399 2275 cineribus
409 2214 538 2297 jamjam
551 2233 710 2296 erumpens
722 2211 827 2274 linisset
838 2211 1003 2294 opportuni
1014 2209 1156 2292 sopitum.

505 2404 696 2471 Mandatum
710 2404 905 2472 Oaesareum.

220 2544 271 2603 Ad
284 2544 384 2603 Duces
398 2541 480 2602 Belli
492 2542 528 2601 de
540 2542 684 2602 amotione
697 2540 851 2601 Fbldlondi
863 2539 902 2599 ab
915 2539 1042 2617 Imperio
1057 2537 1182 2597 Bellioo.

198 2710 251 2773 OS
267 2712 476 2797 Ferdinaudus
490 2712 555 2773 Dru
568 2711 663 2795 gratid
679 2712 848 2793 Imperator
861 2708 984 2771 Electus
998 2718 1029 2771 et
1042 2706 1167 2789 Imperii
1181 2726 1299 2787 semper

217 2810 385 2893 Augustus,
400 2810 457 2871 dre.
498 2809 631 2872 Salutem
651 2808 789 2871 omnibus
807 2806 1006 2869 Generalibus
1021 2802 1214 2878 officialibus,
1238 2802 1298 2864 Co-

102 2905 220 2967 lonellis
233 2906 324 2967 etiam
338 2915 483 2969 eteorum
496 2906 596 2967 loeum
609 2904 789 2977 tenentibus,
802 2903 976 2986 vigiliarum
988 2900 1136 2983 praesectis
1150 2898 1297 2979 Equitum

101 3003 300 3085 peditumque
326 3001 464 3077 tribunis,
492 3001 689 3082 omnibusque
714 3000 747 3060 in
776 2999 953 3061 auctoritate
976 2994 1100 3058 militari
1131 2994 1298 3056 constitutis

101 3120 172 3161 oum
186 3096 326 3161 comet
339 3096 436 3180 gratid
448 3098 589 3178 omnique
602 3098 751 3158 faustitote
764 3116 802 3157 ex
816 3095 916 3156 auimo
928 3112 1096 3175 precamur.
1123 3092 1298 3171 Notumque

100 3207 205 3258 tenore
227 3193 422 3275 praesentium
446 3194 593 3257 universis
615 3192 751 3268 facimus,
777 3191 869 3271 quod,
894 3198 1052 3271 postquam
1075 3188 1298 3269 pregnantibus

101 3291 336 3374 urgentibusque
349 3291 388 3352 de
401 3289 498 3351 causis
511 3288 607 3351 eoacti
620 3308 732 3364 sumus,
748 3286 1016 3348 Generalisaimum
1029 3294 1163 3345 noenum
1176 3282 1299 3364 Campi·

102 3390 260 3451 duetorem
276 3385 444 3449 necessario
463 3396 590 3459 mutare,
605 3404 708 3445 omnes
727 3382 904 3445 auctoritate
922 3378 1114 3461 imperatorie
1132 3379 1299 3440 eximamus

101 3484 312 3566 solvamusque
326 3485 500 3567 juramento
519 3480 642 3543 militari
660 3500 721 3562 quo
740 3479 823 3541 dioto
843 3476 925 3538 Duei
945 3484 1030 3538 arant
1049 3474 1184 3556 obligati.
1230 3472 1299 3535 Sta-

102 3582 216 3643 tuimus
229 3590 341 3655 autem,
353 3589 385 3641 et
398 3579 429 3639 in
444 3580 508 3661 ejus
521 3576 622 3639 locum
635 3576 675 3638 ed
687 3576 820 3649 interim,
831 3594 883 3636 seu
896 3572 1068 3634 ulteriorem
1080 3570 1298 3634 ordinationem

102 3686 234 3739 nostram
249 3677 446 3759 subrogamus
459 3674 603 3737 dilectum
616 3682 647 3736 et
658 3671 780 3735 lidelem
796 3669 882 3733 nobis
896 3668 1058 3731 Matthiam
1071 3666 1193 3730 Gallus:
1214 3662 1300 3725 volu·

692 3790 704 3828 1
