3225 4700
471 334 874 407 ITINERARIUM.
1236 350 1280 415 os

73 488 244 553 tallexerst
255 488 332 552 lorti
346 488 451 553 Gallus
461 488 587 552 militem
601 490 683 553 circa
695 489 748 551 hus
760 500 860 573 partes
869 488 980 551 alicubi
992 488 1104 554 bmrors
1113 492 1278 576 copiosum,

73 606 188 665 quun,
211 586 285 667 quia
300 585 416 649 hostilis
435 595 509 660 erat,
528 599 563 649 ut
580 587 717 651 obrueret
735 587 837 650 emisit
853 589 872 649 e
890 587 997 649 uostris
1016 588 1177 669 plusculos,
1196 593 1279 674 quod

72 682 184 763 ipsum
197 682 277 745 hosti
289 682 431 757 innotuit,
444 683 525 745 uude
538 683 601 764 ipss
615 702 733 764 quoque
745 683 786 745 nd
802 691 931 764 quatuor
943 683 1039 773 millia
1054 705 1175 748 suornm
1188 688 1279 749 desti-

77 788 135 840 uat
148 788 260 841 contra
272 788 398 855 nosnos,
412 798 482 841 oum
495 788 622 859 quatuor
637 778 794 841 tormentis
806 778 922 839 bellicis
936 780 1108 861 mqjonbus,
1122 802 1193 844 oum
1205 783 1278 845 rerb

76 874 239 955 utrimque
252 875 452 957 exploratores
464 874 607 937 referrent
619 873 713 950 varis,
728 882 834 935 neutra
844 892 913 955 pars
928 874 1051 937 alteram
1063 879 1190 960 aggredi
1206 898 1280 941 susc

77 978 137 1045 est,
151 970 258 1051 sicque
271 990 304 1033 re
316 969 428 1033 infecti
440 968 512 1031 iude
525 968 699 1031 discessum.
742 968 832 1031 Sueci
845 970 968 1047 interes,
982 991 1019 1033 ne
1032 973 1107 1052 quid
1119 974 1192 1035 alibi
1204 996 1278 1058 ueg-

78 1064 216 1147 ligereut
241 1066 450 1129 Fridlandiam
473 1064 662 1140 mcessivtre,
683 1072 858 1144 nostrosque
880 1065 913 1127 iu
937 1066 1120 1129 deditionem
1143 1074 1279 1153 obigere,

79 1161 173 1243 pacti
190 1162 315 1243 quidem
326 1161 421 1224 liberi
438 1161 613 1223 discedendi
631 1158 727 1241 mpii,
742 1159 795 1240 qui
813 1168 912 1221 tamen
930 1172 1033 1244 postes
1048 1164 1201 1244 promissis
1216 1186 1278 1229 non

79 1268 241 1335 steterum,
261 1259 469 1341 compulerunt
485 1258 566 1321 euim
582 1277 685 1319 omnes
703 1256 837 1319 volentos
853 1258 1045 1339 uolentesque
1062 1258 1102 1321 ad
1121 1278 1206 1321 arma
1224 1281 1280 1343 pro

83 1354 185 1417 Susco
196 1354 331 1417 suenda
373 1355 435 1417 Dia
448 1354 531 1417 sexti
545 1352 684 1417 Octobris
695 1352 790 1415 morit
800 1362 898 1415 casm
911 1352 1076 1427 Gallausus,
1087 1374 1157 1435 quae
1168 1354 1279 1420 bucus-

82 1470 143 1532 que
157 1451 244 1513 circa
257 1451 466 1535 Salmburgum
479 1450 595 1526 fixerat,
609 1457 753 1512 renerent
769 1449 851 1510 cuim
863 1470 902 1511 ex
914 1449 1013 1511 Ducis
1026 1450 1165 1513 Saxouim
1182 1453 1279 1516 milito

82 1548 157 1609 saue
174 1547 287 1611 selecto
301 1556 332 1611 ct
343 1548 454 1630 optime
470 1556 584 1611 armato
599 1564 686 1607 nosse
703 1545 858 1626 suppetiae,
872 1544 987 1626 ivitque
1003 1557 1107 1609 conns
1120 1548 1232 1611 Succos
1244 1550 1278 1611 iu

85 1642 245 1705 Dedorsm
285 1643 347 1705 Die
359 1644 463 1706 octavi
479 1642 560 1704 misit
574 1641 730 1705 Generalis
742 1649 843 1702 nostm
857 1641 1036 1721 quingentos
1049 1642 1159 1705 milites
1175 1666 1280 1708 omnes

85 1738 257 1817 officiarios,
278 1748 379 1822 utpote
397 1739 586 1822 Gopitsmeoq
604 1735 1056 1811 locumteucntes‚·rexilliferos,
1073 1748 1179 1801 contra
1190 1760 1279 1821 qnos·

86 1836 160 1897 dam
185 1835 341 1912 Suedicos,
360 1856 398 1898 ex
421 1836 530 1917 quibus
551 1834 665 1915 aliquos
688 1842 789 1914 captos
809 1832 1010 1907 adduxeruut,
1029 1832 1221 1915 vicissimque
1242 1857 1281 1899 ex

87 1931 199 1993 uostris
211 1931 306 2013 aliqui
317 1932 357 1995 ud
371 1931 485 1993 bostem
499 1930 677 1993 ductisunt.
719 1928 802 1991 Dum
817 1928 849 1989 in
863 1924 1003 1989 conlimis
1015 1926 1204 1990 Pomeranise
1216 1930 1279 1993 bse-

87 2047 201 2104 remus,
220 2028 262 2090 ud
283 2028 400 2109 Tussyu
424 2026 528 2090 urbem
549 2026 708 2087 mittuntur
726 2023 875 2087 Colonelli
895 2024 1067 2099 Dereroux‚
1087 2033 1118 2085 et
1137 2024 1220 2102 Gall,
1239 2028 1280 2090 ad

86 2124 299 2206 occupandum
309 2123 465 2187 Rrbeueck
479 2142 598 2206 mesum
607 2120 710 2204 magm
723 2120 878 2197 momenti,
888 2139 977 2201 quem
985 2122 1063 2201 jum,
1074 2118 1167 2183 inscio
1179 2130 1279 2185 umen

89 2218 234 2283 Generali
243 2229 354 2297 nostro,
365 2220 514 2283 insederat
524 2217 683 2281 Generalis
691 2216 848 2298 Wangler.
884 2214 978 2277 Hunc
991 2234 1060 2276 oum
1070 2218 1162 2299 prope
1174 2219 1278 2281 urbem

89 2316 246 2399 tepefiunt
260 2316 433 2394 Dereroux,
447 2325 528 2379 retus
542 2315 658 2378 bostem
674 2333 747 2389 essa,
762 2321 868 2375 contre
883 2312 982 2395 ipsum
996 2311 1041 2374 irs
1056 2312 1209 2395 cogitarit,
1225 2316 1281 2378 scd

89 2413 218 2475 vicinior
229 2434 267 2476 ex
280 2414 479 2496 papilionibus
491 2413 616 2496 agnovit
626 2431 663 2473 ex
678 2419 777 2472 nostro
788 2409 921 2471 exercitu
936 2429 1000 2470 esso
1013 2407 1157 2470 militem:
1178 2412 1281 2475 inrisit

88 2509 182 2591 igitur
192 2509 389 2594 Wauglerum
398 2509 461 2572 illic
473 2517 660 2593 presentem,
671 2507 759 2586 dquo
771 2505 902 2588 benigue
911 2516 1050 2586 acceptus
1062 2515 1117 2581 est,
1128 2506 1280 2589 literisque

89 2606 129 2669 ad
144 2605 315 2670 Gallusum
331 2606 409 2669 dstis
421 2606 459 2669 de
472 2605 576 2668 cestris
592 2603 723 2665 hostium
735 2621 896 2682 eorumque
911 2601 1043 2663 consiliis
1055 2601 1151 2664 dictos
1166 2605 1280 2685 equites

88 2701 215 2766 remisit.
255 2703 317 2765 Dic
329 2701 492 2765 undecimi
502 2701 610 2764 missus
622 2708 668 2764 est
680 2698 838 2762 Generalis
852 2697 930 2760 Sulis
940 2707 1045 2760 contre
1056 2697 1180 2775 bostem,
1190 2720 1280 2781 quem

89 2811 190 2862 tamen
203 2809 275 2862 tuuc
290 2799 414 2884 eggredi
427 2820 488 2861 uon
503 2798 608 2881 potuit.
651 2795 712 2858 Die
725 2793 905 2858 duodecimi
919 2794 1012 2857 bostis
1027 2794 1116 2876 pleni
1130 2796 1206 2871 scie,
1218 2807 1280 2859 tor·

89 2895 256 2979 mutisque
269 2897 383 2960 bellicis
394 2897 427 2958 in
440 2895 576 2958 ordinem
590 2893 751 2974 dispositis,
765 2901 870 2954 ocutus
882 2900 996 2954 nostrus
1007 2905 1143 2974 egressu
1154 2903 1209 2969 est,
1223 2915 1280 2976 pu·

90 2993 285 3074 iubemusque
302 2993 383 3056 certo
401 2991 648 3054 committendum
664 3009 727 3052 essa
744 2988 893 3071 pralium,
910 2989 964 3050 sed
981 3007 1051 3050 cum
1064 2987 1083 3049 d
1096 2988 1172 3051 colle
1189 3011 1280 3070 quem

92 3089 250 3166 innodent,
270 3089 409 3152 medere
426 3089 458 3151 iu
475 3087 647 3171 planiciem,
664 3086 716 3148 ubi
733 3085 827 3146 noemi
845 3085 1063 3166 operiebontur,
1081 3084 1184 3160 nollet,
1202 3087 1280 3151 nihil

92 3195 162 3248 tuuc
175 3186 298 3267 quidem
315 3195 414 3248 sotum
428 3193 482 3248 est.
523 3184 587 3246 ch
602 3183 676 3245 dum
694 3181 882 3263 aliquamdiu
897 3180 1085 3242 subsistimus
1103 3179 1225 3246 affatur
1240 3187 1281 3247 sd

92 3303 146 3346 nos
158 3301 240 3344 mors
253 3280 436 3365 landgravii
450 3281 579 3342 Hassiae.
621 3279 692 3341 Hoc
709 3277 814 3340 eodem
829 3285 962 3358 tempore
978 3275 1179 3358 imprudentid
1195 3278 1281 3341 Petri

94 3380 183 3456 Gens,
198 3399 270 3440 cum
288 3399 325 3442 ex
344 3378 449 3440 Suetin
467 3378 499 3438 in
520 3375 649 3439 Breuslo
665 3376 789 3438 duceret
803 3372 936 3456 legiones
953 3372 1076 3453 aliquus,
1093 3374 1225 3455 quinque
1241 3377 1280 3438 ab

91 3475 223 3538 hostibus
246 3474 418 3556 interceptus
444 3473 630 3536 interierunt.
682 3470 772 3533 Sexti
790 3468 909 3533 decimi
928 3469 1068 3532 Octobris
1087 3471 1142 3533 sub
1160 3481 1278 3533 noctem

93 3571 248 3635 classicum
261 3571 372 3634 cecinit
384 3577 484 3632 nostor
500 3569 657 3644 exercitus,
670 3567 798 3649 ideoque
810 3566 902 3628 nostri
916 3566 1006 3628 variis
1023 3567 1156 3648 partibus
1168 3568 1278 3650 egressi

94 3670 189 3732 sarim
196 3688 236 3731 ex
247 3667 331 3732 hoste
340 3667 474 3750 captivos
486 3665 685 3730 adduxerunt.
707 3663 796 3728 Noni
809 3660 926 3727 decimu
937 3662 992 3727 sub
1002 3681 1155 3744 vesperam
1167 3662 1278 3744 egressi
