3225 4700
317 363 380 428 132
708 353 734 420 Ι
739 350 1020 421 Turianam
1027 350 1108 423 ΠΜ.

313 512 386 576 reri
405 507 538 592 corporis
559 505 674 570 Christi
696 526 787 568 carne
809 504 942 583 dimissi,
964 506 1094 589 speciem
1110 526 1229 589 quoque
1247 508 1413 591 sauguinis,
1432 506 1526 571 velut

313 612 458 690 majorem
476 615 506 667 et
522 604 688 686 opiniorem
701 612 817 685 partem
832 604 1012 680 desiderant,
1027 612 1057 665 et
1069 602 1152 664 illam
1165 604 1296 685 perdunt
1309 614 1340 669 ct
1352 606 1431 669 hanc
1445 626 1527 670 nus.

315 725 406 788 qnam
424 702 584 784 recipiunt.
631 700 682 762 Ita
698 700 815 762 scilicet
831 699 905 761 solet
918 699 1088 781 frequenter
1103 700 1188 761 Deus
1200 720 1254 783 per
1266 700 1372 764 eadem
1385 702 1527 784 plectere

316 800 466 872 mortales,
477 819 530 879 per
542 817 610 878 quse
623 804 836 878 peceaverunt.
880 796 931 857 Sic
946 796 1069 858 Graecia
1081 796 1221 857 universa
1233 796 1395 859 'l'nrcicum
1402 802 1527 882 Jugum

317 898 417 962 subire
430 902 533 957 coacta
545 902 590 955 est
602 890 667 974 ipsi
681 891 714 952 S.
731 892 862 972 Spiritus
874 891 1059 967 solennitate,
1074 912 1164 972 quem
1177 892 1323 972 equalem
1337 914 1408 956 cum
1422 894 1526 956 Patre

319 1004 351 1057 et
364 993 443 1055 Filio
458 993 561 1053 Deum
573 1008 734 1071 agnoscere
747 988 924 1068 neutiquam
937 987 1087 1063 volebant,
1101 996 1159 1049 etc.

359 1087 531 1171 Devulguto
546 1086 696 1167 insperato
709 1084 833 1157 nuncio,
848 1092 962 1163 quauta
974 1084 1077 1165 ntique
1090 1083 1204 1146 civium
1218 1084 1389 1167 trepidatio,
1404 1094 1528 1166 quante

319 1187 453 1249 virorum
465 1182 716 1259 foeminarumque
730 1178 934 1259 comploratio,
949 1190 1079 1261 quantus
1094 1180 1224 1242 universi
1238 1181 1343 1264 oppidi
1354 1200 1526 1243 concursus

319 1284 359 1345 ad
379 1301 493 1365 preces,
510 1296 566 1360 pro
582 1293 691 1357 pecore
706 1273 814 1335 ultimo
830 1274 971 1356 egestatis
986 1296 1049 1338 sue
1063 1276 1157 1357 asylo,
1172 1286 1293 1339 exortus
1304 1278 1403 1340 subito
1413 1278 1522 1353 suerit,

318 1376 481 1441 difficulter
498 1370 598 1434 verbis
616 1369 807 1451 complectar.
859 1368 1068 1451 Prospiciebat
1085 1372 1150 1453 ipse
1168 1392 1323 1454 supremus
1342 1372 1524 1457 vigiliarum

320 1474 487 1535 Praefectus
494 1470 533 1531 de
544 1466 674 1529 fenestrh
683 1467 790 1529 domus
798 1486 861 1528 sute
869 1467 1013 1544 vetulum,
1023 1488 1114 1549 pecus
1123 1487 1222 1546 suum,
1231 1469 1353 1532 sublatis
1362 1471 1394 1531 iu
1405 1470 1522 1532 coelum

318 1569 413 1631 oculis
426 1566 623 1645 manibusque
637 1572 755 1625 rorante
768 1562 910 1643 lacrymis
923 1563 1021 1638 vultu,
1035 1564 1275 1645 subsequentem,
1289 1586 1345 1627 nec
1353 1566 1525 1627 sustinebat

286 1672 291 1679 ’
318 1673 382 1727 tam
395 1660 616 1723 lamentabilem
629 1668 782 1740 aspectum
793 1658 919 1731 diutius,
928 1659 1002 1740 quin
1011 1679 1114 1721 averso
1123 1662 1209 1723 vultu
1218 1681 1249 1723 se
1257 1662 1354 1743 ipsum
1362 1660 1522 1724 incusabat

318 1769 410 1822 tante
427 1756 556 1820 miserias
575 1765 737 1818 auctorem.
788 1752 843 1816 Nil
862 1764 963 1817 tamen
974 1755 1076 1818 mitior
1089 1756 1212 1819 effectus
1225 1758 1458 1839 prosequebatur
1470 1759 1521 1821 fu·

318 1865 435 1919 uestem
447 1853 556 1915 telam:
577 1852 661 1915 triste
675 1852 798 1914 omnino
812 1858 876 1913 erat
887 1860 1022 1932 spectare
1036 1871 1129 1913 auum
1142 1854 1334 1936 sexagenario
1343 1872 1404 1914 non
1415 1853 1522 1915 inferi-

320 1974 413 2028 orem,
434 1949 636 2012 adherentem
654 1948 726 2010 bovi
744 1969 806 2010 sue
826 1958 856 2009 et
874 1948 1085 2024 retrahentem,
1104 1949 1229 2011 militem
1248 1958 1352 2011 contra
1368 1950 1520 2012 immitem

319 2049 425 2132 flagris
437 2046 621 2108 obnitentem
634 2044 891 2125 abducentemque
905 2044 1051 2127 gaudium
1061 2052 1091 2105 et
1099 2044 1282 2126 voluptatem
1290 2044 1409 2107 vetule.
1439 2045 1522 2118 Quse

320 2143 370 2205 hle
384 2141 569 2217 devotiones,
584 2140 797 2213 execrationes,
810 2139 1002 2222 blasphemiae
1011 2138 1201 2201 lamentantis
1209 2140 1310 2222 populi
1319 2152 1429 2203 secute
1437 2142 1503 2205 sint
1510 2166 1521 2220 ς

324 2248 436 2301 norunt
447 2237 494 2299 illi
506 2236 560 2318 qui
573 2236 708 2298 miserias
720 2236 844 2297 omniuo
855 2235 1027 2318 splendidas
1039 2236 1096 2317 ipsi
1110 2256 1210 2298 coram
1222 2236 1427 2318 inspexerunt.

363 2336 438 2397 'lam
452 2333 531 2396 tristi
544 2332 648 2394 morbo
661 2332 847 2413 aliquatenus
859 2330 1001 2394 leniendo
1013 2331 1153 2394 ultimum
1166 2341 1230 2394 erat
1243 2334 1421 2410 remedium,
1436 2343 1474 2397 nt
1487 2334 1522 2396 in

322 2432 432 2514 vulgus
445 2439 634 2514 spargeretur
645 2428 794 2491 Colonelli
810 2429 973 2490 Deveroux
987 2427 1161 2512 Fridbergae
1174 2439 1246 2490 tunc
1260 2431 1397 2513 degentis
1407 2451 1444 2492 ea
1453 2451 1522 2493 esse

318 2531 415 2611 jussa,
426 2527 562 2607 bquibus
569 2545 727 2607 supremus
734 2524 907 2607 vigiliarum
916 2523 1094 2600 Praesecsus,
1103 2524 1243 2587 uelatum
1253 2526 1376 2606 quidem
1385 2547 1522 2610 unguem

1597 2042 1599 2173 l

322 2625 475 2686 discedere
492 2630 609 2704 posset,
638 2629 788 2703 cogantur
808 2621 909 2700 itaque
929 2638 1024 2681 unum
1039 2620 1180 2682 inlocum
1195 2642 1304 2703 pecora
1315 2623 1416 2684 omnis
1428 2624 1523 2684 totius

324 2720 438 2802 oppidi,
457 2719 548 2780 etiam
561 2717 615 2780 ille
633 2737 702 2798 que
721 2715 755 2777 in
772 2715 889 2777 liberis
905 2715 1020 2778 aedibus
1034 2715 1182 2780 Generosi
1197 2719 1324 2780 Domini
1337 2717 1468 2780 Comitis
1482 2721 1522 2780 de

325 2816 491 2899 Gronberg,
509 2815 695 2895 aliorumque
716 2811 936 2874 Prenobilium
958 2812 1160 2875 Dominorum
1185 2814 1462 2897 Cronbergerorum
1481 2816 1523 2876 ad

324 2912 482 2974 officiarios
498 2911 662 2974 eorundem
681 2910 868 2992 spectabant,
887 2929 947 2970 non
965 2909 1029 2970 sine
1047 2909 1107 2971 bile
1123 2918 1153 2972 et
1170 2911 1278 2972 acerbo
1295 2911 1520 2993 inspicientium

324 3006 488 3073 stomacho.
538 3006 675 3068 Proeerat
683 3016 764 3077 ,tunc
782 3006 858 3068 forte
873 3006 993 3068 nomine
1008 3005 1185 3088 perillustris
1199 3005 1326 3069 Domini
1338 3007 1468 3069 Comitis
1481 3007 1521 3067 de

325 3103 483 3185 cronberg
498 3102 588 3166 homo
611 3101 643 3164 in
665 3103 768 3186 paucis
785 3102 944 3178 humanus,
966 3110 997 3164 st
1012 3103 1043 3163 iu
1059 3103 1196 3166 ordinem
1214 3103 1376 3166 militarem
1388 3103 1520 3166 multum

325 3197 459 3274 effectus,
474 3199 527 3280 qni
540 3220 611 3262 cum
625 3199 817 3263 Colonellum
832 3201 995 3262 Deveroux
1007 3198 1087 3260 sieut
1100 3209 1131 3260 et
1143 3199 1284 3262 officiales
1296 3199 1371 3262 alios
1382 3200 1521 3282 manipu-

325 3295 482 3374 lornmque
495 3295 644 3371 ductores,
658 3315 738 3378 saepe
750 3297 792 3357 ad
805 3295 966 3378 prandium
979 3313 1058 3377 saepe
1066 3296 1106 3357 ad
1116 3315 1233 3358 emnam
1241 3295 1393 3370 invitdrat,
1402 3295 1522 3357 summi

326 3409 397 3452 cnm
407 3390 622 3454 benevolentiae
631 3393 895 3467 demonstratione,
903 3390 1210 3467 cui,sinllialteri,ob
1216 3391 1312 3453 multa
1319 3391 1352 3452 in
1361 3390 1521 3474 Principes

327 3485 469 3568 legionis
480 3486 590 3549 collata
602 3487 746 3569 obsequia
757 3487 841 3569 parci
853 3487 961 3548 merito
969 3486 1129 3565 debuisset,
1141 3489 1171 3550 ei
1179 3487 1263 3550 nullo
1272 3487 1375 3549 habito
1383 3496 1520 3568 respectu

326 3581 479 3656 amicitiae,
493 3582 525 3643 in
538 3583 642 3665 primis
655 3593 767 3665 septem
781 3583 959 3644 eximiorum
972 3584 1064 3644 boum
1077 3585 1176 3664 capita
1186 3586 1224 3647 ab
1236 3595 1303 3646 acta
1315 3592 1395 3659 sunt,
1407 3583 1519 3662 vixque

326 3678 455 3763 paucula
467 3679 570 3743 multis
585 3679 713 3744 Petrum
725 3679 883 3742 Societatis
891 3679 916 3742 J
916 3699 969 3744 esu
983 3679 1047 3742 illic
1054 3679 1255 3743 habitantium
1264 3681 1412 3768 precibus,
1420 3687 1520 3742 extor-
