3225 4700
323 316 364 387 rs
697 305 1117 401 rrrnssssrou.

321 461 420 526 Gallis
436 460 609 543 eripuimus.
652 456 714 521 Hio
730 479 799 521 cum
817 468 960 541 proteres
978 458 1056 520 nihil
1072 458 1211 531 obstaret,
1229 463 1263 517 ut
1279 453 1379 535 copies
1395 460 1518 515 nostres

320 579 391 621 cum
411 555 618 639 Burgundicis
636 557 895 639 conjungeremus,
915 555 1024 638 viginti
1040 554 1174 636 quinque
1192 550 1323 613 millium
1345 549 1518 611 exercitum

320 654 526 715 conflavimus.
572 652 634 713 Die
652 650 797 735 vigesimi
816 649 904 712 tertii
923 650 1057 732 Augusti
1078 648 1289 713 Serenisimus
1310 645 1522 727 Irotbaringiae

321 752 396 813 Dux
409 771 478 813 cum
488 757 615 831 quatuor
624 748 754 811 militum
766 747 899 811 millibus
912 746 952 808 ad
963 766 1020 807 nos
1031 746 1165 817 accessit,
1175 754 1210 806 nt
1219 744 1275 806 toti
1286 741 1430 805 exercitui
1440 760 1521 802 cum

320 847 446 927 imperio
456 864 571 911 summo
580 853 719 927 preesset
727 866 737 922 ;
753 864 844 927 quem
854 842 929 905 festo
937 842 1168 905 bombardorum
1177 840 1277 903 sonitu
1285 836 1522 901 submississime

320 942 524 1018 salutavimus,
540 941 661 1023 ipseque
674 940 759 1003 nobis
770 939 905 1002 vicissim
918 937 979 1020 qui
990 937 1089 1000 verbis
1100 936 1161 1018 qui
1172 936 1277 1019 siguis,
1288 934 1423 1018 galerum
1434 952 1521 994 sem·

320 1058 374 1121 per
389 1058 481 1099 manu
495 1036 667 1119 preferens,
679 1056 828 1099 summam
843 1035 1057 1097 humanitatem
1072 1033 1216 1097 exhibuit.
1257 1031 1423 1093 Obsidebat
1437 1039 1520 1091 tunc

322 1134 434 1196 Dolum
448 1134 600 1197 civitatem
614 1132 803 1213 Burgundiae
817 1138 848 1191 et
860 1130 943 1191 omni
955 1130 1129 1193 munitionis
1142 1148 1262 1212 genere,
1275 1136 1306 1189 et
1319 1127 1405 1189 bonis
1419 1124 1522 1187 literis

320 1231 516 1293 clarissimum
534 1228 682 1308 Princeps
697 1225 849 1288 Condmus
865 1224 974 1286 Gallus
988 1245 1059 1287 cum
1074 1225 1186 1287 eximio
1199 1233 1232 1286 et
1244 1224 1353 1287 selecto
1367 1223 1519 1295 exercitu,

320 1335 426 1389 contre
441 1344 531 1405 quem
547 1342 631 1383 arma
644 1321 868 1404 expedivimus:
891 1319 956 1382 Hic
970 1322 1042 1382 verb
1060 1342 1130 1385 cum
1147 1319 1226 1383 vires
1242 1329 1358 1383 nostras
1373 1319 1519 1401 majores,

320 1422 412 1502 quim
429 1418 606 1492 crediderat,
620 1418 737 1480 audivit
753 1417 835 1479 haud
850 1437 988 1479 securum
1004 1427 1160 1499 expectare
1175 1427 1268 1493 ratus,
1281 1416 1432 1478 succensis
1446 1424 1519 1476 ten-

320 1517 404 1578 toriis
415 1514 504 1577 solvit
517 1522 624 1589 cestra,
635 1522 666 1575 et
677 1512 751 1597 iugi
760 1513 866 1575 infami
879 1512 1012 1593 quidem,
1023 1515 1076 1575 sed
1088 1512 1193 1575 securi
1201 1511 1317 1593 elapsus
1329 1519 1384 1574 cst.
1409 1511 1521 1573 Nostri

320 1612 376 1673 etsi
393 1610 588 1673 libentissime
607 1610 791 1672 adversarios
809 1609 936 1671 insecuti
953 1608 1088 1685 fuissent,
1104 1609 1177 1691 quis
1193 1618 1294 1670 tamen
1311 1608 1424 1680 uineta,
1437 1608 1521 1669 inter

320 1728 389 1790 qure
412 1707 600 1780 incedebant,
619 1707 791 1786 expeditum
812 1728 933 1769 cursum
952 1706 1165 1789 impediebant,
1184 1704 1321 1786 spiritum
1341 1711 1519 1785 promptum

321 1805 393 1868 licet
406 1804 486 1885 tegre
503 1802 666 1863 admodum
684 1804 881 1883 comprimere
898 1804 1075 1865 debuerunt.
1117 1801 1305 1863 Obsedemnt
1316 1799 1394 1861 bunc
1411 1798 1519 1860 urbem

321 1900 416 1962 tribus
430 1898 502 1979 ipsis
515 1898 665 1959 mensibus
678 1898 818 1959 maximis
831 1900 973 1979 impensis
984 1898 1077 1973 Galli,
1088 1897 1142 1959 sed
1155 1897 1245 1978 prope
1257 1896 1332 1957 nibil
1345 1895 1436 1957 lende
1448 1895 1519 1976 dig·

321 2017 406 2069 num,
420 1993 468 2056 vel
484 1992 675 2055 memorabile
691 1993 754 2055 tott
770 1993 823 2054 int
836 1995 989 2055 obsidione
1006 2003 1194 2076 peregerunt,
1208 2002 1239 2054 et
1254 2012 1309 2073 pro
1322 1989 1418 2074 glorii
1435 2008 1519 2051 sum·

321 2111 402 2151 mam
414 2090 610 2171 ignominiam
619 2088 791 2151 retulerunt.
815 2089 922 2152 Soluti
929 2089 1181 2172 igiturobsidione
1191 2085 1520 2170 pcrsexercitusnostri

321 2186 354 2246 in
366 2185 536 2246 ulteriorem
552 2184 682 2246 Galbam
696 2186 856 2266 promovit,
868 2206 936 2265 pars
948 2187 981 2246 in
993 2184 1176 2268 Burgundii
1187 2186 1220 2245 in
1232 2204 1352 2246 omnem
1364 2184 1518 2245 fortunam

323 2282 447 2356 intente,
462 2280 607 2341 substitit:
631 2300 669 2341 ne
682 2290 782 2341 tamen
796 2281 884 2364 plani
897 2282 1061 2343 otiarentur
1071 2281 1215 2365 vigesimo
1227 2280 1360 2341 secundo
1373 2279 1518 2362 Augusti,

323 2385 437 2459 septem
446 2377 582 2457 equitum
595 2376 752 2438 Gallorum
763 2387 876 2439 turnum
886 2379 1059 2439 omnimodo
1068 2377 1280 2460 disperserunt.
1301 2377 1436 2457 Iamboy
1445 2395 1520 2436 vero

323 2483 414 2555 ponte
424 2473 530 2534 stravit
540 2472 678 2548 fluvium,
688 2494 741 2555 per
751 2494 840 2555 quem
850 2475 1014 2536 exercitum
1024 2495 1113 2536 suum
1121 2474 1248 2536 Graium
1258 2493 1361 2535 versus
1371 2474 1517 2534 traduxit.

324 2571 381 2631 Est
392 2569 483 2650 porrb
499 2567 627 2630 Graium
640 2569 745 2630 civitas
757 2591 817 2630 non
831 2579 894 2632 tarn
905 2581 990 2632 vesta
1001 2571 1094 2651 quim
1109 2571 1236 2645 mnnita,
1249 2579 1378 2651 apteque
1392 2571 1519 2632 saevien·

323 2667 399 2727 tium
413 2663 544 2726 bostium
557 2663 687 2730 fororem
700 2665 869 2727 retundere.
899 2666 963 2728 Hic
976 2668 1049 2729 dum
1059 2666 1246 2729 subsistimus
1258 2665 1352 2728 multa
1364 2665 1521 2728 hincinde

323 2760 455 2823 hostibus
468 2761 579 2822 damna
591 2761 739 2836 dedimus,
755 2762 855 2841 quoad
867 2762 1029 2823 undecimo
1044 2762 1226 2845 Septembris
1239 2771 1335 2824 cosm
1346 2771 1449 2824 nostru
1461 2762 1520 2823 sol·

323 2877 392 2920 vere
401 2856 479 2939 jussi
492 2877 605 2931 sumus,
617 2876 652 2916 uc
665 2866 780 2918 nostras
794 2859 894 2940 copiss
907 2879 978 2920 cnm
992 2857 1188 2921 Gallussiuuis
1194 2859 1336 2940 jungere,
1346 2858 1521 2921 intendebat

324 2954 404 3014 euim
421 2952 526 3013 Galles
543 2953 774 3014 Wimsriensem
791 2974 862 3015 cum
878 2953 1039 3017 Cardinale
1057 2955 1097 3016 de
1113 2954 1143 3016 lu
1160 2954 1279 3016 Velette
1296 2955 1328 3014 in
1345 2954 1519 3016 ulteriorem

325 3049 458 3109 Gallium
475 3069 594 3131 cogere,
606 3069 644 3109 ne
657 3059 725 3130 post
742 3069 773 3109 se
786 3049 882 3110 ullum
899 3059 1031 3112 metuere
1044 3050 1165 3112 deberet
1180 3050 1355 3112 exercitum.
1397 3050 1469 3113 Hoc
1486 3051 1520 3111 in

324 3143 429 3203 itinere
450 3144 561 3205 Oroete
580 3145 704 3226 quidam
723 3145 824 3206 nescio
844 3166 903 3226 quo
923 3146 984 3207 fato
1000 3148 1032 3207 in
1053 3148 1320 3230 Burgundicorum
1340 3148 1519 3209 rusticorum

325 3257 431 3298 manus
446 3238 525 3300 solus
538 3241 654 3302 delatus
669 3251 724 3314 est,
736 3261 827 3322 quem
840 3241 1021 3323 expoliatum
1034 3244 1173 3305 omnibus
1187 3244 1290 3304 virum
1304 3243 1516 3305 inhumaruntt

325 3333 440 3396 Triduo
455 3346 523 3417 post
540 3356 608 3398 cum
627 3337 720 3398 nostri
740 3337 898 3420 Drugones
914 3338 1000 3399 illum
1017 3340 1118 3402 locum
1135 3341 1305 3413 transirent,
1323 3340 1517 3422 viderentque

326 3430 476 3494 insuetum
493 3442 523 3494 et
536 3453 647 3494 novum
665 3434 728 3496 illic
743 3434 903 3511 tumulum,
922 3444 1065 3517 putarunt
1081 3437 1228 3519 preciosas
1244 3437 1306 3498 illio
1324 3457 1372 3498 res
1386 3436 1519 3498 defossas

324 3526 416 3588 latere
433 3527 597 3610 effossique
609 3529 711 3607 humo,
725 3531 759 3591 in
775 3530 917 3593 Croatam
933 3533 1070 3594 nondum
1085 3533 1252 3594 exanimem
1270 3534 1450 3610 inciderunt,
1464 3532 1518 3613 qui

325 3644 395 3686 cum
404 3634 501 3688 erecto
511 3625 633 3688 brachio
645 3627 774 3710 petiisset
787 3627 931 3691 auxilium
941 3649 973 3692 se
982 3629 1164 3712 surrigendi,
1173 3649 1244 3692 mox
1256 3629 1375 3713 rogavit
1387 3631 1455 3712 quis
1466 3630 1518 3693 ille
