3225 4700
319 338 384 403 380
714 333 1139 401 ITINERARIUM.

321 512 388 552 sum
405 489 594 571 Herbipolim
610 488 714 550 reduci
726 489 831 561 voluit,
843 509 878 550 ac
894 489 1081 550 insolubilem
1098 489 1219 572 insuper
1230 489 1367 571 pecuniae
1379 507 1536 549 summam
1586 565 1587 590 1

324 588 435 670 exegit.
1586 639 1587 662 ζ

365 684 485 744 Exinde
506 681 602 743 facilis
619 682 677 742 fuit
696 683 870 764 conjectura
890 704 951 763 quo
968 683 1136 746 istiusmodi
1157 683 1295 744 incursus
1314 691 1481 765 spectaret.
1504 702 1539 742 ea
1586 675 1587 702 ³

325 793 446 862 propter
464 779 770 841 Sclrweinfordienses
788 781 915 860 tempori
932 781 970 841 de
988 781 1127 862 augendo
1143 781 1285 862 prsesidio
1303 781 1495 862 cogitarunt,
1511 790 1541 838 et

324 878 364 938 nd
384 899 434 938 eas
450 899 517 958 quas
537 879 575 938 de
595 877 713 958 legione
734 877 853 960 AEgidii
874 879 963 938 Hasii
983 879 1085 959 copias
1107 879 1211 939 urbem
1231 877 1437 939 defendebant
1459 878 1539 937 duas

324 975 458 1054 equitum
478 973 628 1034 centurius
647 984 677 1034 et
694 973 843 1055 legionem
864 972 1061 1035 lotronianam
1084 975 1218 1055 peditum
1237 975 1424 1036 acciverunt.
1472 974 1538 1034 Ex·

325 1072 484 1132 tenderent
505 1091 536 1131 se
556 1071 629 1130 verb
654 1070 818 1131 adversarii
839 1071 951 1132 milites
973 1092 1024 1153 per
1046 1071 1194 1133 Tuberam
1217 1071 1406 1132 chsovium
1436 1093 1536 1152 usque

324 1168 367 1228 ita
379 1178 414 1228 ut
431 1167 686 1228 Merchentheiuii
704 1167 787 1228 mille
806 1167 965 1251 quingenti
983 1168 1108 1251 pedites,
1124 1169 1281 1250 Rottiugae
1299 1179 1399 1228 autem
1417 1179 1452 1228 et
1467 1167 1535 1227 aliis

326 1263 434 1324 vicinis
455 1264 528 1325 locis
548 1264 681 1345 reliquus
700 1265 848 1326 exercitus
869 1265 1044 1326 haereretis
1067 1266 1241 1326 universum
1261 1265 1424 1327 duodecim
1448 1266 1534 1346 equi·

324 1372 389 1421 tum
402 1360 545 1443 legiones,
560 1370 590 1422 et
609 1372 721 1442 septem
737 1372 845 1422 turmae
860 1362 1005 1442 peditum.
1048 1363 1163 1424 Contra
1176 1362 1230 1423 hos
1246 1363 1412 1444 opportune
1430 1381 1535 1422 move·

325 1467 395 1519 runt
410 1459 522 1519 Bavari
542 1469 571 1520 et
588 1459 612 1520 J
614 1479 740 1519 oannem
758 1459 882 1539 quidem
901 1460 939 1520 de
955 1459 1061 1520 Werth
1076 1459 1106 1519 in
1126 1459 1274 1519 similibus
1287 1459 1533 1538 expeditionibus

325 1557 494 1638 probatum,
513 1556 731 1636 proemiserunt,
751 1556 805 1636 qui
827 1567 860 1617 nt
880 1557 918 1616 de
939 1556 1177 1616 adversariorum
1204 1556 1330 1616 statione
1351 1555 1466 1628 resciit,
1481 1556 1532 1616 de·

326 1654 422 1716 crevit
434 1654 601 1734 irruptione
616 1653 695 1714 facta
713 1653 847 1714 Martem
861 1653 988 1735 experiri
1002 1675 1011 1730 3
1032 1653 1085 1714 sed
1106 1673 1175 1714 cum
1190 1652 1228 1714 de
1247 1673 1301 1712 suo
1315 1653 1450 1713 adventu
1467 1653 1530 1732 jam

325 1752 356 1812 in
372 1760 469 1812 eastra
484 1751 696 1811 Wimariensic
709 1749 791 1810 allati
805 1760 904 1810 essent
918 1749 1032 1819 nuncii,
1045 1761 1118 1810 tunc
1132 1749 1254 1829 quidem
1267 1749 1427 1810 consilium
1440 1770 1528 1810 suum

327 1849 357 1908 in
372 1850 536 1909 adventum
547 1847 645 1908 omnis
656 1848 803 1909 exercitus
815 1845 936 1908 differre
946 1847 1059 1907 statuit.
1090 1846 1162 1907 Non
1173 1845 1268 1906 multb
1279 1859 1379 1907 autem
1393 1857 1460 1928 post
1471 1847 1529 1907 alia

327 1966 359 2006 se
372 1944 579 2026 opportunitas
590 1943 706 2005 bostem
719 1943 883 2004 invadendi
899 1942 1016 2004 obtulit.
1058 1941 1138 2003 Cum
1149 1943 1230 2004 enim
1241 1941 1334 2002 hostis
1348 1961 1410 2001 nou
1422 1943 1528 2022 procul

330 2039 547 2102 Schorndorlio
578 2040 739 2100 commodo
762 2039 830 2100 loco
856 2040 934 2101 iuter
961 2041 1035 2102 duos
1063 2039 1172 2100 fluvios
1198 2037 1391 2114 constitisset,
1422 2040 1528 2100 eodem

328 2136 442 2220 quanti
466 2137 563 2218 potnit
585 2136 737 2197 celeritate
758 2134 913 2197 Wertlrius
933 2137 1115 2218 properavit,
1137 2146 1168 2198 et
1188 2137 1366 2217 intempesta
1386 2145 1476 2196 nocte
1497 2137 1526 2196 iu

329 2234 633 2316 Witgensteinianam
655 2244 685 2293 et
706 2232 889 2293 Olrmianam
910 2233 1058 2314 legionem
1081 2253 1165 2293 erma
1184 2233 1306 2306 direxit,
1328 2231 1381 2298 sed
1402 2253 1460 2292 nec
1480 2231 1528 2293 bic

329 2330 499 2415 expeditam
513 2331 595 2391 rium
608 2339 641 2391 nt
655 2330 793 2412 sperabat
808 2329 927 2410 reperit,
943 2349 1011 2390 cum
1028 2329 1108 2390 enirn
1125 2349 1198 2411 pons
1209 2348 1317 2391 saxeus
1331 2347 1420 2410 quem
1436 2327 1528 2390 bostis

329 2438 601 2509 praeoccupaverat,
628 2428 825 2489 transeundus
847 2438 932 2500 esset,
953 2426 1002 2488 hic
1023 2428 1152 2508 primdm
1175 2426 1372 2509 pugnandum
1395 2426 1454 2487 suit
1474 2447 1526 2507 pro

328 2524 468 2598 transitu,
484 2524 567 2605 quod
582 2526 655 2586 dnm
671 2524 705 2585 fit
719 2525 789 2587 duae
810 2526 901 2586 dietae
915 2524 1048 2608 legiones
1062 2523 1143 2585 nacti
1158 2537 1227 2585 sunt
1242 2533 1358 2583 tautum
1374 2523 1527 2603 temporis,

329 2631 364 2681 ut
382 2641 475 2701 equos
494 2641 598 2701 parare
619 2632 649 2683 et
669 2624 872 2683 conscendere
893 2621 1020 2683 licuerit
1061 2620 1121 2681 Eos
1141 2620 1336 2680 nihilominus
1357 2619 1527 2681 Werdriani
1586 2626 1587 2691 ζ

330 2716 479 2776 invadunt
491 2730 522 2778 et
535 2738 634 2799 operae
648 2738 710 2779 suae
725 2720 860 2798 precium
875 2718 1003 2780 feliciter
1023 2718 1155 2779 referunt
1171 2728 1326 2777 sexcentos
1346 2736 1438 2797 equos
1456 2738 1525 2777 cum

329 2812 465 2894 pluribus
479 2813 656 2876 officialibus
671 2828 702 2876 et
715 2836 766 2876 sex
783 2816 878 2897 siguis
896 2816 1100 2895 equestribus3
1123 2814 1176 2894 qui
1194 2816 1345 2894 utrimque
1364 2813 1525 2875 desiderati

329 2909 443 2970 fuerint
470 2910 575 2971 resciri
600 2931 660 2972 nou
689 2912 796 2993 potuit,
821 2933 858 2973 ex
878 2912 1062 2973 Werthianis
1080 2911 1161 2973 certe
1183 2911 1280 2972 abfuit
1299 2910 1468 2992 Stephanus
1486 2913 1526 2972 dc

332 3005 438 3066 Werth
453 3007 504 3087 qui
518 3008 630 3087 primos
643 3008 778 3089 equitum
792 3007 963 3089 manipulos
978 3009 1115 3070 duxerat.

371 3102 447 3164 Post
459 3115 519 3165 tarn
540 3104 643 3166 felices
662 3125 816 3166 successus
831 3104 986 3167 Werthius
1007 3104 1202 3186 Giippingam
1216 3104 1345 3165 tentavit
1357 3124 1449 3183 quam
1464 3114 1523 3165 tue-

331 3200 450 3273 bantur,
465 3211 575 3281 praeter
588 3201 680 3275 cives,
700 3204 756 3260 120
772 3202 996 3277 Wimarienses,
1012 3201 1065 3281 qui
1080 3221 1149 3261 cum
1164 3212 1315 3282 sperarent
1326 3201 1343 3260 d
1353 3200 1472 3263 Comite
1486 3201 1522 3261 de

331 3295 497 3357 Gucbriam
513 3296 626 3357 auxilia
647 3298 827 3359 obstiterunt
841 3317 951 3380 magno
969 3297 1128 3369 mumulo,
1143 3317 1213 3357 uam
1229 3304 1262 3357 ut
1275 3297 1304 3357 vi
1320 3298 1441 3358 taudem
1458 3319 1520 3379 per·

329 3404 475 3473 ruperunt
492 3394 674 3468 Werthiani,
697 3405 844 3477 quotquot
863 3396 894 3456 in
916 3397 1008 3456 armis
1028 3405 1201 3477 repererunt
1216 3404 1311 3455 morte
1332 3394 1519 3456 mulctarunt.

330 3488 545 3550 Wimarienses
558 3511 676 3571 quoque
690 3501 754 3552 tum
769 3492 892 3572 quidem
906 3512 966 3552 non
981 3492 1166 3569 desidebant,
1181 3492 1367 3577 Rettlingam
1382 3495 1461 3555 enirn
1474 3516 1518 3556 ce·

330 3595 440 3665 petunt
452 3596 482 3646 et
497 3585 726 3669 Roteuburgum
740 3587 900 3649 duodecim
915 3589 1050 3669 equitum
1064 3590 1214 3651 centurias
1229 3590 1429 3652 deduxerunt.

373 3680 453 3743 Haec
467 3681 599 3743 ineuntis
612 3684 684 3745 anni
697 3684 780 3746 suere
794 3685 954 3767 principia.
997 3684 1074 3758 Quae
1088 3696 1253 3769 sequuntur
1270 3688 1309 3748 ad
1327 3687 1516 3749 Februarium
