3225 4700
491 365 895 435 Juruuuseruu.
982 448 992 469 ι
1055 394 1057 399 ,
1224 367 1289 431 339

125 514 334 592 Accedebant,
345 520 480 581 nondum
494 521 585 600 plena
597 521 661 582 acie
674 521 811 596 formata,
824 520 1010 601 Imperiales,
1018 540 1146 601 quornm
1154 517 1283 591 sinistra,

82 619 304 691 qnam‘vocant
321 615 379 691 ala,
401 617 537 677 nondum
556 620 688 677 coiverat
705 618 737 677 in
759 618 907 679 ordinem.
947 616 1038 678 Hauc
1053 616 1210 677 Generalis
1225 616 1286 675 Ar·

82 707 183 769 furtas
198 710 399 795 Witteuberg,
414 714 572 774 comitatus
584 713 766 785 Stalhansio,
780 715 904 776 adortus
914 723 959 774 est
970 713 1234 775 tantaiortitndiue
1249 720 1284 772 ut

82 825 150 865 eam
171 806 234 867 und
254 827 324 869 curn
346 810 481 889 peditatu
500 809 582 870 illius
600 810 786 890 aliquantum
808 810 988 871 confuderit.
1030 808 1097 870 Nec
1119 810 1283 870 minoribus

78 902 190 963 animis
203 903 409 965 caesareorum
422 906 546 967 dextera
559 906 606 967 ela
619 907 770 968 sinistrum
786 907 952 969 Succorum
965 926 1105 988 aggressa
1119 905 1225 978 fuerat,
1239 906 1282 966 ita

80 1000 227 1060 utstatim
238 1001 278 1061 ad
292 1022 403 1084 pugnas
414 1002 499 1063 initis
511 1003 710 1086 Schlengium
719 1004 845 1065 militem
855 1004 885 1064 iu
901 1003 1006 1084 primis
1019 1003 1125 1063 fortem
1135 1004 1283 1063 straverit.

81 1093 166 1155 Haec
178 1094 267 1169 inter,
280 1097 373 1158 dubia
385 1100 511 1160 numbat
523 1099 658 1172 victoria,
679 1112 777 1162 utram
797 1101 829 1161 in
850 1112 965 1181 partem
985 1099 1160 1169 inclinaret;
1181 1100 1282 1179 quoad

79 1191 205 1251 tandem
220 1194 425 1277 redintegrato
438 1209 548 1258 conata
563 1197 708 1258 Suecicus
721 1199 869 1259 exereitus
883 1197 1056 1259 Caesareum
1071 1195 1189 1276 penitus
1203 1196 1283 1258 ludit

80 1289 271 1371 fugavitque.

123 1387 256 1460 Quantis
269 1389 383 1452 viribus
395 1391 546 1472 utrimque
555 1404 722 1475 pugnatum
737 1390 838 1460 suerit,
847 1411 908 1451 non
918 1390 1007 1452 facile
1017 1397 1115 1471 potest
1126 1388 1280 1471 explicari,

77 1485 154 1546 inde
168 1495 270 1546 tamen
283 1506 344 1546 non
359 1488 520 1549 obscurum
535 1489 652 1549 desumi
672 1498 770 1569 potest
789 1487 948 1564 indicium,
969 1488 996 1548 si
1013 1486 1168 1567 utriusque
1189 1487 1281 1568 partis

78 1581 184 1643 clades
197 1584 407 1663 perpendatur.
451 1584 516 1646 Nos
530 1585 651 1645 brevem
664 1583 825 1665 syllabam,
840 1585 1039 1666 captivorum,
1056 1584 1235 1659 occisorum,
1251 1594 1282 1645 et

78 1679 308 1741 vulneratorum
322 1680 484 1761 utrimque,
499 1682 549 1742 hic
561 1681 733 1743 subdemus.

437 1812 487 1868 Ex
496 1819 587 1887 parte
606 1809 741 1870 Caescred
755 1812 836 1887 capti
850 1819 930 1869 sunt.

122 1922 281 1985 Generalis
296 1922 526 1985 armamentario
540 1922 699 2004 praefectus
708 1922 818 1984 Comes
833 1922 871 1983 de
887 1921 973 2002 Soys.
1016 1916 1175 1983 Generalis
1185 1942 1281 1984 urma-

80 2020 221 2079 mentarii
242 2020 401 2101 praefectus
416 2019 498 2081 Baro
511 2022 550 2081 de
564 2020 756 2081 Fernemont.
798 2018 973 2081 Colonellus
992 2018 1096 2093 Rana,
1117 2018 1171 2099 qui
1191 2019 1280 2080 etiam

78 2117 212 2197 graviter
225 2117 408 2177 vulneratus.
450 2115 624 2178 Golouellus
639 2116 857 2177 Wacheuheim
878 2116 931 2195 qui
949 2115 1086 2176 similiter
1102 2115 1282 2177 vulneratus.

78 2212 256 2275 Colonellus
278 2213 384 2275 Cralli.
426 2213 599 2276 Colonellus
621 2212 718 2272 Felix.
760 2212 996 2273 Locum-tenens
1025 2210 1167 2293 Legionis
1190 2212 1279 2292 Sper-

76 2308 281 2380 reutterianae‚
295 2308 349 2388 qui
362 2307 453 2368 etiam
467 2306 652 2367 vulneratus.
695 2306 927 2368 Locum-tenens
936 2305 1085 2387 Legionis,
1096 2304 1279 2367 Hannibalis

79 2403 245 2486 Gonzagae,
269 2403 449 2464 Valentinus
470 2403 613 2463 Heuster.
657 2403 892 2464 Locum-tenens
911 2402 1053 2483 Legionis
1075 2400 1279 2464 Moncatanae.

78 2501 316 2564 Iocum-tenens
327 2500 468 2581 Legionis
478 2499 646 2560 Carettauae
654 2498 809 2559 Pestalutz
820 2499 873 2579 qui
887 2508 916 2559 et
924 2497 1106 2560 vulneratus.
1149 2497 1280 2560 Locum-

78 2608 186 2658 teneus
200 2597 340 2679 Legionis
347 2596 656 2657 Wackenheimiauoe.
700 2597 937 2657 Locum-tenens
949 2595 1091 2677 Legionis
1100 2593 1277 2657 Beckwein.

78 2693 315 2754 Locum-tenens
331 2693 473 2776 Legionis
488 2693 651 2769 Lesleanae‚
665 2693 762 2754 Thon.
806 2693 1040 2753 Locum-tenens
1055 2691 1193 2773 Legionis
1208 2693 1279 2753 We-

76 2789 205 2850 belianae
219 2790 271 2871 qni
285 2801 316 2851 et
328 2791 511 2852 vulneratus.

119 2887 224 2947 Totius
238 2887 387 2968 peditatus
405 2908 481 2968 pene
497 2909 600 2948 omnes
620 2887 752 2968 supremi
765 2886 940 2968 vigiliarum
954 2886 1098 2968 praefecti,
1120 2885 1168 2946 vel
1186 2886 1279 2967 capti,

78 2981 128 3042 vel
141 2982 300 3054 vulnerati,
320 2983 368 3044 vel
391 2984 484 3045 occisi
504 2993 585 3056 sunt,
609 2993 643 3044 ut
665 2994 697 3045 et
714 2984 849 3064 equitum
873 2984 1069 3065 peditumque
1088 2983 1278 3044 centuriones

77 3079 214 3160 plurimi,
228 3081 306 3142 iuter
318 3101 392 3162 quos
406 3081 467 3142 duo
481 3091 603 3163 nepotes
618 3082 777 3142 Generalis
792 3080 1005 3142 Piccolomini.
1047 3079 1139 3160 Capti
1156 3098 1276 3159 quoque

78 3198 117 3237 ex
130 3177 268 3258 gregario
282 3179 379 3242 milite
392 3182 484 3248 4500,
505 3179 672 3258 intercepta
688 3178 776 3259 sigua
792 3175 933 3238 militarie
953 3175 1104 3257 equestria
1122 3176 1278 3258 sexaginta

77 3293 200 3345 novem,
213 3275 363 3355 pedestria
375 3285 498 3336 centum
512 3285 542 3336 et
555 3273 678 3346 decem;
699 3284 849 3335 tormenta
859 3273 967 3336 bellica
977 3273 1092 3355 majora
1104 3273 1137 3333 in
1150 3283 1276 3354 potesta·

78 3383 141 3432 tem
154 3371 319 3432 Succorum
332 3375 495 3454 pervenere
508 3371 711 3453 quadraginta
723 3391 775 3432 sex
790 3370 922 3432 circiter.

474 3505 524 3563 Ec
532 3489 622 3580 perte
640 3502 774 3562 Oescred
787 3504 885 3563 occisi.

118 3619 278 3680 Generalis
298 3617 473 3700 vigiliarum
493 3618 651 3699 praefectus
672 3617 754 3678 Baro
777 3617 816 3678 de
837 3616 924 3698 Soys.
966 3618 1141 3680 Colonellus
1162 3621 1276 3684 Wintz.

79 3713 255 3777 Colonellus
270 3715 420 3776 Miinster.
462 3713 636 3777 Colonellus
650 3714 781 3776 Nicolai.
824 3714 999 3777 Colonellus
1014 3716 1148 3779 Bechan.
1187 3717 1278 3780 Colo·
