3225 4700
492 330 891 400 ITINERARIUM.
1227 331 1292 396 405

96 480 99 486 ’
125 483 173 545 Ea
195 492 318 566 propter
337 480 369 546 in
394 484 501 566 primis
521 495 553 547 et
572 494 642 547 ante
663 485 767 546 omnia
785 484 1000 548 confirmamus
1016 494 1052 546 et
1071 493 1136 546 rata
1152 484 1292 547 volumus

87 593 178 662 pacta
193 591 224 644 et
243 582 456 643 conventiones
476 603 546 644 cum
564 582 776 645 confoederatis
796 582 884 643 uobis
905 583 1013 644 initas:
1046 583 1292 664 quandoquidem

81 679 261 758 judicamus
275 679 354 740 inter
364 679 516 761 prmcipua
529 679 630 740 media
642 681 856 742 conservanda
867 691 897 742 et
906 681 1053 764 augendae
1064 680 1172 742 domus
1183 690 1292 742 nostra

89 776 168 837 illud
188 797 261 850 csse,
276 787 310 836 ut
329 785 445 837 exteras
465 775 603 838 nationes
623 776 732 838 nostris
746 776 881 838 consiliis
901 778 1079 858 conjunctas
1099 778 1292 851 retineamus,

89 893 175 934 more
188 874 336 954 majorum
356 882 537 948 nostrorum,
551 873 606 955 qni
626 881 696 935 ante
718 892 772 934 uos
792 875 824 933 in
845 874 879 935 id
899 873 989 935 unice
1003 884 1033 935 et
1052 875 1186 936 studiose
1207 875 1294 935 incu-

91 971 231 1032 buerunt.
280 969 513 1031 Minorennibus
533 972 606 1032 verb
628 970 701 1031 filiis
723 971 833 1031 nostris
855 970 971 1032 nnllam
993 971 1084 1032 aliam
1107 971 1294 1032 educationis

90 1072 238 1130 rationem
248 1068 431 1143 ordinamus,
442 1089 532 1150 quam
541 1091 611 1151 quas
621 1069 675 1130 fiet
688 1070 743 1130 snb
757 1069 879 1150 optimas
894 1089 955 1130 suae
967 1069 1080 1142 matris,
1093 1066 1295 1130 dilectissimas

91 1166 231 1249 conjugis
254 1175 373 1238 nostras,
397 1166 482 1240 euri,
502 1186 573 1228 cum
599 1167 742 1229 diuturna
760 1165 946 1247 experientia
967 1167 1075 1227 doceat
1099 1165 1178 1226 fidos
1199 1165 1296 1247 magis

92 1265 270 1326 educatores
284 1273 314 1325 et
329 1264 488 1345 magistros
502 1285 619 1325 morum
637 1263 740 1324 baberi
754 1285 815 1324 non
835 1283 921 1343 posse
933 1263 1024 1345 quam
1043 1284 1103 1333 eos,
1117 1283 1154 1323 ex
1168 1282 1295 1343 quorum

93 1381 185 1421 carne
205 1371 237 1422 et
249 1360 396 1443 sanguiue
412 1360 470 1421 filii
490 1361 695 1444 compaginati
717 1370 798 1422 sunt.
841 1359 958 1432 Quodsi
976 1362 1050 1422 verb
1069 1370 1098 1421 et
1117 1360 1182 1441 ipsa
1201 1369 1297 1421 mater

93 1456 351 1518 animadverteret
370 1470 438 1539 post
457 1468 593 1520 nostrum
614 1459 729 1527 obitum
749 1478 781 1519 se
801 1457 883 1518 baud
904 1457 958 1518 diu
978 1457 1211 1539 superfuturum,
1232 1457 1297 1538 ejus

94 1554 264 1635 prudentia
278 1563 310 1615 et
327 1553 525 1615 sollicitudini
538 1555 737 1637 relinquimus
752 1565 785 1616 ut
802 1553 945 1616 adhibitis
958 1554 1141 1635 prudentum
1160 1552 1299 1614 consilia-

95 1651 209 1712 riorum
219 1651 356 1733 judiciis,
370 1650 445 1712 alios
459 1652 634 1714 educatores
645 1653 810 1714 secundnm
823 1672 910 1712 suum
924 1650 1144 1734 heneplacitum
1159 1649 1299 1710 ordinare

94 1748 201 1828 possit.

140 1844 187 1905 Ut
199 1853 300 1905 autem
314 1846 403 1908 nobis
417 1848 612 1911 suavissimas
626 1848 719 1911 irater
731 1858 832 1910 noster
847 1849 919 1910 Dux
931 1847 1158 1910 Aurelianensis
1172 1867 1299 1930 cognos-

97 1951 148 2001 cat
161 1951 295 2002 nostrum
310 1942 342 2002 in
356 1963 388 2004 se
400 1942 553 2020 affectum,
568 1966 658 2027 quem
672 1945 701 2007 ei
717 1945 801 2008 nulio
815 1966 875 2007 non
889 1956 1023 2026 tempora
1039 1943 1226 2006 ostendimus
1240 1963 1299 2004 non

98 2038 231 2120 potuisse
246 2037 420 2100 labefactari
434 2050 487 2102 aut
500 2042 562 2103 ulla
575 2052 743 2124 temporum
757 2043 880 2124 injuria,
894 2053 946 2104 aut
959 2041 1214 2103 machinationum
1234 2059 1301 2121 per-

98 2135 182 2211 fidia,
207 2135 418 2198 constituimus
444 2138 544 2219 ipsum
563 2140 749 2201 minorennis
770 2139 866 2222 Regis
886 2148 953 2222 post
976 2147 1113 2214 nostrum
1137 2137 1301 2198 discessum

98 2235 270 2318 generalem
297 2235 399 2297 locum
427 2245 579 2298 tenentem
604 2237 768 2298 universim
792 2257 846 2318 per
873 2256 977 2297 omnes
1005 2235 1090 2316 regni
1117 2234 1300 2316 provincias,

98 2354 160 2415 quo
176 2333 208 2394 in
222 2333 333 2407 officio,
349 2333 451 2415 quoad
467 2332 535 2395 Rex
548 2333 588 2395 ad
602 2332 722 2416 plenam
736 2343 768 2394 et
784 2331 1009 2415 gubernationis
1024 2352 1163 2415 capacem
1184 2340 1301 2393 aetateru

99 2435 266 2518 pertigerit.
308 2435 375 2496 Nec
390 2435 518 2496 obstabit
531 2435 682 2496 ordinatio
694 2434 748 2494 illa
760 2454 851 2516 penes
865 2432 1093 2494 Parlamenturn
1107 2444 1241 2494 nostrum
1256 2453 1303 2493 as·

100 2544 229 2607 servata,
249 2553 310 2615 qua
326 2552 394 2593 eum
414 2530 577 2593 inhabilem
595 2531 635 2592 ad
651 2530 754 2591 omnia
768 2530 937 2591 officiorum
958 2530 1064 2589 munia
1078 2540 1108 2591 et
1120 2530 1303 2612 dignitatum

99 2630 213 2713 gradus
233 2627 359 2691 antehac
377 2628 609 2703 declaravimus,
632 2647 722 2709 quam
743 2626 838 2687 hacce
858 2636 959 2687 nostra
980 2636 1130 2707 postrema
1152 2626 1305 2688 voluntate

99 2728 300 2790 rescindimus
313 2737 344 2789 et
353 2726 553 2787 annullamus.
582 2725 783 2787 Confideutes
792 2724 1017 2807 benignissimae
1028 2723 1121 2805 ipsius
1132 2739 1258 2799 naturae,
1274 2734 1303 2787 et

100 2824 192 2907 regiae
210 2846 247 2886 ex
263 2846 324 2905 qua
336 2836 420 2885 ortus
434 2834 479 2885 est
492 2822 651 2906 prosapia,
666 2822 752 2883 illum
767 2820 851 2881 nullo
866 2820 956 2881 modo
970 2820 1194 2903 permissuram,
1209 2830 1242 2881 ut
1255 2821 1304 2882 vel

100 2930 207 2981 eontra
219 2922 349 3004 Regem,
362 2922 411 2982 vel
428 2920 514 3003 regni
535 2918 616 3002 leges
629 2930 660 2981 et
678 2928 789 2981 statuta
810 2918 975 3000 quidquam
990 2917 1179 2994 admittatur,
1193 2928 1245 2979 aut
1259 2918 1306 2979 in·

102 3017 289 3079 traducatur.
326 3016 526 3078 Declaramus
540 3016 715 3097 insuperut,
731 3015 757 3075 si
771 3014 834 3095 ipse
847 3014 1059 3096 quoquomodo
1070 3024 1176 3075 contra
1185 3034 1305 3075 omnem

101 3133 187 3195 spem
199 3124 333 3175 nostram
348 3112 482 3194 quidque
496 3132 590 3194 reguo
603 3112 727 3173 noxium
740 3112 790 3173 vel
804 3111 885 3194 Regi
899 3111 1060 3172 adversum
1070 3109 1304 3181 machinaretur,

102 3210 140 3270 ab
157 3208 210 3269 ilio
226 3208 326 3271 officio
343 3219 374 3269 et
393 3210 572 3290 praefectura
587 3220 777 3291 quantocyus
797 3220 988 3269 removeatur
1003 3207 1048 3269 uti
1068 3216 1098 3268 et
1119 3207 1305 3289 inpraesenti

103 3326 302 3367 removemus.
346 3306 607 3387 Prohibemnsque
621 3305 761 3366 omnibus
773 3315 804 3367 et
817 3304 945 3388 singulis
954 3304 1080 3365 subditis
1093 3303 1210 3379 nostris,
1226 3315 1306 3367 uteo

104 3424 187 3474 casu,
209 3423 298 3484 quem
317 3403 418 3484 superi
433 3412 570 3464 avertant
587 3402 645 3483 ipsi
662 3422 852 3483 nequaquam
871 3410 1006 3484 pareant,
1029 3410 1081 3462 aut
1100 3402 1132 3462 in
1153 3420 1305 3482 quoquam

104 3499 262 3561 adsistant.
299 3498 454 3570 Quantum
469 3498 541 3559 verb
555 3499 595 3560 ad
607 3498 757 3581 Reginam
768 3499 932 3581 conjugem
943 3507 1085 3573 nostram,
1097 3509 1165 3579 post
1177 3508 1304 3559 mortem

105 3606 237 3657 nostram
253 3596 485 3679 gubernaturum
505 3594 646 3676 pertinet,
661 3595 727 3675 ejus
741 3594 846 3655 virtuti
859 3603 889 3655 et
905 3593 1020 3675 pietati,
1033 3613 1123 3674 quam
1141 3593 1305 3654 multorum

105 3712 255 3753 alanorum
270 3692 489 3754 cohabitatione
504 3691 623 3753 abunde
637 3689 857 3770 exploravimus
866 3689 1057 3752 confidimus.
1096 3691 1172 3751 Eam
1189 3700 1222 3752 ut
1236 3690 1305 3751 Ma·
