3225 4700
509 349 917 424 ITINERARIUM.
1240 357 1301 422 421

101 520 210 572 menta
228 509 390 574 fortissime
406 522 436 574 et
456 513 639 574 incessanter
659 513 796 595 impetita
815 523 871 589 est,
890 514 973 595 quod
994 523 1027 576 ut
1042 513 1103 577 loci
1123 514 1307 597 gubernator

102 607 225 669 nomvit
243 608 284 670 ad
300 607 481 671 Generalem
499 607 661 671 Galassum
677 609 815 692 geminas
829 610 913 672 misit
930 610 1068 692 epistolas
1087 632 1142 694 pro
1161 631 1307 674 succursu

105 705 302 778 maturando,
314 717 472 787 postremoe
485 705 524 768 ab
534 705 668 768 hostibus
678 708 850 789 interceptus
863 706 929 769 brac
943 707 1120 769 referebant.

150 800 279 862 Litteras
292 821 375 863 meas
384 803 547 865 undecimo
560 804 694 886 Augusti
707 804 793 865 datos
805 825 868 866 non
882 803 987 866 dubito
1004 803 1186 866 excellentia
1201 815 1307 866 vestrae

102 917 178 959 cum
203 896 306 960 debitt
331 899 530 962 submissione
549 921 614 962 esse
637 901 782 974 redditas,
804 922 887 964 nanc
906 901 979 964 verb
999 902 1099 963 denuo
1123 901 1307 963 excellentiae

103 1005 216 1057 vestroe
236 994 410 1078 significare
428 995 523 1071 volui,
543 1009 657 1078 quanto
678 998 780 1060 furore
799 999 858 1061 hoc
877 1009 1008 1062 castrum
1029 1007 1157 1080 petatur.
1200 999 1308 1061 Hostis

103 1101 170 1152 tam
197 1091 435 1174 approximando
457 1093 550 1174 quim
574 1095 757 1158 incurrendo
778 1096 926 1179 vigesimo
950 1096 1050 1178 primo
1077 1094 1167 1177 hujus
1195 1106 1308 1158 armata

102 1207 201 1250 mann
215 1197 374 1269 postquam
387 1188 434 1251 bis
447 1188 621 1252 incurrisset
634 1211 694 1254 uon
709 1193 773 1254 sine
787 1213 910 1254 suorum
923 1193 1072 1274 sanguina
1084 1193 1230 1274 oppidum
1243 1192 1307 1256 arci

102 1286 244 1347 vicinam
255 1285 422 1368 occuparit,
435 1307 472 1348 ex
486 1287 583 1349 tribus
589 1289 657 1371 jam
669 1288 746 1350 locis
763 1309 863 1351 arcem
880 1289 1007 1370 impetit,
1022 1289 1166 1370 adquam
1182 1289 1309 1352 diversis

104 1379 183 1442 locis
199 1382 317 1444 aditam
335 1384 471 1465 apernit3
492 1383 690 1466 ejaculatione
710 1386 875 1467 ignitorum
896 1387 1055 1468 globorum
1076 1386 1241 1469 plurimum
1260 1387 1308 1447 ia·

105 1479 279 1541 commodat
291 1481 441 1552 adificiis,
456 1485 562 1562 partlm
581 1492 634 1544 ant
650 1480 727 1543 nihil
740 1482 841 1544 militi.
884 1485 984 1545 Etiam
1002 1497 1093 1565 atque
1110 1484 1200 1545 etiam
1212 1483 1308 1544 obtes-

105 1587 157 1640 tor
170 1577 380 1640 excellentiam
394 1591 534 1651 vestram,
544 1589 580 1640 ut
589 1579 706 1641 maturi
715 1599 891 1642 succurrere
901 1581 1044 1663 dignetur
1058 1578 1307 1662 periclitantibus,

105 1673 300 1754 nequeenim
315 1693 408 1755 supra
425 1686 486 1736 tres
505 1675 688 1757 septimanas
708 1674 851 1738 habemns
872 1675 920 1738 hle
940 1677 1107 1738 necessaria
1126 1677 1236 1758 quibus
1255 1697 1310 1738 nos

106 1781 259 1832 tueamur.
301 1769 364 1832 His
379 1791 428 1833 me
446 1771 551 1854 gratioe
571 1771 757 1834 excellentie
773 1783 892 1847 vestra,
916 1771 1133 1835 Excellentiam
1153 1775 1226 1836 verb
1243 1795 1310 1836 res·

108 1877 189 1928 tram
203 1867 384 1949 protectioni
398 1868 524 1931 Dirinoe
538 1869 719 1931 commendo
734 1869 882 1930 Domitaii
897 1871 936 1930 26
950 1870 1086 1952 Augusti
1096 1871 1187 1933 tutu.

272 1997 467 2059 Excellentiae
481 2001 786 2079 vcstroefldelissimus
799 2008 829 2060 et
843 1973 1072 2080 subjectissimus
1085 2021 1195 2078 servus,

742 2147 893 2210 Eatenus
908 2145 1110 2212 Monosmau.
1194 2195 1195 2205 r
1296 2191 1298 2208 .

152 2441 204 2503 Ad
227 2439 389 2503 Octobrem
415 2458 509 2521 usqne
530 2438 665 2502 mascula
687 2440 894 2522 gubernatoris
914 2439 1010 2501 virtus
1031 2449 1216 2522 protraxerat
1235 2442 1312 2503 obsi·

116 2538 236 2601 dionem
258 2558 315 2599 nec
333 2537 372 2599 ad
385 2536 447 2599 buc
462 2547 536 2599 tuuc
550 2536 694 2618 temporis
709 2537 747 2599 de
759 2538 897 2599 dedendo
913 2550 1012 2599 castro
1028 2537 1196 2621 cogitasset,
1214 2538 1245 2600 ui
1257 2538 1314 2599 mi·

115 2633 204 2696 litum
218 2634 359 2706 fidelitas,
373 2634 414 2697 ad
428 2634 512 2716 quod
525 2633 652 2696 taedium
669 2642 701 2695 et
714 2633 832 2697 labores
845 2654 894 2697 eos
911 2633 1103 2709 induxerant,
1117 2633 1312 2697 fortissimum

116 2731 243 2795 militem
257 2732 449 2795 destituisset.
489 2731 552 2803 Qui
565 2731 605 2792 ad
617 2730 832 2812 paciscendam
845 2750 915 2793 cum
934 2728 1093 2793 Hansonio
1110 2730 1230 2794 induxit
1247 2732 1313 2794 ani·

116 2850 211 2890 mum.
249 2828 347 2891 Pacta
359 2829 442 2890 tirere
456 2826 606 2910 ejusmodi
623 2840 658 2889 ut
675 2827 867 2889 Gubernator
887 2826 1100 2888 Domituiensis
1113 2847 1181 2888 cum
1195 2828 1314 2891 subdito

116 2926 174 2986 sibi
188 2924 374 3008 presidiario
389 2924 495 2998 milite,
509 2922 652 3003 omnique
668 2922 791 2984 militari
809 2922 996 2999 solennitate,
1010 2924 1167 3006 explicatis
1184 2924 1312 3001 vexillis,

116 3020 245 3083 onemtis
258 3020 377 3095 fistulis,
384 3019 522 3101 tympani
535 3018 661 3099 strepitu
673 3040 742 3081 cum
753 3019 873 3081 duobus
883 3020 1038 3081 tormentis
1049 3021 1213 3102 majoribus
1222 3021 1314 3107 Mag·

115 3118 306 3201 deubargnm
320 3118 426 3179 seemb
439 3117 644 3179 deduceretur.
686 3116 810 3199 Egressi
818 3116 939 3198 quidem
953 3126 1024 3179 suut
1035 3116 1157 3180 ducenti
1166 3118 1314 3201 qninqua-

115 3216 202 3298 ginta
221 3215 333 3277 milites
350 3214 465 3276 robusti
485 3222 516 3275 et
534 3212 612 3289 sani,
626 3214 680 3275 sed
694 3213 784 3275 simul
803 3230 839 3275 ac
856 3226 940 3277 extra
956 3224 1087 3277 castrum
1104 3216 1313 3294 constiterunt,

116 3311 251 3373 hostibus
272 3332 303 3373 se
326 3311 406 3373 ultro
424 3311 639 3393 adjunxerant,
661 3328 789 3391 qnorum
810 3313 980 3394 exemplum
1001 3315 1096 3377 secati
1116 3328 1187 3379 sunt
1202 3316 1314 3402 uiginti

115 3406 267 3469 vulnerati
285 3408 337 3489 qui
356 3428 427 3471 cum
445 3405 562 3467 duobus
579 3406 736 3468 tormentis
746 3407 874 3469 sdverm
891 3409 966 3471 Albi
980 3409 1247 3497 Magdenburgum
1261 3415 1313 3476 de·

117 3504 248 3566 ducendi
262 3514 358 3581 erant,
371 3504 403 3567 bi
416 3522 535 3586 quoque
548 3513 686 3565 revocato
699 3524 790 3566 cursu
802 3504 843 3565 ad
856 3504 952 3569 socios
965 3508 1119 3571 redierunt
1128 3520 1160 3573 et
1171 3530 1241 3573 cnm
1251 3511 1313 3575 illis

117 3602 157 3663 ad
181 3601 304 3663 servitia
329 3600 463 3664 bostrbus
489 3620 553 3663 sese
577 3599 758 3663 obtulerunt
801 3600 911 3683 Itaque
937 3603 1017 3666 solus
1039 3606 1221 3687 gubernator
1241 3628 1311 3670 eam

118 3700 277 3761 duodecim
298 3708 350 3762 aut
370 3697 513 3761 tredecim
537 3697 686 3780 capitibus
705 3699 746 3760 ad
766 3698 938 3763 condictum
959 3700 1058 3764 locum
1080 3704 1227 3769 deductus
1249 3716 1312 3770 cst:
