3225 4700
319 289 385 355 406
690 228 692 231 ⁵
720 278 1136 354 infrunitorum.

321 451 398 503 trem
411 449 442 502 et
460 440 628 520 Regentom
650 439 806 499 astituram
827 447 858 499 et
877 436 1069 518 pretutmam
1084 435 1187 497 liberis
1207 435 1317 497 nostris
1336 435 1449 496 eadem
1474 453 1540 514 qua

319 557 392 618 erga
405 557 459 596 nos
472 535 531 596 fuit
542 533 616 595 fide.

360 632 512 706 Quoniam
525 632 598 693 vero
610 633 695 694 diota
709 631 829 714 Βεςίῃα
841 632 952 712 ooujux
966 639 1080 702 noum,
1093 631 1124 691 in
1138 640 1198 692 mm
1212 629 1537 712 multipliciuegotio-

318 752 385 792 ram
403 730 557 801 varietate,
573 738 604 790 et
615 737 791 789 oecurrente
809 727 1005 809 perplexitate
1019 728 1120 788 omnia
1133 747 1186 809 per
1200 737 1294 789 semet
1309 727 1534 787 administrare

318 849 378 889 uon
393 826 523 908 poterit;
552 826 625 906 quin
640 846 697 886 neo
715 845 814 885 rerum
833 825 969 885 omnium
985 834 1161 904 presentem
1180 824 1355 886 memoriam
1369 833 1402 884 et
1418 843 1532 884 ueces-

317 925 427 986 sarium
445 921 788 1004 experientiamhabere
805 921 1006 982 necessarium
1025 922 1149 982 omnino
1165 922 1347 1003 judicamus,
1361 922 1392 982 ei
1412 920 1532 1001 adjun-

317 1022 433 1104 gendos
452 1041 517 1082 esse
536 1019 724 1081 consiliarios
744 1029 776 1079 et
794 1018 999 1088 administros,
1015 1037 1148 1098 quorum
1171 1020 1305 1081 consiliis
1324 1029 1356 1081 et
1377 1039 1477 1100 opera
1495 1019 1529 1077 iu

316 1120 409 1180 rebus
418 1117 519 1180 dubiis
528 1118 573 1179 uti
584 1117 685 1197 possit
729 1116 782 1177 Ad
793 1114 872 1175 haue
882 1135 971 1194 porro
980 1117 1182 1177 remmarime
1192 1127 1222 1178 et
1235 1118 1266 1178 iu
1278 1117 1384 1198 primis
1395 1116 1530 1178 idoneos

316 1215 483 1296 delegimus
497 1225 660 1297 cognatum
671 1213 1060 1274 nostrumamantissimum
1072 1224 1158 1274 aetate
1171 1225 1201 1276 et
1213 1213 1339 1276 consilio
1353 1213 1528 1296 pollentem

317 1313 493 1394 Principem
512 1312 681 1374 Coudoeum
699 1320 733 1371 ut
750 1320 781 1372 et
799 1310 1083 1371 Eminentissimum
1097 1310 1292 1373 cardinalem
1313 1311 1527 1377 Mazarinum,

315 1410 528 1472 cancellarium
545 1409 669 1490 insuper
685 1408 773 1489 regui
788 1406 894 1476 nostri,
915 1407 1243 1490 custodemquesigilli
1263 1408 1351 1490 regii,
1365 1417 1398 1468 et
1413 1428 1528 1488 super-

314 1507 520 1568 intendentem
544 1525 671 1566 eamerae
695 1525 733 1567 ao
753 1503 1056 1566 archithesaurarium
1081 1506 1258 1567 Dominum>
1274 1508 1343 1567 item
1368 1507 1409 1567 de
1435 1505 1526 1567 Cha-

313 1604 399 1688 vigni
417 1604 610 1665 secretarium
627 1603 725 1684 regni.
768 1603 970 1664 Decemimus
986 1622 1106 1683 quoque
1126 1613 1160 1666 ut
1177 1603 1248 1665 huic
1268 1603 1394 1664 consilio
1414 1603 1526 1685 praesi·

313 1704 384 1764 deat
399 1701 612 1763 dilectissimus
628 1701 720 1762 irater
737 1710 839 1761 noster
859 1699 932 1760 Dux
947 1700 1183 1775 Aurelianensis,
1199 1711 1230 1762 et
1249 1701 1281 1760 in
1298 1701 1363 1782 ejus
1379 1701 1527 1762 absentia

314 1799 463 1881 Princeps
484 1799 645 1873 Coudaeus,
662 1797 712 1857 rel
726 1797 898 1859 Cardinalis
914 1797 1100 1872 Mazsrinns,
1119 1819 1155 1859 ao
1172 1797 1223 1859 alii
1242 1809 1463 1878 consequenter
1482 1820 1521 1859 eo

312 1896 418 1957 ordine
433 1905 467 1957 ut
475 1897 540 1976 jam
555 1895 702 1956 nominati
716 1905 797 1956 sunt.
840 1894 989 1956 Ordinem
995 1915 1028 1955 us
1041 1895 1143 1968 etiam,
1158 1917 1197 1956 ne
1210 1895 1278 1976 quis
1292 1895 1405 1956 audeat
1418 1894 1519 1956 ullam

312 2014 349 2054 ex
371 1993 453 2064 dicto
474 1993 531 2054 boo
558 1992 683 2054 consilio
705 2012 862 2073 personam
888 2003 1016 2067 mutare,
1040 2013 1167 2067 masere,
1192 1993 1350 2074 deponere.
1392 1992 1518 2064 Quodsi

310 2099 411 2151 tamen
422 2091 531 2171 aliquis
544 2111 581 2150 ex
595 2089 685 2151 dictis
693 2089 875 2150 consiliariis
883 2089 933 2150 vel
942 2089 1004 2150 vita
1014 2088 1173 2153 decederet
1183 2089 1232 2150 vel
1242 2091 1279 2150 ob
1291 2109 1397 2168 graves
1407 2110 1518 2150 causas
1578 2127 1579 2132 κ

311 2187 437 2248 consilio
456 2187 679 2248 submovendus
699 2195 786 2260 esset,
804 2184 888 2246 band
906 2205 1059 2267 quaquam
1076 2185 1152 2247 alius
1168 2187 1200 2246 in
1215 2187 1280 2268 ejus
1294 2187 1392 2248 locum
1407 2187 1517 2248 subro-

309 2295 407 2369 getur,
424 2285 482 2345 nisi
499 2305 568 2345 cum
586 2304 737 2345 consensu
755 2283 902 2366 Regentis
924 2284 1052 2366 Regium
1069 2284 1208 2367 conjugis
1225 2294 1346 2359 nostrae,
1364 2304 1401 2346 ac
1420 2305 1517 2346 nemo

310 2383 367 2444 nisi
376 2403 429 2464 per
437 2382 612 2444 electionem
623 2392 653 2444 et
662 2390 800 2443 votorum
812 2380 1012 2463 pluralitatem
1025 2383 1056 2443 in
1064 2381 1303 2444 consiliariorum
1312 2382 1434 2445 alterius
1443 2384 1515 2446 loco

308 2480 476 2564 adlegetur.
516 2479 705 2561 Imperamus
721 2498 842 2561 quoque
860 2499 898 2540 ex
912 2480 1102 2561 plenitudine
1118 2480 1282 2561 potestatis,
1303 2490 1337 2541 ut
1351 2481 1456 2541 omnia
1472 2483 1513 2543 de

308 2598 382 2660 pace
408 2577 626 2652 constituenda,
648 2587 700 2637 aut
725 2576 805 2637 bello
831 2577 1046 2657 promovendo,
1072 2576 1127 2638 &a
1154 2577 1282 2639 consilia
1306 2578 1429 2639 nonnisi
1455 2600 1512 2659 per

307 2674 389 2736 huuc
409 2687 545 2736 senatum
569 2683 787 2756 proponantur,
810 2673 1024 2748 deliberentur,
1047 2676 1308 2737 etdeeernantur.
1351 2674 1510 2747 Quantum

307 2773 379 2834 vero
393 2773 433 2834 ad
452 2772 512 2833 alia
525 2774 610 2855 regni
625 2773 734 2849 officia,
749 2772 852 2833 omnia
864 2794 918 2854 per
932 2772 1081 2855 Reginam
1098 2773 1265 2855 Regeutem
1279 2792 1349 2835 cum
1366 2773 1510 2836 consilia-

306 2872 418 2931 riorum
432 2891 579 2933 conseasu
592 2870 819 2936 distribuentur.

349 2970 387 3029 In
415 2968 729 3052 archiepiscopatibus,
754 2966 983 3048 episcopatibus,
1012 2976 1043 3027 et
1068 2966 1194 3027 abbatiis
1217 2966 1391 3028 dividendis
1417 2988 1508 3049 opera

306 3065 437 3139 dabitur,
455 3076 488 3127 nt
507 3066 762 3148 quemadmodum
778 3063 934 3145 hucusque
951 3064 1078 3125 sollicite
1093 3084 1146 3125 uos
1163 3064 1221 3145 ipsi
1237 3063 1452 3140 laboravimus,
1466 3068 1507 3127 ita

306 3182 424 3243 quoque
437 3163 621 3245 inposterum
642 3162 791 3245 ejusmodi
809 3162 983 3244 dignitates,
1003 3171 1033 3223 et
1050 3161 1219 3242 prelaturas
1236 3162 1346 3223 talibus
1359 3163 1434 3223 viris
1453 3165 1504 3225 de·

306 3260 448 3334 serantur,
463 3262 517 3341 qui
530 3260 642 3323 virtute
655 3272 687 3322 et
700 3260 839 3321 doctrina
852 3258 993 3340 polleant.
1037 3258 1131 3322 Unde
1146 3260 1232 3321 nullo
1244 3261 1336 3322 modo
1348 3262 1504 3323 conducet

305 3366 339 3417 ut
359 3356 642 3440 archiepiscopatus,
669 3358 866 3439 episcopatus,
890 3364 921 3425 et
942 3356 1066 3417 abbatie
1089 3356 1201 3419 talibus
1223 3358 1426 3433 conferantur,
1450 3360 1502 3439 qui

304 3466 339 3516 ut
352 3454 514 3527 minimum
526 3456 547 3516 a
558 3455 689 3516 triennio
700 3453 881 3517 sacerdotali
895 3474 1019 3514 munere
1033 3454 1089 3516 rite
1102 3454 1199 3517 iuncti
1210 3475 1270 3516 nou
1281 3455 1403 3517 suerint.
1445 3456 1502 3517 Or·

305 3551 445 3611 dinamus
466 3551 565 3633 igitur¹
583 3562 619 3612 ut
643 3552 765 3634 Regina
785 3552 955 3633 gubernans
978 3552 1074 3612 accito
1101 3553 1133 3612 in
1161 3553 1320 3614 consilium
1344 3554 1500 3615 Cardioali

306 3646 464 3708 Mazarino
477 3652 580 3729 (quem
594 3660 624 3710 et
640 3650 737 3730 ipsum
752 3649 770 3710 a
788 3648 882 3711 multo
899 3658 1030 3730 tempore
1043 3649 1237 3730 probavimus
1249 3650 1385 3713 ecclesie
1399 3652 1498 3713 lauda-
