3225 4700
500 323 906 391 ITINERARIUM.
1222 332 1286 398 367

75 476 175 555 quod
194 478 368 539 subodornti
386 479 601 560 Fribnrgenses
620 478 757 538 Ductore
776 477 926 539 Colouelli
946 478 1096 542 Praesecto
1116 481 1228 559 Pollio,
1248 485 1287 546 ad

77 574 246 655 octoginta
256 575 377 637 circiter
390 597 453 636 sese
474 575 572 656 pridie
584 577 640 636 snb
654 595 808 656 vesperam
824 575 855 635 in
871 575 970 636 ricino
984 578 1046 638 arci
1066 577 1173 640 horreo
1187 580 1288 642 occul·

76 679 201 745 tarunt,
216 673 317 751 quoad
330 693 418 733 mane
434 672 555 752 qnidam
575 693 612 732 ex
627 671 841 741 Praesidiariis,
855 673 948 733 sacris
965 674 1149 750 interfuturi,
1164 679 1288 760 egrede-

80 778 205 842 rentur,
226 769 257 828 in
276 769 403 849 quorum
420 769 519 829 locum
535 768 567 828 hi
580 769 679 829 subito
696 778 727 828 et
742 767 824 829 velut
843 770 912 830 dato
928 769 1016 852 signo
1029 791 1065 830 ex
1082 771 1202 834 latebris
1218 794 1286 854 pro-

76 864 227 936 deuntcs,
235 865 418 946 irruperunt,
425 886 481 926 nec
493 865 553 926 ullo
567 885 687 926 auorum
704 865 873 926 desiderato
882 885 950 926 arce
964 868 1051 948 potiti
1066 878 1145 930 sunt.
1168 869 1286 933 Praeter

77 961 234 1022 frumenti
243 962 360 1043 copiam
369 962 543 1038 maximam,
554 982 637 1022 erma
647 982 766 1042 quoque
775 962 971 1024 obtinuerunt
980 963 1119 1045 plurima,
1129 978 1159 1028 et
1166 988 1285 1029 omnem

77 1068 264 1138 apparatum
278 1059 432 1134 bellicum,
444 1079 498 1139 pro
511 1059 622 1119 tuenda
634 1079 703 1119 arce
717 1061 927 1134 necessarium,
943 1059 974 1119 in
988 1060 1089 1141 plures
1102 1082 1210 1125 annos:
1232 1087 1285 1127 sex

77 1153 161 1214 item
175 1165 323 1217 tormenta
335 1176 427 1217 aenee.
470 1155 549 1226 Quae
566 1155 667 1216 omnia
681 1163 800 1236 postero
815 1155 863 1216 die
880 1156 1015 1218 curribus
1033 1158 1182 1238 imposita,
1198 1160 1284 1222 Prae-

79 1250 186 1312 sectus
204 1253 342 1336 Legionis
360 1252 463 1314 Pollio
479 1252 662 1335 Fribnrgum
680 1253 792 1316 abduci
812 1252 940 1328 curavit,
959 1253 1020 1314 und
1038 1275 1108 1316 cnm
1130 1275 1236 1335 pecore
1255 1271 1285 1320 et

79 1349 175 1428 equis
187 1349 300 1410 ibidem
316 1350 451 1430 repertis.
494 1349 606 1410 Arcem
621 1351 693 1411 verb
712 1350 783 1432 igne
795 1350 906 1431 injecto
921 1351 1078 1412 succendit
1091 1371 1126 1412 ac
1142 1353 1284 1427 deseruit,

81 1444 123 1506 eb
138 1447 221 1526 quod
237 1447 387 1530 Friburgo
401 1447 515 1508 abesset
528 1447 648 1528 longids
661 1457 692 1509 et
705 1447 775 1508 inde
788 1447 945 1509 commode
958 1446 1081 1509 defendi
1094 1467 1155 1508 non
1169 1458 1275 1529 posset.

114 1732 1249 1908 &diffiibiffiffi

537 2085 713 2160 CAPUT
745 2085 825 2161 LX.

127 2270 229 2338 Varia
243 2275 414 2360 Portenta,
428 2278 455 2342 I
452 2276 627 2366 nfortuniu,
641 2287 671 2341 et
689 2275 788 2342 Cusus
802 2275 972 2365 Lepcim,
986 2275 1027 2342 ab
1041 2276 1136 2341 Anno
1154 2277 1246 2342 1642.

535 2380 579 2445 nd
593 2382 721 2445 Annum
739 2381 833 2446 1643.

96 2584 296 2697 243502'7'1
268 2598 316 2674 ἶς’
337 2597 401 2659 UB
416 2596 572 2659 exordium
587 2615 659 2656 anm
650 2595 722 2655 M.
726 2594 785 2657 Dc
799 2596 908 2656 XLII.
924 2596 1048 2658 inferior
1062 2596 1193 2659 Saxonis
1206 2596 1281 2657 omi·

87 2705 145 2779 ’ᾖ
191 2686 288 2780 *5⁰
259 2744 264 2773 Ι
278 2759 291 2770 Ι,
267 2665 328 2717 “
356 2698 436 2757 nosis
462 2696 608 2778 prodigiis
631 2694 712 2756 varie
739 2714 883 2756 concussa
906 2703 969 2771 θείς
1003 2715 1075 2755 nam
1102 2694 1178 2756 coelo
1204 2714 1279 2754 sere·

87 2780 117 2855 ζ
181 2778 213 2870 „³
258 2778 326 2877 ’ζχΙῘ
359 2794 492 2867 nissimo,
508 2792 656 2875 plenoque
673 2792 734 2868 die,
755 2801 895 2873 vergente
912 2800 980 2871 post
997 2790 1152 2852 meridiem
1170 2791 1256 2851 sole'
1248 2812 1278 2851 ur

87 2957 130 2986 Ι
155 2953 171 2982 x.
233 2933 301 2989 ΔΙ
272 2877 317 2918 ἢ
272 2880 526 2953 “occubitum
533 2899 703 2972 portentosa
712 2908 818 2948 manns
832 2899 989 2949 cruentum
1001 2887 1121 2948 vibrans
1132 2886 1280 2997 gladium,

92 2985 106 3025 r·
149 3022 185 3049 t
310 2997 321 3027 ¹
355 2988 609 3049 multornminse
626 2986 727 3047 oculos
740 2984 916 3065 animosque
935 2983 1099 3044 convertit:
1121 2982 1184 3063 ejus
1200 2982 1280 3044 acies

79 3105 185 3145 tersus
204 3058 378 3147 Marchiam
401 3085 570 3165 Antiquam
596 3084 839 3193 protendebatur.
882 3080 1026 3142 Exercuit
1050 3089 1199 3141 ostentum
1221 3079 1279 3141 hoc

78 3191 318 3244 astronomorum
332 3192 362 3243 et
382 3180 576 3242 divisorum
568 3180 699 3262 ingenia,
713 3179 766 3260 qui
785 3188 819 3238 nt
838 3178 1078 3259 probabilitatem
1098 3178 1279 3259 conjecturis

78 3277 142 3335 suis
155 3277 354 3353 adstruerent,
370 3277 465 3338 multa
477 3297 514 3337 cx
528 3278 653 3356 antiqua
666 3275 800 3349 historia,
815 3274 909 3335 multa
925 3295 962 3334 ex
974 3274 1165 3354 antiquorum
1180 3273 1277 3354 philo·

79 3371 238 3454 sophorum
254 3374 347 3448 scitis,
357 3373 452 3434 multa
463 3373 593 3452 denique
607 3392 644 3433 ex
654 3372 766 3453 proprii
782 3372 975 3432 foecuuditate
991 3371 1103 3451 judicii
1114 3370 1277 3431 commenti

77 3481 158 3531 sunt.
200 3470 378 3531 Communis
389 3468 603 3551 sapientiorum
614 3489 717 3531 sensus
729 3467 780 3529 bic
790 3468 858 3541 fuit,
870 3467 938 3528 Deo
950 3464 1130 3528 mirabilium
1142 3467 1276 3527 omnium

77 3565 213 3627 effectori
225 3566 431 3647 reliquendum
444 3586 507 3626 esse
521 3586 623 3626 rerum
636 3566 761 3626 istarum
771 3576 802 3625 ct
812 3550 980 3625 futurorum
1000 3574 1160 3625 eventuum
1175 3564 1277 3645 dispo·

78 3664 218 3726 altionem
231 3665 294 3725 sine
308 3664 396 3747 cujus
409 3674 485 3725 nutu
500 3684 556 3724 nec
570 3661 696 3743 capillus
710 3663 748 3723 de
763 3662 860 3743 capite
875 3661 991 3721 defluit.
