3225 4700
481 311 877 379 ITINERARIUM.
1209 318 1272 382 205

55 474 149 527 sunt
161 465 405 549 expeditissimis,
418 476 453 529 ut
465 467 570 541 solent,
584 468 679 549 equis,
694 488 755 531 uon
768 468 932 530 infeliciore
946 477 1067 544 eventu,
1080 471 1181 531 omnia
1193 471 1273 533 enim

57 562 349 647 Fridbnrgensium
363 583 472 644 pecora
484 584 521 626 ex
535 566 653 646 pascuis
670 566 852 647 abegerunt:
874 574 980 627 contra
991 585 1067 646 quos
1079 567 1202 647 quidem
1215 567 1275 630 Co·

54 658 206 722 lonellus
228 658 400 741 Kanoffsky
423 680 494 721 cnm
517 680 675 722 numeroso
697 662 833 742 equitatu
855 680 991 743 egressus
1013 671 1069 736 est,
1091 670 1125 723 nt
1148 663 1274 725 Ornatas

57 756 296 837 insequeretur,
318 756 510 837 praedamque
534 756 671 818 abactam
691 767 889 839 recuperaret,
909 758 964 820 sed
983 758 1026 821 ita
1043 780 1081 820 ex
1098 758 1216 822 insidiis
1236 762 1274 821 ab

58 852 258 915 adversariis
274 854 335 915 suis
353 862 493 935 acceptus
510 862 565 926 cst,
579 861 614 913 ut
627 862 657 915 et
670 853 732 934 ipse
746 873 826 935 tegre
843 874 946 915 eorum
964 876 1071 917 manus
1091 858 1228 932 evaserit,
1245 868 1276 921 et

60 950 111 1009 de
128 950 195 1012 suis
213 970 272 1011 nou
291 949 391 1011 minus
411 949 540 1012 sedecim
564 949 620 1011 diti
638 948 849 1025 immolaverit,
869 949 931 1010 imo
948 951 1072 1033 triginta
1090 952 1180 1015 etiam
1197 955 1275 1016 iuter

60 1066 155 1127 quos
169 1066 324 1127 supremus
335 1045 449 1129 vigiliis
463 1045 631 1108 Praet'ectns
645 1046 676 1107 iu
690 1045 892 1127 captivitatem
906 1046 1060 1129 ablegdrit.

113 1142 181 1205 VI.
203 1142 319 1204 Eodem
333 1142 382 1205 die
399 1142 510 1205 Drestd
523 1143 651 1227 insignis
670 1142 819 1223 equitatus
837 1142 876 1204 de
893 1143 1062 1205 Saxonibus
1077 1145 1273 1232 Fridbergam

64 1238 204 1300 Misniae
217 1239 300 1313 abiit,
315 1239 383 1300 istic
397 1260 428 1301 se
442 1259 511 1301 cnm
526 1238 694 1301 desultoriis
707 1240 838 1320 supremi
853 1239 988 1303 Hnubitz
1001 1243 1228 1326 conjuncturus,
1238 1266 1273 1309 ac

65 1355 142 1395 una
159 1356 230 1396 cum
247 1336 307 1397 illis
325 1345 534 1417 persecuturus
553 1334 675 1411 Succos,
694 1336 773 1397 inter
788 1356 864 1416 quos
885 1336 1059 1400 Colonellus
1082 1339 1273 1426 Hbckinger,

68 1433 134 1513 qui
147 1433 249 1514 copias
263 1431 384 1495 hostiles
398 1434 536 1507 ducebat,
551 1432 697 1513 multique
710 1432 761 1495 alii
779 1434 940 1515 praecipuae
958 1437 1142 1499 auctoritatis
1160 1442 1276 1522 magni-

68 1550 140 1610 que
154 1530 285 1591 uominis
302 1538 397 1604 erant,
417 1528 589 1591 Erfurdiam
607 1530 773 1605 tendentes,
788 1539 823 1590 ut
834 1528 1025 1593 deficientem
1042 1532 1108 1594 istic
1125 1554 1275 1598 annonam

68 1636 104 1687 et
120 1626 163 1687 ad
181 1625 294 1687 bellum
311 1628 477 1687 necessaria
493 1625 647 1688 inferrent.
689 1626 736 1686 Hi
749 1646 819 1686 cum
832 1625 1068 1709 Mariaebnrgum
1081 1632 1274 1711 appulissent,

70 1744 112 1784 ac
128 1724 256 1785 trecenti
265 1723 380 1805 equites
390 1724 421 1783 in
431 1723 495 1784 foro
504 1721 740 1805 designationem
753 1721 949 1804 hospitiorum
962 1733 1163 1805 expectarent,
1176 1730 1276 1793 subito

69 1821 92 1881 a
111 1822 216 1883 Dictis
232 1820 392 1882 saxonibus
408 1820 603 1903 septingentis
622 1820 742 1882 circiter
760 1821 911 1902 equitibus
926 1841 978 1902 per
990 1829 1050 1882 tres
1062 1832 1162 1903 portas
1175 1827 1274 1888 subito

72 1917 185 1988 illatis.
198 1917 295 1978 obruti
308 1926 387 1991 sunt,
402 1916 584 1999 perditisque
597 1916 734 1977 omnibus
747 1915 980 1997 impedimentis,
993 1917 1136 1999 praecipui
1151 1918 1275 1983 Ducum

70 2014 111 2075 in
137 2013 335 2093 captivitatem
358 2012 554 2093 Fridbergam
580 2012 711 2074 abducti.
764 2012 796 2074 N
797 2032 837 2075 on
859 2012 992 2074 tulerunt
1015 2013 1093 2075 bano
1116 2016 1273 2080 audaciam

72 2109 208 2191 impunc
229 2108 370 2183 Saxones,
393 2107 483 2170 Sueci
504 2108 585 2169 enim
607 2108 776 2189 cunjunctis
792 2108 906 2170 viribus
925 2107 1008 2170 Hula
1024 2112 1134 2191 egressi
1153 2122 1225 2176 sunt
1244 2126 1276 2176 et

74 2225 177 2286 prope
198 2204 375 2267 Dessaviam
395 2204 471 2267 dues
490 2204 640 2265 onerarias
657 2205 799 2286 preciosis
817 2205 966 2267 mercibus
982 2207 1136 2288 multoque
1152 2220 1276 2293 argento

77 2312 216 2376 onustus,
237 2322 304 2384 qum
328 2302 438 2364 Dresta
455 2300 701 2385 Magdeburgum
719 2301 893 2378 tendebant,
912 2302 1092 2384 expilbrunt,
1109 2315 1274 2390 preterque

75 2400 218 2482 proedam
231 2399 314 2462 baud
333 2400 591 2475 contemnendum,
606 2398 731 2461 multam
744 2397 811 2460 auri
823 2399 999 2481 argentique
1011 2401 1127 2483 copiam
1140 2404 1276 2468 obtinue-

79 2505 166 2558 runt.

96 2651 101 2658 ,
120 2591 202 2652 v11.
222 2592 375 2656 vicesima
394 2592 521 2674 septima
538 2589 670 2673 Augusti
693 2589 908 2653 Serenissimus
929 2591 1077 2675 Princeps
1096 2596 1274 2662 Franciscus

78 2689 212 2753 Carolus
230 2688 579 2771 Saxo-Lavenburgious,
594 2708 664 2749 cum
682 2688 786 2750 relicta
801 2688 960 2750 Bethlemo
974 2690 1095 2752 Gabore
1108 2692 1200 2754 vidua
1213 2716 1275 2757 mn·

78 2786 267 2849 trimoniulin
279 2796 367 2868 pacta
379 2786 458 2860 iniit,
473 2806 508 2848 ae
523 2785 720 2867 Oedenburgi
740 2795 833 2847 noctu
847 2787 903 2847 snb
919 2786 1022 2848 horam
1040 2789 1229 2853 undecimam
1243 2793 1275 2855 in

80 2884 201 2946 sedibus
214 2882 429 2945 consularibus
443 2881 599 2964 copulatus
612 2890 665 2943 est.

123 2977 222 3040 VIII.
245 2978 309 3040 Sub
322 2977 491 3040 Exordium
505 2976 687 3060 Septembris
701 2975 835 3060 Georgio
848 2977 1116 3041 Brunsuicensium
1133 2989 1165 3043 et
1178 2983 1276 3046 Lune-

80 3075 279 3159 burgensium
290 3075 378 3138 ¹Duci
389 3075 508 3137 Serium
520 3074 654 3155 diploma
663 3091 845 3134 concernens
854 3074 1068 3137 restitutionem
1078 3077 1277 3162 Episcopatus

83 3172 288 3235 Hildesiensis
304 3193 358 3255 per
373 3173 540 3236 Dominum
555 3169 713 3244 Notarium
727 3167 829 3231 Gaffel
845 3169 1033 3249 insinuem,
1054 3193 1114 3254 qno
1128 3173 1276 3260 Princeps

81 3271 248 3351 plurimum
261 3267 391 3331 offensus
404 3277 458 3344 est,
472 3269 599 3349 ideoque
612 3269 688 3330 dues
706 3266 805 3330 adbuc
825 3266 982 3351 legiones,
996 3268 1036 3329 ad
1045 3270 1112 3351 jam
1125 3275 1277 3356 conscrip-

82 3379 130 3428 tas
143 3365 229 3441 aliis,
244 3367 346 3450 colligi
354 3367 454 3448 jussit,
473 3365 636 3448 Castraque
649 3366 690 3444 ad
705 3363 928 3428 Nortbeimium
941 3366 1047 3427 metari
1059 3367 1163 3430 voluit.
1206 3369 1276 3442 Quo

82 3463 199 3525 nuncio
211 3463 297 3526 laetus
311 3461 469 3526 Generalis
484 3462 648 3525 Succorum
662 3459 827 3524 Banuirius
840 3479 930 3541 quam
943 3461 1074 3541 primum
1086 3465 1208 3527 subdito
1219 3468 1277 3528 sibi

85 3559 233 3621 Generali
249 3559 464 3622 locumteneuti
478 3559 713 3642 Koningsmario
729 3556 872 3640 praecepit
888 3566 922 3619 ut
935 3557 1151 3622 Brunsuicensi
1167 3581 1203 3624 ac
1217 3563 1278 3625 Lu·

14 3639 17 3672 '
85 3655 250 3738 neburgicc
263 3656 401 3718 omnibus
413 3655 528 3717 viribus
541 3656 742 3751 suppetiatum
755 3655 823 3730 iret,
838 3654 864 3716 si
876 3675 936 3736 qua
948 3655 986 3716 ab
1000 3675 1035 3717 eo
1048 3656 1255 3738 postularetur.
