3225 4700
454 334 868 403 ITINERARIUM.
1199 340 1257 401 105

35 484 76 545 rir
102 486 256 566 optime,
275 486 364 549 valde
380 488 522 551 miserum
540 499 570 552 et
586 489 741 574 fragilem:
765 490 849 553 ubris
869 492 941 553 verb
958 489 1058 553 Duurr
1076 510 1141 552 esse
1163 489 1258 552 alium

35 581 226 663 inpietatis
240 592 303 645 tue
315 582 453 659 ultorem,
468 587 521 665 qui
534 588 660 649 conterit
674 588 766 671 impie
779 588 835 651 sibi
849 588 1038 649 oblatrantes.

73 679 225 741 Interea
247 680 280 741 iu
300 689 364 743 tcto
382 680 647 765 Mechleburgeusi
666 684 789 746 Ducatu
809 684 911 745 omnia
930 684 1105 759 necessaria,
1122 691 1185 745 tam
1201 703 1256 766 pro

34 774 145 835 milite
167 776 270 857 quam
286 796 341 859 pro
356 778 452 857 equis,
466 778 656 843 deficiebant.
699 780 760 842 Sed
773 789 804 842 et
818 780 954 842 Hclsatae
966 790 997 842 et
1010 780 1256 863 Hamburgeuses

34 870 67 931 iu
78 871 237 951 hyberna
245 872 340 934 ullum
351 873 507 936 admittere
518 875 656 949 militem,
666 876 888 938 detrectabant:
907 876 985 938 uude
994 878 1106 939 accidit
1115 887 1149 939 ut
1157 878 1255 939 indies

33 966 193 1050 singulos
206 968 298 1031 multi
310 969 437 1031 miseriis
449 969 615 1049 inferiores,
631 973 724 1035 vitam
737 971 960 1052 abrumperent.

82 1218 314 1346 2¹?ss
444 1296 492 1347 ιε
611 1233 686 1325 ’θ’
818 1265 867 1369 ιζε
1005 1240 1210 1349 'iix

104 1352 111 1363 .
180 1360 210 1383 ἢ
350 1361 374 1388 Α
434 1352 501 1373 .,

464 1569 655 1645 CAPUT
690 1570 848 1643 XXIX.

331 1748 384 1815 De
400 1747 573 1839 Progressa
585 1761 687 1817 uestro
701 1750 844 1817 adverae
858 1749 979 1819 Sueuos.

79 1922 302 2022 studia-'Ati’
320 1934 407 1996 0Το
420 1934 538 2015 hyemis
551 1946 581 1997 et
593 1936 828 2020 quadragesime
837 1943 981 2018 tempore,
992 1935 1075 1997 varia
1087 1935 1251 2017 speluctati

71 2029 97 2104 ξ’
113 2011 169 2110 tis(
208 2059 211 2082 ·
237 2061 259 2076 *1
294 2027 295 2030 ’
339 2031 456 2093 fueraut
472 2052 542 2093 cum
563 2032 701 2095 Ducibus
718 2032 830 2095 milites
842 2032 935 2093 uosni
944 2054 955 2108 ς
976 2052 1064 2093 nemo
1080 2052 1141 2094 nou
1153 2033 1250 2094 credi·

106 2129 121 2146 '
139 2115 170 2154 ⁴⁴*
254 2179 261 2202 ,
339 2128 431 2191 disset
443 2128 516 2204 fere,
530 2139 565 2191 ut
578 2130 633 2191 sub
645 2130 723 2191 veris
740 2128 908 2211 ingrwum
927 2138 959 2190 et
971 2128 1098 2210 pecuuid
1113 2137 1189 2191 esset
1202 2129 1249 2189 in·

76 2211 97 2244 '
132 2205 164 2310 ,fi
282 2301 290 2322 N
338 2225 560 2301 sanctissimus,
574 2233 605 2287 et
615 2225 746 2287 vestibus
755 2225 930 2287 indueretur
938 2225 1075 2307 optimis:
1096 2227 1248 2290 cumvarb

106 2313 160 2358 ‘²⁴
180 2370 190 2384 .
226 2315 271 2375 Ψ
290 2323 295 2341 ⁸
338 2322 391 2384 illa
404 2322 545 2405 appulere
560 2330 703 2404 tempore,
717 2321 820 2384 vacuis
840 2321 957 2398 loculis,
970 2323 1110 2404 nudoque
1123 2344 1247 2406 corpore

57 2422 88 2481 iu
102 2441 242 2502 campum
256 2420 355 2482 deuub
369 2428 403 2480 ut
415 2428 496 2491 ante,
507 2419 640 2482 eundum
654 2419 722 2481 suit·
764 2420 814 2480 Ita
826 2417 964 2481 iuauibus
976 2419 1038 2480 imb
1052 2421 1247 2484 mendacibus

58 2517 189 2578 muudus
202 2519 383 2601 gubernatur
394 2516 668 2598 pollicitationibus,
682 2514 874 2578 stultissimus
886 2516 1058 2577 mortalium
1071 2515 1122 2578 ille
1135 2520 1246 2599 estqui

62 2615 176 2676 mundo
188 2607 276 2676 fidem
292 2611 424 2676 adhibet.
466 2613 519 2674 Ad
532 2631 609 2688 aras,
623 2631 789 2675 aerumnose
802 2612 898 2687 miles,
912 2613 953 2673 ad
967 2632 1044 2687 aras,
1058 2613 1176 2676 nullum
1191 2615 1246 2676 tibi

59 2711 131 2772 alibi
149 2709 324 2793 perfugium.
365 2707 446 2771 Cum
467 2717 563 2770 tetum
585 2709 752 2791 Imperium
775 2709 837 2770 imb
854 2709 951 2770 omnis
968 2712 1045 2791 pene
1066 2709 1189 2792 Europa
1208 2731 1245 2774 ac

61 2808 211 2868 universus
224 2808 303 2868 orbis
315 2805 394 2868 bello
406 2806 563 2889 flagrabat,
577 2806 736 2887 vicinaque
750 2804 876 2868 dustria
888 2806 1045 2868 hostilibus
1057 2806 1244 2869 circumstre-

63 2913 144 2986 peret
158 2905 254 2979 umis,
274 2913 347 2964 tunc
364 2903 487 2983 quidem
506 2923 572 2964 eras
586 2902 618 2963 iu
632 2902 743 2983 precio,
765 2923 847 2964 nuuc
863 2921 935 2966 cum
957 2901 1073 2964 hostem
1095 2904 1243 2965 enervasti

62 3000 218 3082 paululdm,
229 2999 308 3062 etad
318 3007 433 3060 exteros
444 2997 584 3082 pepulisti
594 2997 774 3080 plusculdm,
785 3007 838 3060 tua
845 2998 994 3061 vilescunt
1006 2999 1157 3079 obsequie,
1167 3000 1244 3061 edeo

65 3117 153 3177 usque
164 3105 196 3158 ut
208 3106 236 3158 te
249 3094 386 3157 vilissimi
398 3095 475 3157 aule
494 3095 625 3171 asseclae,
641 3094 754 3156 infimae
770 3096 859 3158 sortis
873 3094 999 3168 hcmuii,
1012 3095 1119 3156 mundi
1133 3097 1244 3177 probra

64 3203 93 3255 et
102 3202 289 3265 excrementa,
299 3211 335 3252 ac
345 3191 503 3254 merissimi
513 3200 601 3254 terrae
610 3191 667 3252 filii
677 3212 734 3254 nec
744 3191 776 3253 iu
786 3191 963 3254 famrdatum
970 3192 1128 3254 admittere
1135 3193 1240 3270 velint,

67 3291 125 3352 imb
136 3289 305 3352 fortissimos
318 3287 390 3350 belii
402 3288 494 3350 duces
507 3289 560 3369 qui
576 3288 715 3362 Caesaris,
729 3289 919 3371 Regumque,
933 3298 964 3351 et
978 3288 1158 3371 Principum
1169 3311 1241 3352 cum

67 3387 184 3469 propria
196 3384 264 3449 viee
280 3383 467 3467 apertissimo
483 3383 666 3461 discrimine,
682 3385 771 3460 boue,
789 3385 932 3461 bannus,
947 3394 978 3447 et
994 3393 1105 3447 statum
1123 3406 1241 3449 censer·

68 3485 176 3557 strunt,
188 3481 386 3564 dedignentur
402 3480 449 3542 vel
469 3481 509 3542 ad
524 3481 735 3564 aurigaudum,
749 3481 799 3544 vel
816 3481 856 3542 ad
870 3482 1073 3543 triturandum
1087 3481 1239 3546 adbibere.

72 3580 126 3642 Sed
137 3579 209 3662 agite
223 3576 350 3640 Domini
364 3577 433 3652 mei,
447 3586 599 3659 expectate
616 3577 777 3660 paulisper,
797 3577 933 3640 nondum
948 3577 1089 3659 equidem
1103 3579 1239 3640 emnium

72 3677 174 3738 dierum
185 3673 226 3738 sol
245 3673 366 3750 occidit,
381 3673 530 3758 quiescit,
544 3673 619 3756 quid
636 3693 719 3736 serus
734 3673 833 3736 trahat
845 3693 960 3756 vesper,
974 3684 1076 3738 cavete
1089 3696 1127 3738 ue
1141 3677 1173 3736 iu
1188 3695 1239 3737 vos

694 3791 712 3829 r
