3225 4700
355 350 421 415 216
696 322 705 337 “
753 344 1158 417 internanarum

354 500 483 583 amplius
496 500 591 563 beata
632 500 766 563 Comitia
777 520 898 583 quoqne
912 497 1153 563 Stoelrbclmium
1165 515 1264 579 nuper
1280 494 1427 559 indicta
1441 494 1489 557 ad
1505 493 1585 555 tinen

354 616 472 658 summa
484 596 574 658 totins
587 597 750 660 nobilitatis
763 598 958 680 omniumque
971 604 1102 659 anteum
1114 616 1185 658 cum
1197 592 1437 655 satisfiacticnc
1448 593 1586 654 decurre>

354 692 438 767 bant,
452 692 483 754 in
497 692 608 774 quibus
619 694 756 756 unanimi
771 715 919 757 consensu
931 714 1035 756 omncs
1048 692 1140 755 totius
1152 690 1254 774 Regni
1268 698 1389 753 status
1403 710 1471 771 per
1483 687 1586 750 collec·

354 798 401 850 tos
415 788 483 851 istic
498 790 626 874 Legatos
638 791 705 853 haec
719 792 780 854 lere
795 791 1017 854 concinuerant.

395 885 424 947 I.
445 885 646 950 Sinceramet
658 887 766 970 Regno
780 886 947 968 proficuam
968 904 1073 968 pacem
1091 884 1130 946 ab
1149 883 1291 965 Imperio
1312 882 1470 946 oblatum
1493 882 1586 944 nenti·

353 1002 444 1063 qnam
458 1002 521 1044 esse
534 982 766 1046 excludendam.

394 1078 443 1140 II.
465 1079 557 1153 Quod
584 1080 610 1143 si
634 1080 746 1143 bellum
773 1080 1012 1143 continuandum
1038 1078 1125 1155 foret,
1153 1078 1318 1141 decimum
1348 1077 1510 1159 quemvis
1535 1098 1585 1159 per

353 1184 451 1239 totum
466 1186 598 1259 'regnum
616 1176 648 1238 in
667 1176 834 1239 subsidium
851 1177 923 1239 belli
941 1175 1141 1239 continuandi
1158 1176 1191 1237 in
1209 1175 1370 1257 imperio,
1392 1196 1467 1237 esse
1480 1175 1584 1255 depos-

353 1272 494 1349 cendum,
510 1273 543 1334 in
557 1275 684 1335 Annum
698 1272 745 1333 Μ.
753 1272 824 1335 Dc.
833 1272 903 1335 XL.
916 1282 948 1335 et
960 1274 1009 1335 M.
1016 1272 1185 1336 Daxm.
1225 1272 1390 1345 Quorum
1408 1292 1509 1355 opera
1525 1292 1581 1332 non

353 1388 440 1431 secus
453 1388 489 1429 ac
501 1371 595 1430 Anno
609 1366 657 1431 M.
673 1367 745 1431 Dc.
761 1367 928 1431 XXVIII.
941 1378 1047 1431 contra
1059 1370 1158 1431 hostes
1170 1367 1241 1430 usui
1253 1367 1379 1429 futura
1392 1378 1491 1431 esset.

394 1464 463 1525 III.
486 1464 532 1526 Ut
552 1464 652 1545 quivis
671 1465 784 1528 civium
805 1474 887 1527 certo
905 1486 1015 1547 genere
1033 1465 1103 1528 salsi
1117 1473 1149 1527 et
1165 1464 1319 1525 infamati
1342 1465 1446 1545 piscis
1463 1464 1576 1527 dolium

352 1568 499 1635 oneraret,
524 1570 555 1622 et
577 1564 632 1623 sub
656 1564 809 1627 decimam
826 1562 967 1644 quintum
990 1562 1107 1646 Aprilis
1127 1562 1167 1624 ad
1186 1560 1387 1623 Anaeaticas
1407 1560 1502 1621 nrbes
1526 1578 1578 1618 suo

352 1663 476 1736 sumptu
496 1656 606 1720 deduci
624 1670 751 1737 curaret,
770 1661 880 1741 quibus
899 1662 1040 1722 Annonoe
1058 1660 1126 1723 loco
1143 1656 1331 1721 Germanias
1348 1656 1575 1720 munitionibus

351 1752 515 1814 etiamnum
528 1752 560 1815 in
575 1755 726 1818 sociorum
739 1766 885 1839 potestate
896 1756 1077 1827 constitutis,
1089 1756 1320 1839 provideretur.
1481 1792 1497 1821 ,

395 1848 454 1913 1v.
475 1849 523 1911 Ut
540 1859 602 1913 tcta
623 1852 724 1935 Regni
745 1852 898 1915 Nobilitas
915 1853 956 1915 ad
972 1852 1113 1935 quintum
1131 1851 1291 1915 decimum
1317 1850 1447 1932 Aprilis
1468 1856 1570 1931 parata

352 1957 429 2009 esset
443 1948 484 2010 ad
496 1947 564 2009 iter.

391 2044 490 2107 Porro
503 2044 535 2107 in
550 2054 611 2106 toto
630 2064 724 2128 regno
741 2066 833 2108 naves
852 2046 1120 2121 concinnabantur,
1140 2044 1304 2125 multoque
1322 2051 1455 2125 sumptu
1473 2041 1566 2103 milite

350 2147 382 2202 et
399 2140 565 2201 munitione
585 2140 819 2214 instruebantur,
832 2152 863 2205 et
875 2143 908 2203 in
927 2142 1096 2205 subsidium
1114 2140 1204 2203 multi
1221 2142 1372 2222 undique
1395 2138 1500 2201 adhrm
1513 2136 1566 2197 uri·

350 2234 418 2297 lites
431 2236 704 2308 conscribebantur,
719 2238 762 2300 ita
774 2248 810 2300 nt
822 2237 903 2301 solus
921 2238 1030 2300 Comes
1045 2238 1085 2301 de
1102 2236 1208 2298 'l'bnrn
1224 2257 1284 2319 per
1302 2238 1487 2318 Rugansem
1502 2232 1560 2293 Pa-

351 2331 439 2395 triam
467 2332 631 2417 legionem
653 2332 737 2398 mille
760 2335 959 2398 ducentorum
983 2334 1120 2417 peditum
1144 2331 1360 2416 colligendam
1385 2329 1560 2413 susceperit,

350 2428 500 2491 Golonclli
513 2450 586 2492 vero
598 2430 804 2494 locumtenens
819 2430 987 2514 Mittelnng
996 2432 1028 2492 in
1043 2431 1153 2513 uiginti
1162 2431 1262 2492 tribua
1272 2431 1406 2493 urbibus
1418 2429 1558 2492 Pomera-

352 2525 413 2588 niae
427 2527 467 2588 ed
480 2527 513 2588 id
526 2527 682 2590 destinatis
695 2527 840 2590 selectum
853 2548 972 2610 quoque
985 2527 1116 2591 militnm
1131 2527 1364 2611 conscripserit.

391 2622 557 2685 Bannirius
575 2623 697 2686 interim
715 2626 748 2686 in
769 2625 903 2708 Imperio
919 2635 1037 2686 nosnos
1053 2622 1158 2687 ludera
1175 2634 1207 2686 et
1225 2625 1356 2686 manco
1377 2641 1453 2685 nasu
1469 2618 1556 2682 variis

350 2719 526 2802 ambagibus
539 2739 621 2782 nnnc
633 2719 691 2782 hac
704 2736 785 2782 nunu
800 2720 871 2784 illac
883 2721 1110 2783 circumducere
1126 2721 1303 2799 videbatur,
1323 2731 1361 2783 nt
1378 2719 1462 2781 enim
1479 2715 1555 2776 Lito·

349 2813 503 2876 manilium
517 2813 659 2891 descruit,
675 2814 707 2876 in
719 2815 920 2900 Thuringiam
936 2817 1043 2890 morit,
1066 2816 1198 2881 Cesarei
1214 2837 1292 2880 vero
1311 2828 1474 2899 postquam
1492 2811 1550 2872 Ge·

348 2910 480 2974 nemlsm
497 2910 611 2995 vigiliis
629 2911 813 2976 Profectum
834 2913 968 2976 Bredasr
986 2933 1058 2976 cum
1074 2914 1180 2976 decem
1205 2913 1400 2998 legionibus
1420 2907 1548 2991 equitnm

349 3005 586 3070 Falckenarium
599 3009 824 3091 praemisissent,
837 3009 896 3092 ipsi
910 3030 980 3072 cum
994 3010 1110 3092 reliquo
1122 3011 1269 3087 exercitu,
1280 3007 1443 3074 tormentis
1455 3005 1544 3082 impe

348 3101 551 3188 dimentisque
565 3105 824 3190 Koningswcrtbu
836 3107 951 3190 Εςηπι
964 3107 1087 3170 tandem
1100 3107 1300 3170 contendunt.

389 3199 530 3266 Ducebat
547 3201 700 3265 sinistram
723 3203 883 3266 Banuirici
899 3203 1049 3266 exercitus
1061 3203 1141 3266 ulam
1153 3224 1191 3266 ex
1204 3204 1314 3266 decem
1327 3201 1377 3264 vel
1390 3191 1541 3262 duodecim

347 3294 467 3358 circiter
481 3297 664 3381 Legionibus
676 3299 814 3380 equitum
825 3299 988 3362 conflatam
1003 3299 1163 3362 Generalis
1176 3299 1282 3382 Major
1295 3296 1495 3372 Wittenberg.
1507 3306 1541 3348 ⁸⁰

347 3391 428 3452 circa
441 3391 657 3472 Voytlaudiam
669 3395 710 3458 ad
725 3395 862 3458 Plarven
876 3415 912 3457 ac
925 3396 1078 3478 Weydam
1090 3396 1282 3459 subsistebat.
1305 3388 1464 3458 Generalis
1474 3399 1539 3446 '⁶1⁰

346 3486 521 3570 vigiliarum
535 3487 704 3554 Praefectus
718 3490 793 3553 anl
806 3501 934 3573 preerat
946 3492 1062 3555 dextrae
1074 3492 1142 3566 alar,
1156 3492 1386 3572 deduxeratqne
1393 3489 1459 3570 jum
1475 3499 1537 3542 enm

345 3583 572 3668 Altenbnrgum
590 3607 696 3670 usque,
715 3587 837 3668 ibatque
856 3588 983 3650 ulterius
999 3598 1035 3651 ut
1054 3588 1335 3672 Koningamarclrio
1353 3581 1533 3648 succederett

345 3683 509 3746 vocabatur
521 3681 604 3748 enim
618 3684 667 3746 hlc
681 3683 749 3748 loco
761 3682 933 3748 alteriusad
945 3685 1122 3763 exercitum,
1134 3693 1169 3750 ut
1178 3686 1211 3750 in
1220 3687 1338 3749 labores
1347 3681 1531 3762 fatigatorum

346 3779 497 3843 sociorum
510 3779 634 3844 subiret.
