3225 4700
288 335 295 363 ¹
330 341 394 406 372
733 334 1148 405 ‚ITINERARIUM

336 494 366 553 in
390 494 460 552 adra
485 490 602 572 dirigit,
631 490 794 552 infortunio
814 492 934 563 accidit,
960 501 994 554 ut
1016 492 1055 553 de
1074 491 1205 553 excussis
1232 489 1366 571 reliquiis
1390 488 1423 548 in
1451 509 1541 548 com·

331 609 436 650 munes
450 588 566 649 civitati
581 587 671 662 aedes,
690 587 800 668 aliquas
816 588 949 670 reliquias
961 589 1101 663 redirent,
1116 588 1170 650 has
1184 597 1291 649 ventus
1304 585 1401 647 lenior
1413 585 1541 645 anima-

331 686 388 758 vit,
396 705 515 764 unaque
526 684 641 745 curiam
651 685 799 756 accendit,
807 705 843 746 ao
854 684 943 745 simul
953 705 1022 746 cum
1033 685 1095 746 tott
1104 686 1219 747 circum
1230 683 1342 746 viciuid
1351 680 1538 763 absumpsit.

332 783 404 844 Hoc
421 781 616 864 periculosius
634 780 692 840 fuit
708 781 892 855 incendium,
907 802 967 862 quo
988 782 1107 844 nemine
1123 784 1258 844 obstante
1272 780 1395 842 liberids
1413 797 1540 860 grassa·

331 881 428 954 batur,
442 878 543 959 quoad
556 876 678 938 tandem
692 876 828 938 homiues
843 879 940 958 primo
953 899 1058 939 somno
1072 880 1194 940 excitati
1207 877 1377 940 ulteriorem
1393 895 1538 958 progres-

330 998 397 1037 sum
411 983 579 1037 vetuerunt.
622 972 738 1033 Eodem
752 973 814 1034 fere
827 985 959 1055 tempore
974 976 993 1035 a
1009 976 1135 1038 modicis
1148 995 1265 1056 quoque
1285 974 1379 1034 initiis
1394 972 1537 1034 luculen-

331 1075 446 1135 tissima
458 1071 632 1133 Ratisbonoe
645 1082 712 1130 orta
722 1079 766 1130 est
776 1070 908 1131 flamma.
950 1071 1092 1134 Traxerat
1101 1083 1211 1134 tectum
1221 1070 1325 1152 templi
1337 1070 1371 1131 S.
1383 1069 1535 1130 Emeraui

331 1191 368 1230 ex
389 1168 538 1230 dinturnis
556 1166 702 1226 imbribus
719 1165 847 1242 vitium3
875 1168 915 1228 ad
936 1167 1027 1250 quod,
1050 1178 1084 1230 ut
1108 1177 1269 1251 repararet,
1295 1166 1467 1228 conductus
1489 1177 1537 1224 est

331 1266 439 1326 artifex
464 1265 518 1345 qui
540 1264 630 1324 rimas
656 1261 779 1341 plumbo
802 1263 974 1327 obduceret.
1028 1265 1112 1326 Dum
1140 1267 1174 1327 id
1196 1266 1279 1336 fucit,
1306 1273 1452 1324 stanuum
1479 1283 1532 1322 seu

332 1362 499 1443 plumbum,
513 1361 572 1435 vel,
592 1369 627 1421 ut
640 1357 692 1420 alii
708 1359 823 1432 volunt,
837 1362 947 1424 minuti
965 1365 1108 1425 carbones
1125 1364 1249 1424 animati
1262 1381 1389 1442 cuprum
1405 1361 1488 1421 iuter
1501 1373 1533 1420 et

332 1479 442 1520 asseres
459 1478 523 1518 sese
538 1456 700 1527 insinuant,
718 1458 882 1534 etsensim,
899 1461 1018 1522 nemine
1031 1461 1205 1522 observante
1220 1459 1289 1520 teoti
1305 1459 1391 1540 tigna
1403 1477 1532 1518 succen-

332 1556 420 1623 dunt,
437 1553 480 1614 ita
497 1561 531 1613 ut
547 1551 628 1634 ignis
644 1551 733 1614 letius
753 1573 885 1635 serpens,
907 1567 1001 1618 totum
1025 1558 1167 1640 templum
1190 1557 1250 1616 una
1269 1575 1338 1616 cum
1362 1552 1482 1614 Sacello
1497 1553 1529 1614 S.

333 1647 1530 1736 Wolffgangicxusserit,liquefeceritqueomuescampauastrecentorumviginti

333 1746 583 1818 centenariorum,
605 1744 759 1827 multaque
777 1747 838 1808 alia
855 1751 1031 1830 grauissima
1050 1752 1161 1812 damna
1180 1749 1324 1811 intulerit.
1366 1747 1530 1808 Perierunt

333 1842 385 1902 illo
404 1843 545 1904 incendio
567 1843 760 1904 nobilissimas
779 1856 811 1905 et
832 1845 921 1926 plane
940 1869 1016 1910 rarae
1037 1848 1238 1929 antiquitates,
1261 1844 1435 1928 magnifices
1459 1864 1529 1914 ara,

332 1940 550 2000 venustissimae
563 1949 593 1999 et
609 1939 751 2000 immanis
763 1943 857 2021 precii
877 1944 1034 2028 imagines.
1079 1945 1115 2004 ln
1132 1945 1268 2025 proximo
1283 1941 1415 2022 periculo
1427 1963 1528 2002 versa-

333 2037 420 2097 batur
432 2034 603 2116 Collegium
627 2035 786 2098 Sooietatis
806 2039 830 2102 J
834 2061 900 2116 aso,
919 2043 1000 2122 quod
1016 2041 1144 2104 sollicita
1162 2051 1280 2123 patrum
1300 2038 1385 2111 curd,
1399 2050 1431 2100 et
1444 2039 1528 2112 iude,-

332 2134 409 2194 fesso
422 2132 524 2192 studio
541 2142 692 2194 servatum
706 2145 766 2194 est:
787 2146 922 2219 tempore
942 2141 1073 2201 incendii
1089 2159 1191 2200 omues
1208 2148 1301 2218 portas
1313 2135 1422 2196 clausae
1443 2156 1527 2195 man·
1584 2203 1585 2210 ἵ

331 2238 444 2303 serunt,
458 2229 539 2290 cives
553 2229 686 2310 compita
699 2233 806 2293 armati
820 2235 968 2304 obierunt,
983 2235 1174 2318 magistratus
1189 2232 1308 2314 vigilias
1326 2231 1526 2310 undequaque
1584 2253 1585 2305 ι

332 2327 553 2407 disposuerunt,
561 2347 599 2387 ne
607 2326 680 2407 quid
689 2326 811 2389 aliunde
822 2329 949 2390 oriretur
959 2329 1152 2392 incommodi.
1184 2324 1526 2399 Quiinoendiooausam

331 2425 465 2497 dederat,
480 2425 608 2503 tempori
622 2422 736 2504 effugit.

371 2521 443 2581 Nou
458 2521 552 2582 debeo
565 2522 622 2581 hoc
635 2518 703 2581 loco
715 2524 870 2601 praeterire
883 2524 1001 2585 silentio
1021 2546 1083 2586 rem
1103 2522 1193 2585 nullis
1211 2533 1291 2583 retro
1309 2518 1428 2582 saeculis
1440 2520 1525 2579 audi·

331 2630 403 2692 um,
418 2627 449 2679 et
465 2618 518 2678 vix
534 2638 607 2679 serae
625 2617 790 2698 posteritati
807 2616 994 2690 credibilem,
1012 2625 1176 2678 memoratu
1191 2624 1290 2675 tamen
1305 2612 1524 2694 diguissimam,

331 2735 399 2796 quae
419 2716 451 2774 in
472 2713 589 2776 theatro
608 2714 739 2775 Romam
758 2713 885 2794 Imperii
906 2725 937 2776 et
956 2715 1093 2797 principe
1113 2714 1244 2773 Austriae
1264 2710 1347 2781 urbe,
1368 2708 1523 2771 Coesarum

330 2814 411 2883 sede,
435 2811 570 2871 omnium
590 2810 757 2882 nationum,
778 2822 813 2870 ut
833 2811 875 2871 ita
895 2812 1004 2886 dicam,
1026 2808 1218 2882 confluentiis,
1239 2807 1367 2867 Vienna
1386 2806 1522 2887 contigit.

332 2910 492 2970 Poloniam
511 2905 613 2967 multis
630 2906 718 2966 anuis
738 2920 918 2989 pervagatus
931 2908 1028 2970 fuerat
1045 2909 1068 2970 J
1071 2909 1176 2970 udaeus
1191 2905 1337 2967 doctrinar
1350 2903 1431 2965 faurd
1449 2905 1523 2964 iuter

330 3027 398 3067 suos
412 3004 548 3078 celebris,
562 3015 592 3064 et
605 3003 767 3084 patriarum
783 3002 885 3084 legum
904 3005 1027 3085 peritus,
1041 3025 1077 3065 ac
1098 3005 1262 3085 Scripturas
1277 3002 1421 3062 Mosaicur
1435 3000 1522 3061 inter-

331 3124 409 3185 pres,
424 3101 450 3162 si
468 3102 582 3181 superis
601 3100 709 3181 placet,
732 3120 791 3159 non
813 3102 995 3162 ineruditus:
1020 3101 1173 3163 Rabinum
1194 3099 1315 3181 pessimi
1336 3098 1419 3159 corvi
1441 3098 1522 3179 pejus

329 3218 420 3259 orum
436 3198 587 3280 Sinagoga
599 3195 773 3257 excluserat.
813 3192 877 3253 Hic
891 3194 963 3255 dum
976 3196 1066 3256 variis
1080 3195 1154 3256 locis
1166 3192 1244 3253 iuter
1260 3192 1412 3253 Sarmatas
1426 3191 1519 3251 incer·

330 3309 378 3355 tus
388 3294 489 3355 animo
503 3294 640 3369 fluctuat,
651 3302 741 3355 sectae
754 3310 817 3351 suae
832 3292 994 3353 vanitatem
1009 3290 1167 3353 multorum
1184 3288 1424 3349 Christianorum
1437 3286 1520 3346 docto

330 3411 491 3473 congressu
505 3387 658 3470 perdiscit,
672 3408 708 3447 ac
722 3387 745 3448 J
750 3385 888 3446 udaioam
903 3386 1073 3467 perfidiam,
1084 3386 1174 3446 nullis
1184 3383 1287 3445 solidis
1301 3384 1403 3443 nixam
1416 3381 1519 3443 sunda·

330 3485 438 3545 mentis
451 3482 614 3554 infirmam,
628 3493 669 3553 et,
684 3480 767 3561 quod
781 3499 976 3559 consequens,
990 3479 1086 3561 lapsui
1106 3482 1285 3561 proximam,
1301 3480 1382 3541 haud
1400 3479 1518 3540 obscure

329 3579 536 3662 deprehendit,
559 3578 640 3639 uude
660 3591 690 3640 et
707 3577 730 3638 J
735 3577 902 3638 udaismum
921 3578 1041 3639 tandem
1061 3578 1236 3650 Raoowicii,
1255 3578 1371 3639 serioue
1387 3598 1425 3638 au
1440 3576 1515 3647 ficte,

330 3698 388 3737 non
408 3677 539 3756 disputo,
554 3676 660 3754 ejurat,
675 3695 711 3735 ac
725 3674 906 3735 Christianis
920 3674 1046 3756 iegibus,
1060 3688 1245 3738 sacramento
1264 3676 1409 3737 Ecclesiae
1423 3674 1514 3735 ortho-
