3225 4700
308 340 373 405 418
717 325 1124 400 ITINERARIUM.

307 493 324 553 e
338 491 434 554 tribus
451 513 544 552 unum
565 509 675 574 magno
694 489 810 570 impetu
826 494 979 568 arreptum
997 492 1102 546 contra
1121 480 1272 542 fornacem
1286 473 1457 540 fortissime
1474 473 1525 534 al·

308 590 387 652 lidit.

350 685 414 748 Hic
428 685 514 747 miles
531 705 571 747 au
588 707 625 746 ex
645 683 759 757 dolore,
779 703 818 744 an
838 701 875 742 ex
895 689 978 742 metu
998 678 1157 750 incertum,
1178 695 1215 736 ex
1236 685 1362 753 utroque
1384 681 1421 731 ut
1445 689 1524 730 reor

307 785 331 847 J
333 807 389 847 asu
402 785 586 848 salutiferam
599 783 829 866 appellationem
844 779 1011 862 ingeminat
1023 786 1113 857 atque
1127 775 1146 834 b
1159 793 1190 834 sc
1203 769 1377 833 ulteriorem
1389 766 1521 828 inimici

308 882 460 944 incursum
476 881 592 943 avertit.
635 880 764 940 Daemon
780 887 814 939 ut
827 875 952 959 vestigia
966 895 1027 935 suae
1043 871 1212 954 praesentias
1227 869 1422 948 relinqueret,
1439 885 1522 926 eva-

308 978 409 1040 dendo
432 999 485 1060 per
503 986 615 1040 tectum
643 977 752 1038 domus
775 973 912 1058 geminas
932 972 1031 1033 trabes
1054 990 1124 1031 cum
1148 977 1232 1049 parte
1250 965 1321 1028 tecti
1342 962 1519 1026 disturbat.

309 1075 387 1148 Quis
400 1074 451 1136 hic
466 1095 527 1136 nou
542 1074 634 1148 videt,
653 1073 767 1155 quantb
785 1069 932 1132 salubrior
949 1069 989 1130 sit
1008 1068 1032 1130 J
1035 1087 1091 1128 asu
1105 1065 1196 1145 quim
1210 1060 1431 1124 cacodoemonis
1446 1079 1520 1120 me·

307 1193 476 1334 ¹¹¹⁰vf¹itnnoe
494 1271 626 1332 Austriae
642 1269 697 1330 sub
715 1269 868 1328 ineuntem
884 1263 1021 1346 Aprilem
1038 1263 1069 1322 iu
1088 1257 1330 1332 armamentario,
1348 1254 1518 1316 nocturnis

307 1367 361 1428 sed
376 1366 564 1450 imaginariis
581 1365 776 1428 concursibus
791 1361 1007 1424 tumultuatum
1028 1357 1171 1430 sensisse
1191 1365 1262 1416 suut
1280 1353 1409 1438 geminae
1425 1352 1517 1412 coire

308 1464 408 1526 acies:
429 1464 530 1525 sedat
549 1462 659 1525 diluxit
678 1461 753 1523 nihil
771 1459 937 1540 quidquam
950 1454 1129 1540 comparuit,
1143 1453 1216 1534 quin
1235 1450 1337 1513 omnia
1350 1449 1414 1512 suis
1431 1449 1516 1509 locis

308 1581 393 1622 arma
406 1571 440 1622 ut
459 1560 533 1621 alias
552 1558 697 1641 disposita
713 1567 807 1631 eraut,
827 1565 944 1637 reperta
956 1566 1038 1625 sunt,
1056 1563 1141 1614 extra
1158 1549 1280 1611 unicum
1299 1547 1415 1634 galeam
1437 1565 1513 1628 qnae

307 1675 363 1717 suo
375 1654 461 1715 claro
474 1652 638 1714 exciderat.

350 1750 401 1812 Ad
415 1750 539 1812 exordia
551 1748 662 1810 mensis
676 1747 756 1809 Maii
772 1747 864 1808 Hassi
878 1747 1001 1808 ductore
1016 1744 1135 1808 Comite
1147 1746 1185 1807 ab
1200 1745 1355 1806 Eberstein
1371 1754 1510 1806 castrum

310 1846 464 1919 Steinfort,
486 1865 547 1906 non
565 1843 670 1926 procul
687 1843 866 1904 monasterio
881 1839 1077 1924 Westphaliae
1099 1841 1238 1904 dissitum
1256 1861 1417 1923 paucorum
1440 1843 1510 1904 dic·

308 1963 374 2004 rum
387 1943 542 2004 obsidione
557 1942 587 2002 in
602 1961 687 2003 suam
701 1949 876 2022 potestatem
888 1939 1079 2022 redegerunt,
1093 1959 1153 2020 quo
1163 1939 1269 2000 eodem
1280 1949 1411 2020 tempore
1423 1937 1510 2000 Has·

306 2059 409 2100 sorum
423 2037 506 2100 mille
526 2037 758 2099 Dortmandiam
779 2056 897 2098 summo
915 2056 1003 2098 mans
1023 2035 1123 2099 adorti
1141 2045 1222 2105 suut,
1236 2055 1395 2117 murosque
1409 2047 1508 2097 traus-

308 2136 467 2196 ceudeutes
479 2134 511 2196 in
524 2134 619 2216 ipsam
629 2134 734 2195 urbem
748 2153 785 2195 ex
797 2133 883 2195 omni
902 2144 986 2215 parte
1003 2144 1169 2206 evaseruut,
1183 2131 1237 2194 sed
1249 2132 1505 2214 proesidiariorum

308 2230 493 2306 fortitudine,
505 2251 636 2313 quorum
649 2229 864 2312 quadringenti
874 2229 975 2291 locum
986 2221 1155 2305 tuebantur,
1167 2229 1274 2291 occisis
1283 2229 1506 2311 quinquaginta

307 2341 338 2392 et
350 2329 479 2392 obtentis
492 2339 620 2410 quatuor
632 2327 769 2390 curribus
781 2327 882 2404 scalis,
897 2327 1023 2410 aliisque
1037 2327 1242 2389 instrumentis
1255 2325 1380 2399 onustis,
1393 2325 1505 2409 repulsi

307 2440 389 2488 snut.

349 2524 479 2586 Meliore
499 2544 639 2586 successu
663 2522 823 2585 Generalis
842 2522 1016 2606 vigiliarum
1038 2520 1204 2583 Praefectus
1224 2518 1384 2582 Schnetter
1402 2540 1502 2584 arcem

309 2621 478 2704 Freusberg
500 2620 699 2703 recuperavit.
742 2620 824 2681 Nam
846 2629 1003 2701 postquam
1024 2640 1095 2680 cum
1118 2618 1244 2681 collecto
1269 2637 1323 2700 pro
1346 2618 1501 2681 obsidione

308 2718 405 2781 milite
427 2719 468 2781 ad
489 2738 588 2780 urcem
609 2719 790 2792 accessisset,
812 2738 848 2778 ao
871 2718 928 2778 sibi
949 2716 1019 2779 dedi
1040 2716 1169 2801 primbm
1187 2714 1296 2776 frustra
1316 2715 1499 2797 postulasset,

302 2816 396 2899 jussit
408 2816 564 2878 tormentis
576 2815 671 2897 quati,
685 2835 722 2877 ac
736 2834 806 2876 mox
824 2815 910 2897 ignes
923 2814 1019 2895 injici.
1062 2813 1182 2886 Quibus
1200 2812 1394 2876 Schuetterus
1409 2812 1499 2873 solam

307 2912 402 2974 vitam
422 2923 468 2975 est
487 2922 604 2994 pactus,
620 2922 710 2994 atque
730 2912 836 2973 iterato
853 2912 1037 2973 deditionem
1058 2911 1226 2993 imperavit,
1245 2910 1499 2992 praesidiariosque

307 3009 389 3072 exire
403 3008 560 3091 compulit.
601 3008 751 3071 Colonelli
764 3008 867 3069 locum
881 3018 984 3071 teneus
997 3008 1179 3091 guberuator
1190 3006 1268 3068 arcis
1282 3006 1421 3067 unicum
1431 3026 1499 3066 con·

302 3106 378 3188 juge
389 3117 420 3168 et
430 3106 532 3168 liberis
541 3106 679 3189 captivus
688 3106 896 3167 Antemacum
907 3106 1056 3167 deductus
1066 3116 1121 3180 est,
1131 3103 1242 3165 milites
1253 3104 1324 3165 verb
1332 3102 1372 3165 ad
1380 3103 1499 3165 servitia

307 3202 407 3264 adacti
421 3211 501 3264 suut.
544 3202 630 3264 luter
642 3201 841 3284 praesidiarios
855 3211 989 3284 repertus
1002 3212 1048 3263 est
1058 3202 1188 3265 rusticus
1201 3202 1253 3283 qui
1271 3202 1309 3263 ab
1327 3220 1407 3262 auno
1419 3201 1497 3261 viam

307 3299 492 3380 occupandae
508 3299 587 3361 arcis
602 3298 711 3361 Hassis
724 3309 891 3381 aperuerat,
906 3310 936 3361 et
950 3321 1011 3381 quo
1028 3300 1095 3361 loco
1106 3299 1185 3362 adiri
1199 3310 1306 3382 posset,
1320 3298 1495 3373 ostenderat,

306 3394 467 3478 suspendio
486 3416 596 3457 noxam
612 3396 678 3457 luit
719 3395 793 3457 Alia
811 3395 933 3478 insuper
946 3396 1054 3457 mulier
1066 3416 1135 3479 qua
1152 3398 1266 3460 litteras
1281 3398 1311 3459 in
1325 3406 1421 3458 eastra
1433 3395 1495 3456 hos·

305 3491 372 3553 tilia
384 3491 492 3554 tulerat
505 3512 541 3554 sc
554 3493 593 3554 de
605 3493 738 3575 periculo
751 3492 899 3555 dedendas
916 3494 994 3555 arcis
1005 3492 1121 3555 Hessos
1134 3504 1301 3569 monuerat,
1314 3514 1368 3577 per
1381 3492 1494 3555 camili-
1581 3488 1585 3501 '

305 3608 372 3650 cem
386 3588 481 3671 virgis
494 3608 573 3651 caesa
584 3590 765 3672 auribusque
780 3590 913 3671 praecisis
926 3590 1050 3652 dimissa
1064 3600 1117 3653 est

347 3686 636 3768 Coningsmarolrius
649 3689 764 3751 interca
780 3690 891 3771 passim
912 3710 958 3773 res
976 3710 1044 3752 suaa
1064 3690 1233 3752 felicissimi
1252 3690 1372 3774 gerebat
1392 3689 1421 3750 in
1441 3688 1492 3750 boc
