3225 4700
494 327 901 398 ITINERARIUM.
1225 329 1288 394 403

70 516 157 558 cum
179 497 300 560 aliunde
321 497 475 580 provisum
499 518 563 561 csse
588 497 783 580 Baiaquierio
802 507 834 559 et
853 496 949 558 milite
968 496 1142 579 praesidinm
1162 505 1285 558 auctum

71 594 312 676 comperissent,
334 613 405 658 cum
424 597 506 656 omni
526 616 598 657 mox
617 604 763 678 apparatu
783 614 839 656 suo
859 594 997 655 recedere
1017 593 1113 655 coacti
1134 599 1205 654 sunt
1224 613 1284 654 non

69 689 150 751 sine
164 692 276 753 damno
289 712 344 754 suo
358 693 538 756 instantibus
552 693 570 754 d
584 703 670 774 tergo
682 691 816 754 hostibus
831 690 940 753 Gallis.
977 724 980 736 ·

124 787 346 851 Picolominius
360 811 479 872 qnoque
493 791 546 871 qui
560 810 621 850 non
636 791 679 850 ita
690 789 806 870 pridem
823 788 969 850 eOoesers
983 787 1123 849 dimissus
1134 787 1241 860 fueret,
1254 797 1285 850 et

70 885 121 944 ad
139 885 295 968 Hispanos
308 889 467 949 transierat
479 889 607 969 primam
621 887 843 968 expeditionem
857 885 986 945 feliciter
997 884 1135 958 instituit,
1149 884 1282 967 plurium

71 984 165 1043 enim
175 985 298 1045 navium
310 985 457 1046 instructu
467 985 565 1046 Rosos
573 984 699 1066 petiitet
708 993 877 1044 commeatu
892 979 1021 1061 plurimo
1031 981 1281 1062 opportunissime

73 1082 234 1144 instruxit.
274 1083 385 1144 Rednx
398 1093 498 1145 autem
511 1091 642 1163 quatuor
654 1082 686 1142 in
707 1101 799 1141 naves
814 1079 950 1141 Gallicas
965 1077 1075 1139 incidit
1088 1097 1197 1158 casque
1211 1100 1281 1160 pro-

71 1190 201 1241 secutos
215 1200 275 1242 non
292 1181 389 1242 multo
403 1199 526 1242 suorum
544 1179 699 1260 impendio
710 1177 843 1239 obtinuit
856 1186 886 1238 et
902 1175 1101 1236 Tarraconem
1116 1195 1217 1236 secum
1228 1177 1281 1238 ad·

73 1278 183 1338 duxit.

121 1375 192 1436 Nec
205 1374 398 1436 Castiiienses
411 1373 508 1455 copim
520 1373 625 1433 otiosae
639 1371 827 1444 desidebant,
839 1390 907 1450 quse
922 1369 961 1430 ad
973 1368 1170 1430 Monsoninm
1184 1379 1280 1432 castre

71 1471 300 1551 applicuerunt.
343 1472 419 1532 Erat
442 1470 639 1531 Monsonium
660 1469 799 1530 districtu
820 1467 985 1540 modicum,
1010 1467 1063 1528 sed
1086 1467 1280 1528 munimentis

72 1567 215 1639 firmum,
230 1571 312 1649 quod
325 1570 364 1630 eb
376 1588 456 1630 anno
474 1567 559 1630 Galli
578 1568 669 1628 trium
687 1565 944 1627 hebdomadarum
963 1564 1065 1645 spacio
1081 1563 1161 1624 ieme
1175 1564 1214 1624 ad
1227 1565 1280 1626 ds·

73 1664 226 1726 ditionem
254 1666 471 1747 compulerant,
496 1666 528 1726 id
551 1682 633 1726 nnnc
656 1663 779 1725 tandem
802 1657 1037 1724 castilionenses
1056 1671 1280 1741 recuperarunt.

73 1762 223 1823 Vicinam
238 1765 423 1825 sero-arcem
437 1763 468 1822 in
482 1781 574 1843 quam
588 1771 718 1842 quatuor
729 1759 887 1843 globorum
902 1757 999 1820 millia
1012 1756 1168 1819 immisisse
1180 1757 1280 1818 fertin-

74 1871 141 1931 tor,
155 1870 185 1920 et
197 1869 257 1920 tres
266 1859 425 1922 cuniculos
438 1860 630 1920 succendisse
643 1859 686 1920 ita
698 1859 730 1918 in
740 1866 918 1939 potestatem
930 1865 1116 1936 receperunt,
1127 1865 1160 1916 ut
1173 1863 1280 1936 praeter

73 1975 219 2017 acervum
235 1957 370 2038 lepidum
384 1956 463 2018 nihil
476 1956 651 2038 reperirent.
1205 1969 1207 1974 ’

106 2268 1243 2441 &effimmffieemmm

487 2619 659 2697 CAPUT
686 2618 863 2695 LXXIV.

84 2827 315 2891 Testamentum
328 2845 379 2887 seu
390 2833 546 2908 postrema
561 2819 705 2884 voluntas
719 2816 818 2903 Repis
836 2814 1097 2880 christianissimi
1112 2812 1268 2879 Ludoor'ci

136 2927 246 2996 XIII.
261 2929 386 3015 eJ'usque
401 2924 511 2989 obitus.
562 2923 669 2987 Vuric
683 2924 758 2987 item
772 2922 979 3007 expeditiones
989 2944 1048 3008 per
1065 2920 1210 3007 Belgium

512 3024 533 3091 ὰ
552 3024 659 3092 Gallis
673 3036 828 3113 suscepte.
996 3040 998 3047 ·

79 3266 141 3406 (5²³
185 3276 321 3398 &gyzid
355 3312 484 3382 issimus,
504 3310 579 3371 dum
601 3310 726 3389 Europa
745 3330 821 3391 pene
842 3320 904 3371 tota
917 3309 1030 3372 offenso
1051 3310 1151 3371 Marte
1165 3310 1275 3391 flagrat

85 3385 142 3516 dii
188 3375 320 3541 «ssepi
356 3403 498 3470 intestino
511 3407 816 3478 intraviscerahoste,
825 3408 1015 3469 etoccuitavi
1025 3407 1119 3467 morbi
1130 3406 1274 3487 paulatim

89 3493 142 3578 ff?
181 3452 327 3626 Q*
356 3508 526 3588 depascitur
539 3523 575 3567 ac
593 3506 705 3566 sensim
718 3505 783 3565 sine
795 3524 884 3565 sensu
894 3505 934 3565 ad
947 3507 1018 3565 vitae
1032 3514 1125 3565 metas
1139 3504 1276 3585 perduci-

89 3553 142 3664 {⁶⁴
152 3643 183 3660 1-
209 3587 260 3664 ns
286 3598 306 3651 Β
321 3604 329 3647 l‘
355 3614 414 3665 tur.
455 3601 568 3664 Vitatis
585 3601 707 3683 spiritus
725 3602 867 3682 reliquias
883 3622 951 3662 cunr
967 3601 1047 3662 haud
1061 3601 1215 3661 diuturnas
1228 3621 1276 3662 su·

78 3701 244 3785 perfuturas
256 3700 382 3775 videret,
397 3721 489 3783 regno
508 3720 563 3761 suo
576 3711 608 3761 et
622 3700 707 3760 rebus
726 3700 854 3779 publicis
874 3700 1028 3781 providere
1042 3699 1216 3780 tempestive
1232 3699 1277 3759 in·

167 3171 315 3374 ‘pff‘
336 3212 570 3277 nnovrcus
582 3211 686 3273 xm.
702 3211 814 3273 corre
827 3222 858 3273 er
872 3212 1095 3274 nannents
1109 3212 1275 3275 chrissen-

180 3350 194 3389 i

181 3398 192 3435 Ι

181 3472 185 3496 t
