3225 4700
514 356 925 426 ITINERARIUM.
1248 365 1312 430 257

101 503 230 569 hortum
252 508 396 584 ferorum,
419 511 588 594 multosque
606 513 766 576 Gallorum
782 512 900 575 suevit.
939 511 1108 595 Trigesimo
1123 513 1147 575 J
1148 512 1204 576 ulii
1221 514 1309 578 Mar·

101 603 177 666 chio
191 606 229 667 ds
240 605 376 689 Ieganes
386 609 548 674 Vincentio
560 611 713 692 Goumgae
724 629 828 672 recens
837 610 1017 691 inaugurato
1027 609 1157 672 Ductori
1166 632 1307 693 supremo

100 702 244 782 equitum
264 703 332 765 loco
352 704 454 768 Caroli
473 707 512 769 de
529 707 561 768 la
578 708 683 780 Gutta,
703 706 859 769 mandarit
875 715 909 767 ut
926 725 997 767 cum
1019 706 1199 789 octingentis
1220 708 1305 788 equis

101 809 227 860 centum
242 801 398 882 sexaginta
410 821 482 864 rusa
494 801 627 885 pulveris
640 803 721 885 pyrii
734 803 860 865 obsessis
874 822 953 864 nova
966 801 1016 862 vie
1027 802 1203 864 submittere
1217 824 1306 865 cona·

101 903 200 968 retur,
221 897 304 976 quod
325 897 449 978 quidem
468 909 587 962 strenue
606 899 741 982 perfecit,
764 900 807 961 ita
831 908 947 961 utnon
969 898 1028 960 nisi
1049 898 1151 960 media
1172 900 1210 961 eb
1231 901 1305 962 urbe

100 992 221 1055 abesset
233 993 346 1071 Ieuca,
365 1014 456 1076 quem
476 996 626 1078 Princeps
643 997 772 1059 Thomas
791 997 947 1078 eruptione
967 996 1048 1058 sacta
1067 997 1213 1078 edjnvare
1233 1019 1305 1060 oon-

103 1089 198 1150 nixus
207 1101 262 1164 est,
276 1091 329 1154 sed
343 1103 498 1174 penetrare
512 1103 612 1155 tumen
626 1093 750 1156 omnino
762 1113 824 1154 uon
836 1092 947 1174 potuit,
957 1092 1040 1154 unde
1050 1092 1197 1176 Gonmgs
1206 1095 1304 1156 redire

101 1186 276 1267 compulsus
289 1199 344 1252 est.
387 1189 426 1250 In
441 1189 541 1252 reditu
552 1209 626 1252 vero
635 1201 758 1253 centum
770 1189 961 1272 septuaginta
974 1189 1072 1250 mulos
1084 1188 1197 1251 furtim
1213 1209 1304 1252 onus·

101 1291 150 1344 tos
175 1284 216 1345 ed
243 1285 364 1349 Gallius
390 1297 495 1350 castre·
514 1296 706 1370 properantes
733 1287 894 1370 intercepit
914 1285 1091 1366 salvumque
1118 1285 1303 1348 conductum

100 1381 220 1443 stt-erit.

141 1477 223 1540 Cum
237 1479 337 1560 itaque
351 1482 450 1543 omnis
462 1501 528 1564 spes
541 1481 673 1564 pulveris
685 1479 900 1544 introducendi
909 1478 1120 1555 intercidisset,
1130 1499 1188 1541 nec
1198 1487 1299 1542 umen

99 1574 175 1636 socii
195 1575 240 1638 ite
261 1576 418 1640 deserendi
441 1588 549 1652 cuent,
572 1578 612 1640 ad
634 1595 727 1640 noras
750 1586 829 1638 ortes
851 1574 985 1655 Hispani
1003 1575 1156 1638 artificum
1178 1575 1301 1658 ingenie

98 1683 313 1751 provocarunt,
338 1674 392 1756 qui
413 1675 593 1738 invenerunt
613 1674 739 1737 modurn
765 1682 834 1736 unte
861 1672 917 1733 huc
942 1671 1114 1734 inauditum
1140 1672 1300 1756 injiciendi

98 1768 207 1850 globos
216 1769 259 1833 ita
271 1781 453 1854 prsepnratos
464 1781 499 1834 nt
511 1775 562 1833 20.
576 1771 668 1834 libras
680 1770 814 1853 pulveris
826 1776 985 1850 caperent:
1006 1788 1068 1849 qua
1080 1770 1195 1832 rstione
1207 1772 1299 1833 etiam

98 1865 194 1928 alium
207 1877 386 1940 comeatum,
402 1868 528 1944 litteras,
542 1870 703 1950 omniaque
720 1867 887 1930 necessaria
901 1865 1076 1927 submittere
1095 1878 1233 1949 poterant
1244 1869 1299 1929 ob-

98 1965 199 2039 sessis,
212 1985 248 2028 ec
261 1965 334 2028 licet
345 1966 473 2028 subinde
491 1966 586 2047 aliqui
604 1986 642 2028 ex
658 1965 718 2027 illis
737 1965 836 2048 globis
853 1962 951 2026 calore
967 1963 1204 2026 accenderentur
1215 1983 1253 2024 ac
1266 1965 1299 2024 in

97 2067 168 2125 edre
181 2063 449 2144 disrumperentur,
462 2063 515 2124 alii
528 2062 560 2123 in
574 2072 671 2124 cestra
689 2061 811 2124 Gallica
827 2081 889 2122 non
905 2063 1054 2124 destinato
1066 2059 1173 2121 itinere
1185 2059 1298 2121 deflec-

97 2169 208 2232 terent,
219 2170 334 2222 tantnrn
347 2169 447 2222 tamen
462 2159 629 2241 protectum
642 2160 709 2236 suit,
725 2170 758 2222 ut
770 2159 881 2221 obsessi
894 2160 1014 2222 sbnnde
1027 2158 1182 2230 heberent,
1191 2176 1253 2237 quo
1264 2177 1296 2218 se

96 2265 264 2328 tuerentur,
278 2264 309 2318 et
321 2257 491 2338 eruptiones
505 2257 724 2319 continuarent.
766 2255 860 2329 Quod
879 2276 949 2319 cum
969 2253 1055 2317 Gelli
1073 2252 1222 2328 riderent,
1238 2252 1297 2314 sibi

95 2353 224 2415 omnino
240 2363 450 2435 persuaserunt
465 2352 627 2415 maximam
646 2352 711 2435 pul·
723 2352 779 2414 eris
798 2353 878 2415 inter
894 2353 1030 2415 obsaesos
1046 2372 1110 2413 csse
1127 2349 1295 2434 monrium,

95 2456 362 2531 tnncqne‘tempus
379 2470 441 2513 esse
461 2450 614 2531 Hispanos
631 2450 663 2510 in
682 2448 754 2511 urbo
771 2448 976 2530 opprimendi,
995 2448 1077 2511 unde
1092 2447 1132 2509 ud
1148 2447 1295 2529 impetum

94 2547 270 2610 faciendum
291 2558 505 2624 convenerunt,
521 2550 707 2627 extimaeque
725 2546 908 2607 munitiones
926 2544 1061 2628 aggressi
1078 2553 1160 2618 sunt,
1177 2545 1233 2605 sm
1251 2545 1295 2605 itu

94 2645 136 2705 eb
158 2644 283 2705 obsessis
307 2643 428 2706 salutati
448 2644 623 2725 acceptique
646 2651 681 2703 ut
702 2660 772 2703 cnm
794 2640 922 2703 immani
943 2650 1045 2723 sunge
1069 2640 1209 2703 recedere
1232 2639 1295 2703 sint

94 2740 206 2817 coecti,
228 2762 263 2803 uc
281 2740 367 2803 docti
386 2742 520 2803 obsemos
538 2748 673 2803 extrema
692 2739 829 2801 noudum
851 2737 988 2800 luborsre
1008 2745 1142 2821 egestate
1159 2747 1195 2799 ut
1212 2737 1298 2799 dice-

93 2840 194 2902 butnr.

136 2936 266 2998 Decima
278 2944 385 2997 octove
398 2932 531 3017 Augusti
544 2934 659 3015 equites
674 2932 809 3015 Hispeni
823 2932 1067 2995 Gubernatorem
1086 2930 1176 2993 Arcis
1189 2930 1297 2991 'l'auri-

91 3032 196 3095 nensis
221 3032 380 3094 Monsicur
406 3030 445 3092 de
471 3030 640 3113 Argentum
665 3028 849 3092 Generalem
869 3027 1082 3089 Financiarnm
1099 3026 1295 3111 „Gallicarum

91 3130 262 3213 presidem,
278 3126 457 3213 Pignurolio
470 3126 510 3189 ad
524 3137 622 3188 cestra
636 3126 821 3200 tendentem,
836 3125 1070 3205 interceperunt,
1081 3143 1118 3185 ac
1131 3123 1214 3205 epnd
1226 3142 1296 3185 eum

92 3226 177 3288 mille
199 3226 381 3309 quingentos
406 3224 574 3308 Duplones,
596 3243 658 3285 unu
678 3243 747 3285 cum
771 3220 961 3282 Mercbionis
983 3222 1022 3283 de
1042 3222 1179 3303 Leganes
1198 3238 1295 3301 nuper

92 3323 225 3388 Cnsselis
236 3322 355 3407 perdita
367 3322 462 3386 rbeds
476 3332 507 3385 ct
516 3321 636 3404 scriptis
649 3320 752 3403 mugni
766 3319 911 3381 momenti
925 3319 1132 3382 obtinuerunt.
