3225 4700
512 357 921 426 ITINERARIUM.
1237 361 1297 426 381

96 517 246 588 spectant,
261 510 349 592 cujus
373 512 423 572 die
443 512 533 574 tertie
552 512 672 573 decima
692 511 807 573 Bavari
824 511 924 572 denuo
943 512 1077 596 aggressi
1098 520 1168 573 sunt
1182 511 1301 572 Wima-

98 606 224 666 rienses.
267 606 434 690 Postquam
449 610 530 672 enim
544 610 701 672 Werthius
714 616 897 689 cognoverat
910 609 1081 670 consedisse
1094 609 1197 691 copias
1211 629 1299 689 quas-

99 703 174 763 dam
192 723 261 764 cnm
278 704 503 786 impedimentis
518 708 551 769 in
568 727 647 790 pago
660 704 882 775 Rameusbaeh,
897 703 1095 786 irruptionem
1111 705 1301 768 machinatus

98 812 156 873 est,
171 801 360 883 obtinuitque
374 804 562 886 octingentos
572 825 643 865 cum
655 803 750 864 multo
761 801 913 872 thesauro,
923 801 1011 885 signa
1021 801 1142 884 insuper
1152 803 1303 884 equestria

100 898 167 957 duo
182 917 252 958 cum
266 899 384 960 duobus
402 901 554 980 tympanis
573 900 673 961 aeneis.
716 899 787 959 Non
807 898 878 960 tulit
898 899 977 960 banc
993 899 1126 980 praedam
1146 901 1209 960 suis
1225 899 1301 980 eripi

101 993 264 1056 Generalis
280 995 372 1070 Rosa,
387 996 439 1077 qui
459 1006 633 1077 persecutus
653 994 748 1057 Boios
766 1003 883 1075 partem
897 1015 1042 1076 equorum
1057 997 1257 1076 recuperavit,
1271 1006 1302 1057 et

101 1092 143 1152 de
158 1090 241 1153 hoste
255 1111 310 1153 suo
322 1093 434 1154 cecidit
447 1093 694 1175 quadringentos.

145 1188 263 1262 Quinto
273 1189 558 1270 decimobujusdem
568 1210 637 1250 cum
648 1209 805 1271 supremus
813 1187 987 1270 vigiliarum
998 1185 1166 1249 Praefectus
1177 1187 1301 1272 Schleg·

102 1305 174 1346 man
198 1295 348 1348 trecentos
374 1306 466 1368 equos
489 1286 658 1368 Tubingam
682 1285 868 1358 adduxisset,
891 1284 1043 1367 postulans
1066 1285 1098 1344 in
1118 1285 1223 1346 urbem
1245 1285 1299 1346 ad·

102 1383 195 1458 mitti,
208 1381 286 1444 male
301 1385 319 1443 d
332 1382 623 1463 Truckmtillerianis
635 1394 778 1464 acceptus
791 1393 847 1450 est,
862 1382 907 1443 illi
921 1382 1000 1442 enim
1014 1391 1301 1463 praeoccupaverant

100 1477 204 1539 locum
218 1488 249 1540 et
260 1499 314 1559 per
330 1478 420 1541 aliem
434 1489 550 1561 portam
561 1478 673 1561 egressi
684 1479 835 1541 irruerunt
847 1479 1101 1562 Schlagmannum
1114 1487 1143 1538 et
1156 1477 1302 1540 ducentos

100 1575 325 1656 quinquaginta
338 1595 430 1656 equos
446 1576 624 1646 retulerunt,
637 1596 673 1638 ac
686 1576 785 1657 ipsum
798 1575 953 1637 ductorem
972 1596 1042 1636 cum
1055 1575 1151 1636 tribus
1167 1574 1300 1656 equitum

101 1673 233 1733 tribunis
246 1685 350 1755 captos
362 1674 557 1735 reduxeruut.

143 1769 301 1849 Vigesimo
325 1769 422 1851 primo
442 1770 591 1831 currentis
614 1769 726 1830 mensis
747 1769 905 1830 Werthins
920 1789 1034 1851 pagum
1059 1769 1307 1833 Hemmersdorff

102 1866 145 1926 ad
165 1866 280 1946 equites
304 1867 483 1928 Teutonicos
507 1877 693 1948 spectantem
719 1866 821 1926 obruit
842 1875 872 1927 et
893 1866 968 1926 dues
995 1865 1128 1948 legiones
1152 1878 1302 1948 equestres

102 1960 274 2042 dissipavit,
293 1976 324 2024 et
339 1963 598 2025 Hatzsteiniauam
614 1963 780 2044 pedestrem
799 1962 919 2044 penitus
934 1961 1071 2033 extinxit,
1086 1962 1303 2044 impedimenta

103 2060 178 2118 item
204 2059 404 2120 ducentorum
433 2079 577 2120 curruum
602 2059 717 2140 optimi
743 2060 848 2141 praeda
874 2069 1051 2120 onustorum
1080 2080 1151 2120 cum
1178 2070 1301 2123 centum

101 2155 189 2235 equis
202 2156 344 2231 obtinuit,
354 2176 415 2236 quo
428 2157 534 2218 eodem
548 2157 599 2218 die
613 2156 763 2218 Colonelli
781 2156 881 2216 locum
898 2168 1002 2217 tenens
1017 2155 1220 2218 Kiirmrcuter
1232 2177 1302 2218 cen·

101 2263 167 2314 tum
187 2252 321 2333 captivos
338 2266 446 2335 praeter
463 2274 605 2336 magum
622 2273 767 2332 equorum
787 2252 903 2332 copiam
923 2253 962 2314 ed
981 2264 1079 2316 castra
1097 2255 1238 2336 praetoria
1251 2254 1302 2316 de·

101 2349 201 2411 duxit
243 2349 380 2413 Fuerunt
399 2352 479 2413 certe
499 2353 577 2413 inter
598 2350 693 2412 Boios
710 2350 820 2413 milites
841 2350 893 2431 qui
913 2370 976 2411 suae
997 2352 1107 2432 praede
1126 2362 1241 2432 partem
1262 2353 1302 2414 ad

102 2446 265 2507 duodecim
284 2447 484 2529 imperialium
499 2448 595 2509 millia
612 2448 802 2510 aestimarunt
811 2470 821 2524 ;
843 2448 895 2509 vix
910 2448 1069 2530 quisquam
1082 2448 1141 2510 suit
1153 2448 1204 2530 qui
1220 2449 1302 2511 milla

103 2543 310 2623 imperialibus
323 2544 414 2605 ditior
426 2565 489 2606 uon
503 2546 636 2607 redierit.

145 2640 214 2701 Nec
235 2640 485 2703 Wimariensibus
502 2642 600 2704 defuit
615 2642 734 2704 occasio
754 2651 861 2704 contra
876 2642 970 2704 Boios
988 2641 1115 2704 feliciter
1133 2642 1299 2725 pugnandi,

101 2736 231 2798 diversis
249 2737 330 2797 euim
350 2738 592 2819 expeditionibus
608 2760 645 2801 ex
664 2738 784 2820 legione
804 2737 958 2800 Kolbianb
975 2748 1005 2802 et
1021 2738 1301 2800 Truckmiilleriend

103 2832 345 2913 Luxieriaanue
364 2835 405 2895 ad
420 2834 503 2896 mille
522 2836 702 2917 quingentos
721 2836 837 2915 equites
851 2836 995 2897 fuderunt
1010 2836 1188 2917 penitusque
1201 2835 1301 2895 conci·

102 2932 224 3005 derunt,
238 2929 318 2991 inter
331 2930 503 2993 vulneratos
515 2930 660 3012 plurimos
677 2932 731 3011 qui
747 2932 872 2994 Ulmam
890 2932 1046 2995 redierunt
1058 2931 1120 3012 ipse
1136 2931 1226 2993 etiam
1240 2930 1300 2993 Co·

102 3027 231 3088 lonellus
245 3026 329 3089 Kolb
343 3027 459 3109 duplici
473 3027 563 3111 globo
574 3029 653 3091 ictus
667 3029 816 3112 Tubingoe
831 3030 1009 3091 decumbere
1023 3039 1144 3090 coactns
1157 3028 1224 3089 fuit.

145 3123 253 3185 Mense
269 3122 385 3185 Martio
400 3124 720 3187 Gallo-Wimarienses
736 3125 907 3187 diffidentes
920 3124 1035 3185 viribus
1048 3124 1110 3185 suis
1124 3144 1192 3185 cum
1207 3123 1299 3185 vidis·

101 3230 170 3281 seut
190 3219 322 3281 Boienm
342 3221 508 3283 exercitum
531 3221 588 3283 sibi
608 3222 676 3283 fieri
696 3223 952 3304 propinquiorem,
974 3231 1005 3282 et
1027 3221 1301 3283 animadverterent

101 3336 172 3379 suas
186 3316 288 3398 copias
301 3318 481 3378 resistendas
498 3337 558 3378 nou
573 3339 648 3392 esse,
662 3320 694 3380 in
709 3318 881 3381 Marchiam
896 3318 1068 3381 Badensem
1086 3318 1216 3399 primum
1229 3337 1299 3379 mox

104 3414 264 3475 Brisacnm
279 3434 383 3475 versus
396 3413 509 3475 relictis
522 3416 703 3495 quibusdam
718 3416 941 3499 impedimentis
954 3416 1160 3497 profugerunt.

142 3512 318 3591 Antequam
336 3511 409 3572 verb
429 3531 466 3571 ex
487 3510 628 3573 Maronia
645 3523 802 3574 moverent
820 3513 888 3575 irati
909 3512 1014 3575 militis
1037 3512 1165 3593 vestigia
1180 3520 1247 3593 post
1266 3530 1298 3573 se

101 3606 293 3681 dimiserunt,
313 3606 508 3668 Steiubacum
527 3608 608 3669 euim
627 3608 775 3670 Marchiae
792 3629 851 3670 non
874 3609 1005 3692 ignobile
1025 3607 1171 3689 oppidum
1187 3608 1299 3689 injectu

101 3706 174 3788 igue
193 3716 439 3779 concrematurum
465 3724 501 3767 ac
517 3716 621 3787 postea
637 3704 669 3766 iu
689 3704 974 3789 circumjacentibus
987 3705 1114 3767 vallibus
1132 3704 1233 3785 plures
1248 3726 1298 3767 ur·
