3225 4700
489 323 887 395 ITINBRARIUM.
1214 327 1278 397 273

91 475 217 540 volaret.
261 476 386 539 Poterat
404 477 509 540 merito
527 477 584 540 hoc
601 497 741 560 responso
758 477 929 540 exacerbari
948 477 1105 541 Generalis
1123 479 1279 551 Gelenius,

90 573 150 634 nisi
171 573 276 634 inuata
296 572 463 634 hnmanitas
486 575 585 636 virum
608 573 797 636 mitissimum
817 573 858 635 ad
876 574 1027 637 lenitatem
1047 577 1275 658 compomsset3

91 667 218 730 nunciat
233 668 336 748 itaque
354 668 452 730 denuo
469 670 701 744 commendanti,
721 689 774 751 per
789 690 822 731 se
838 670 961 751 quidem
978 670 1079 745 licere,
1099 673 1125 733 ei
1146 672 1275 754 seipsum

91 762 305 825 commendans
322 783 391 825 cnm
406 765 467 826 suis
484 764 635 846 perditum
647 764 691 826 ire
708 764 809 842 uellet,
828 785 867 826 ne
882 775 982 827 tamen
1000 777 1118 848 putaret
1130 769 1168 830 de
1182 766 1276 829 nihilo

91 856 189 918 minas
202 877 275 933 esse,
290 868 342 922 aut
353 859 479 922 illudere
493 861 551 922 sihi
568 860 657 933 velle,
670 860 769 922 fumos
785 861 993 922 cuniculorum
1010 881 1065 942 pro
1082 864 1161 925 veris
1169 865 1276 926 rendi·

90 953 195 1028 tando,
208 953 355 1018 emitteret
368 957 406 1018 de
423 956 485 1016 suis
501 955 554 1037 qui
571 975 620 1017 eos
638 956 827 1037 inspicerent,
846 975 878 1017 se
895 957 1018 1037 quidem
1033 959 1135 1019 omnia
1149 959 1277 1021 libenter

89 1048 304 1112 exhibiturum.
344 1050 453 1112 Paruit
465 1050 569 1112 sedulo
582 1051 726 1125 monenti,
740 1071 867 1133 cumque
880 1053 913 1113 in
927 1052 1040 1134 duplici
1054 1053 1138 1115 aditu
1150 1056 1274 1116 cunicu-

89 1145 136 1206 los
148 1143 269 1206 effossos
282 1145 502 1222 animadvertit,
517 1166 552 1207 ec
565 1147 596 1208 in
608 1167 710 1208 eorum
723 1146 817 1210 altero
829 1157 941 1230 septem
958 1147 1090 1229 pulveris
1102 1149 1181 1231 pyrii
1193 1171 1273 1224 vasa,

89 1242 121 1302 in
137 1241 230 1303 altero
242 1243 409 1305 octodecim
423 1251 577 1324 expectare
591 1243 707 1318 didicit,
723 1253 838 1306 mutato
849 1245 882 1305 in
895 1243 1001 1305 melius
1011 1244 1155 1305 sententia
1163 1244 1274 1326 pecisci

90 1338 180 1400 certis
193 1339 414 1402 conditionibus
426 1339 533 1400 maluit
545 1359 635 1420 quam
650 1338 754 1400 ultima
767 1349 932 1420 expectare.
973 1339 1068 1402 Petiit
1082 1359 1155 1422 ergo
1169 1350 1204 1402 ut
1215 1341 1274 1401 sibi

88 1434 210 1515 suisque
223 1435 300 1496 liber
312 1436 432 1498 daretur
444 1435 541 1496 exitus
553 1455 624 1496 cum
637 1434 727 1495 ermis
740 1442 771 1496 et
779 1434 1000 1515 impedimentis
1008 1446 1042 1496 ut
1051 1435 1161 1498 milites
1174 1435 1274 1513 decet,

89 1529 191 1590 salvus
203 1529 275 1592 item
289 1530 455 1592 conductus
473 1527 707 1612 Ziegenhauium
724 1549 818 1610 usque
835 1538 1041 1611 prestaretur:
1062 1532 1168 1594 annuit
1182 1532 1274 1594 Gele-

89 1626 170 1702 nius,
184 1626 227 1688 ita
239 1634 339 1690 omen
353 1635 387 1687 ut
399 1626 526 1688 liberum
539 1633 615 1688 esset
628 1623 727 1686 hostili
745 1624 833 1687 militi
852 1625 979 1687 Caesaris
995 1627 1143 1707 stipendia
1154 1629 1272 1705 subire3

89 1742 159 1804 qnae
172 1722 306 1805 plerique
319 1721 425 1804 inipso
438 1741 558 1804 egressu
570 1727 761 1802 susceperunt
773 1719 862 1794 ultro,
877 1719 930 1780 alii
942 1719 973 1780 in
988 1720 1053 1801 ipsa
1060 1721 1120 1797 viu,
1132 1742 1201 1785 cnm
1211 1743 1272 1784 non

89 1817 197 1899 procul
209 1816 351 1880 obiissent
362 1817 538 1880 sententiam
552 1816 592 1879 ad
604 1837 673 1878 suos
689 1817 836 1878 redeundi
852 1824 1007 1878 mutarunt
1022 1835 1059 1876 ao
1078 1816 1273 1900 Fridbergam

91 1922 332 1988 retrocesserunt,
349 1913 392 1975 ita
408 1921 442 1976 ut
458 1913 590 1975 militum
611 1911 855 1975 Wimariensinm
872 1911 993 1994 pauculi
1010 1920 1117 1993 praeter
1134 1912 1274 1976 officiales

93 2007 332 2090 Ziegenhauium
346 2009 456 2072 reversi
469 2009 539 2070 sint.

133 2106 219 2166 Dum
243 2105 408 2187 Fridberga
428 2105 580 2168 obsidetur
600 2103 756 2167 Generalis
779 2104 862 2166 Rosa
884 2103 1089 2168 Cesareornm
1111 2110 1275 2165 castrorum

91 2200 237 2262 rationem
248 2200 425 2281 speculatus,
440 2201 559 2283 reperit,
572 2200 683 2262 alicubi
695 2221 800 2282 parum
810 2201 918 2282 vigiles
929 2201 1073 2283 Iegiones
1082 2199 1208 2261 nimium
1216 2199 1275 2260 sibi

91 2298 197 2372 fidere,
211 2296 241 2358 in
256 2315 330 2378 quos
341 2297 454 2380 impetu
468 2296 555 2372 fecto,
571 2316 635 2358 rem
648 2295 805 2359 fortissime
818 2297 882 2380 agit
891 2316 927 2359 ac
936 2297 1010 2359 duas
1019 2305 1115 2358 tresve
1129 2295 1275 2378 Legiones

91 2392 263 2475 pessundat.
303 2392 434 2455 Venerat
451 2412 570 2473 quoque
586 2392 618 2453 in
638 2392 838 2474 coguitionem
858 2394 959 2474 copias
977 2391 1135 2452 nonnullas
1153 2392 1191 2451 ah
1208 2391 1276 2453 aliis

91 2497 242 2570 separatas
258 2487 380 2551 aliunde
398 2488 435 2551 eb
455 2488 642 2569 expeditione
661 2487 758 2549 redire
776 2488 816 2549 sd
833 2497 939 2562 cenna
960 2488 999 2549 de
1016 2505 1144 2566 quarum
1159 2484 1274 2546 uiribus
1374 2532 1388 2553 χ

92 2607 148 2669 per
162 2585 358 2667 exploratores
372 2584 480 2647 certior
491 2583 595 2658 factus,
610 2582 692 2666 cogit
705 2583 904 2663 undequaque
917 2592 1063 2663 quotquot
1077 2589 1192 2663 poterat
1204 2601 1273 2661 sup·

91 2683 199 2766 petias,
212 2682 302 2763 inque
316 2689 430 2742 nostros
443 2699 526 2741 orma
542 2688 652 2753 movet,
673 2698 709 2739 oc
726 2677 796 2739 licet
815 2677 943 2739 Cesurei
961 2677 1076 2738 fortiter
1093 2676 1273 2748 resisterent,

91 2797 153 2839 nou
166 2786 328 2860 potnerunt
341 2786 440 2839 tamen
456 2774 512 2836 hoo
528 2774 594 2836 rice
611 2772 793 2856 triumphare
809 2772 933 2847 hostem,
952 2772 1023 2853 quin
1040 2771 1132 2833 hostis
1144 2770 1273 2853 potiuse

93 2873 203 2937 nostris
210 2872 359 2955 plusculos
369 2871 482 2945 sternit,
491 2872 612 2933 aointer
620 2879 742 2932 caeteros
751 2878 862 2931 osterna
869 2869 1011 2931 memoria
1017 2867 1155 2949 dignum,
1162 2865 1273 2941 uirum,

92 2969 220 3031 militem
233 2968 436 3043 fortissimum,
451 2967 630 3030 Generalem
644 2966 777 3028 hostibus
789 2965 1011 3028 formidandum
1026 2962 1166 3031 Bredorr,
1187 2962 1274 3043 cujus

93 3072 221 3126 mortem
234 3063 356 3126 moleste
369 3062 512 3139 tulerunt,
525 3070 673 3144 quotquot
686 3060 744 3123 viri
761 3060 962 3143 prudentiam,
980 3069 1011 3123 et
1022 3058 1190 3123 musculum
1208 3056 1274 3117 ani·

92 3180 177 3221 mum
190 3168 343 3223 noverant.
1188 3161 1190 3165 ’

17 3290 18 3313 1
132 3256 320 3338 Recuperatd
333 3254 498 3337 Fridberga
510 3274 569 3316 non
584 3254 638 3320 diu
650 3252 846 3315 deliberatum
860 3250 929 3326 fuit,
941 3270 1012 3311 cum
1024 3250 1104 3311 euim
1116 3249 1212 3331 higna
1224 3248 1272 3310 in·

92 3361 288 3435 gravesceret,
302 3352 399 3413 omnis
415 3352 501 3413 miles
514 3350 555 3411 ad
574 3350 721 3429 Hyberna
735 3348 891 3410 truductus
908 3356 972 3422 eet3
992 3355 1023 3407 et
1040 3345 1199 3407 Geleniani
1220 3366 1273 3406 seu

94 3448 236 3511 Bavarici
249 3448 352 3509 relicto
364 3444 528 3509 necessario
541 3444 680 3527 praesidio
694 3444 877 3525 Fridbergae,
892 3441 966 3505 etin
980 3441 1046 3503 aliis
1063 3441 1177 3502 circum
1188 3440 1272 3515 locis,

92 3544 124 3603 in
141 3542 312 3615 Bovarium,
328 3542 478 3617 Sueviam,
493 3549 524 3601 et
539 3539 719 3621 superiorem
733 3538 936 3601 Palatinatum
950 3538 1065 3599 avocati
1077 3546 1155 3607 sunt,
1173 3534 1272 3595 cesa-

93 3638 138 3700 rei
150 3658 222 3701 vero
235 3638 267 3700 in
285 3637 481 3701 Fronconium
498 3634 615 3716 aliaque
631 3634 698 3697 loca
715 3642 893 3715 opportuna,
909 3642 944 3696 ut
957 3634 1036 3695 uires
1053 3633 1084 3695 in
1101 3629 1272 3713 proximum

658 3750 678 3790 ιι
693 3750 712 3789 ιι
