3225 4700
314 336 358 400 oo
709 327 1119 424 recusaturum

317 484 429 546 cordes.
472 483 549 546 Post
570 502 622 544 sex
645 482 764 546 dierum
786 483 1063 556 commorationem,
1084 489 1190 562 pactus
1210 497 1279 540 sum
1301 497 1373 539 cum
1395 475 1520 558 aurigis

318 579 581 655 Posnaniensibus,
610 587 644 640 ut
668 599 717 640 me
748 579 780 640 in
810 579 955 640 comitatu
984 598 1039 639 suo
1073 573 1288 639 Uratisiariam
1315 573 1517 646 deducerent,

318 677 400 757 quod
419 677 520 737 sancte
547 696 578 738 se
598 675 728 758 facturos
750 674 879 756 polliciti
899 683 981 747 sunt,
1004 674 1057 734 sed
1081 692 1188 753 parum
1210 670 1279 733 albi
1305 670 1368 731 fide
1394 669 1517 750 presti-

319 780 435 832 terunt:
467 771 519 831 rix
542 771 622 833 enim
646 770 840 833 Crotosinum
862 769 1008 851 oppidum
1031 768 1064 830 in
1088 767 1204 829 Silesia
1228 766 1398 829 confinibus
1418 764 1518 825 situm

319 867 524 950 attigeramus,
545 888 615 929 cum
638 867 697 949 ipsi
719 866 792 928 rino
815 865 1036 938 effervescente,
1060 864 1094 924 in
1116 863 1287 924 saltationes
1309 871 1340 922 et
1366 860 1516 940 tripudia,

320 973 471 1044 preeunte
484 963 618 1037 tibicine,
634 963 783 1032 abierunt,
796 971 828 1024 et
839 983 910 1024 mox
927 981 976 1022 me
990 961 1036 1022 nil
1052 961 1152 1022 miuus
1165 959 1347 1042 cogitantem
1365 975 1517 1017 scomm-

322 1059 403 1120 tibus
427 1059 618 1140 dicteriisque
642 1059 851 1120 indecentibus
871 1057 1058 1139 impetivere,
1080 1057 1255 1118 cavillantes
1276 1054 1378 1117 literas
1398 1072 1474 1132 quas
1494 1052 1520 1112 ia

323 1153 520 1216 Posuaniensi
545 1155 658 1218 Senatu
680 1155 712 1216 iu
734 1154 850 1216 salvum
873 1154 1058 1215 conductum
1078 1171 1263 1233 acceperam,
1286 1169 1347 1210 uon
1368 1168 1432 1209 ease
1450 1147 1516 1208 nisi

322 1251 509 1333 supposititia
526 1251 549 1312 J
551 1251 714 1312 eunitarum
732 1258 912 1325 commenta,
926 1269 983 1310 nec
1000 1249 1195 1330 imposterum
1208 1247 1316 1308 valere.
1358 1244 1445 1317 Quid
1460 1242 1517 1304 bie

323 1367 442 1429 agerem
466 1347 498 1407 iu
522 1345 624 1408 hostili
645 1345 724 1408 terri
746 1346 906 1427 expositus,
928 1354 959 1407 et
978 1345 1113 1427 undique
1136 1344 1291 1406 saxonicis
1314 1341 1516 1420 Suedioisque

323 1443 417 1524 copiis
440 1463 501 1504 non
523 1441 630 1524 procul
651 1441 723 1504 indo
743 1441 915 1503 absentibus
936 1441 1177 1514 circumcinctus,
1198 1440 1307 1520 quibus
1325 1459 1375 1500 me
1394 1437 1517 1498 eadere

323 1537 436 1620 aurigae
457 1538 694 1600 minitabanturi
734 1536 874 1600 Suaviter
893 1536 1019 1617 quidem
1038 1536 1074 1598 ei
1092 1545 1180 1598 noete
1197 1534 1459 1607 dissimulandum,
1483 1541 1518 1594 ot

324 1633 455 1716 patiente
476 1632 595 1694 silentio
615 1633 693 1698 sales
711 1653 818 1715 parum
838 1632 930 1694 salsoe
946 1633 1137 1714 perferendos
1156 1651 1220 1694 esse
1241 1639 1333 1707 ratus,
1355 1631 1458 1692 omnia
1480 1631 1518 1692 iu

323 1749 450 1808 sequens
462 1728 630 1790 diluculum
648 1729 762 1790 distuli.
805 1728 932 1790 Postero
949 1727 1043 1810 igitur
1059 1729 1148 1788 mane
1167 1727 1311 1788 continuo
1323 1727 1437 1789 accessi
1452 1727 1517 1788 loci

323 1824 499 1905 praefectum
513 1825 662 1906 peramice
676 1825 829 1904 postulans
841 1833 877 1884 ut
889 1824 965 1885 mihi
982 1824 1109 1886 consilio
1127 1823 1297 1904 auxilioque
1314 1833 1517 1886 succurreret.

325 1920 389 1984 Hie
408 1939 506 1981 meam
524 1929 632 1981 sortem
649 1920 815 1994 miseratus,
830 1919 950 2002 aurigas
966 1920 1007 1981 ad
1024 1940 1055 1980 se
1073 1919 1241 1994 accersitos,
1256 1928 1412 1993 convocat,
1430 1929 1462 1982 et
1480 1929 1518 1981 ut

321 2017 420 2078 varias
433 2015 510 2078 ultrb
521 2015 655 2096 citroque
666 2015 868 2078 accusationes
877 2017 1138 2094 excusationesque
1148 2015 1294 2089 audierat,
1307 2015 1516 2098 fidejussorem

323 2123 393 2175 aute
414 2112 575 2173 discessum
596 2112 652 2172 sibi
673 2110 815 2173 constitui
831 2110 945 2192 aurigis
964 2110 1103 2192 imperat,
1120 2112 1174 2192 qui
1191 2111 1351 2192 sponderet
1366 2111 1448 2193 quod
1464 2131 1517 2172 me

324 2208 496 2270 indemnem
510 2206 726 2268 Uratislaviam
744 2205 809 2268 sine
826 2207 939 2288 injurii
951 2216 1049 2268 essent
1063 2207 1235 2281 deducturi,
1249 2227 1341 2288 quem
1357 2207 1409 2267 ubi
1422 2207 1518 2269 dede·

324 2310 406 2378 runt,
422 2303 486 2365 sine
505 2303 590 2365 mori
607 2304 769 2365 discessum
787 2312 842 2365 est.
886 2303 925 2364 Ιιι
938 2301 989 2365 sib
1002 2303 1086 2365 varia
1097 2303 1249 2365 rariorum
1268 2302 1327 2364 fuit
1342 2303 1519 2385 conjectura

325 2410 355 2461 et
376 2400 516 2480 suspicio,
539 2400 723 2461 sacerdotem
743 2395 792 2460 me
810 2420 871 2461 non
894 2409 1101 2474 mercatorem,
1121 2419 1212 2480 quem
1231 2398 1419 2476 simulabam,
1440 2420 1518 2471 esse,

325 2497 408 2577 quod
425 2506 525 2558 tamen
545 2496 659 2577 aurigae
678 2506 848 2558 constanter
861 2497 1020 2579 negabant.
1068 2494 1189 2557 Interea
1201 2495 1410 2577 appropiamus
1423 2498 1520 2577 portis

326 2591 623 2665 Uratislaviensibus,
641 2592 695 2652 ubi
713 2593 751 2653 de
769 2592 942 2653 conditione
961 2591 1159 2674 singulorum,
1179 2600 1210 2652 et
1228 2590 1335 2672 patrii,
1357 2592 1519 2673 causisque

326 2688 441 2750 itineris
460 2686 586 2769 singulis
606 2687 847 2769 respondendum
865 2687 933 2762 buit,
954 2688 994 2748 ad
1011 2708 1060 2749 me
1077 2688 1162 2750 venit
1178 2700 1213 2749 ut
1230 2687 1367 2769 questio,
1386 2689 1521 2769 produxi

325 2782 427 2845 literas
440 2783 515 2845 salvi
532 2784 698 2849 conductus
711 2784 782 2856 mei,
795 2804 832 2844 ex
849 2784 958 2865 quibus
970 2792 1005 2843 ut
1020 2792 1237 2865 cognoverunt,
1252 2803 1300 2844 me
1318 2794 1521 2846 mercaturam

327 2900 474 2955 exercere,
490 2880 528 2941 de
541 2879 688 2941 mercium
700 2900 809 2961 genere
822 2880 1015 2961 inquisivere,
1028 2900 1085 2962 ego
1101 2880 1219 2941 haleces
1235 2900 1346 2963 magno
1364 2881 1521 2963 impendio

328 2975 402 3037 illuc
429 2976 587 3037 deduxisse
611 2975 738 3050 aiebam,
763 2978 838 3038 dum
860 2977 932 3037 verb
955 2976 1051 3037 literas
1074 2986 1182 3038 nostra
1206 2977 1246 3037 ad
1269 2977 1521 3050 Gubernatorem,

327 3071 511 3141 deferuntur,
525 3071 705 3133 deducimur
718 3071 758 3134 ad
771 3072 870 3133 iorum
883 3082 918 3134 ut
930 3093 1036 3134 currus
1047 3083 1163 3134 nostros
1175 3072 1329 3134 halecibus
1341 3093 1521 3135 exonerare·

328 3186 405 3240 mus,
420 3165 556 3229 volebam
569 3167 618 3229 hic
632 3168 745 3251 aurigis
758 3169 833 3231 meis
846 3168 1022 3242 valefacere,
1035 3187 1106 3229 eum
1119 3188 1189 3230 ecce
1203 3168 1259 3229 tibi
1270 3188 1381 3230 nomm
1390 3169 1465 3229 mihi
1479 3170 1521 3231 de

328 3271 459 3323 vecturae
471 3263 572 3343 precio
589 3263 674 3325 litem
693 3266 852 3339 intentant,
867 3263 1048 3345 triplicatam
1067 3264 1086 3325 l
1103 3284 1152 3325 me
1169 3264 1322 3347 exigentes
1338 3265 1520 3340 mercedem,

331 3378 423 3441 quam
436 3357 494 3419 nisi
508 3358 680 3439 penderem,
695 3360 894 3440 proditionem
906 3360 1130 3421 minitabantur.
1173 3360 1300 3421 Factum
1313 3361 1347 3422 id
1359 3382 1426 3423 reor
1439 3361 1519 3436 ideo,

328 3455 401 3537 quia
411 3476 481 3518 eum
492 3456 524 3516 in
535 3455 654 3539 singula
663 3458 763 3541 capita
771 3457 951 3519 introeuntia
960 3466 991 3519 et
999 3458 1139 3519 exeuntia
1147 3466 1248 3538 portas
1257 3456 1520 3530 Untislarienses,

329 3550 459 3615 Grossus
482 3551 660 3635 exigeretur,
686 3564 720 3615 ut
742 3553 891 3635 stipendia
910 3554 1000 3615 militi
1023 3554 1210 3616 commodius
1234 3553 1312 3615 solvi
1335 3562 1466 3635 possent,
1487 3552 1522 3613 in

327 3649 508 3711 immensum
518 3650 697 3737 ascendebat
710 3659 899 3713 vecturarum
912 3650 1067 3713 telonium.
1111 3650 1220 3731 Itaque
1238 3669 1310 3713 cum
1323 3669 1385 3710 non
1396 3648 1523 3710 omnino
