3225 4700
142 458 338 613 3¹?ss
475 477 691 612 12³¹sp
780 539 792 542 ·“
851 504 902 623 ap
960 537 981 552 ²
1020 473 1085 554 ἡ
1145 538 1156 552 -‘
1224 535 1244 584 a

535 870 728 948 CAPUT
763 872 830 947 LI.

87 1032 251 1099 Hellande'
264 1044 296 1097 et
313 1031 408 1099 Galli
421 1034 456 1099 in
474 1032 625 1121 Campum
638 1033 863 1123 egredientem
887 1032 936 1097 Hi
946 1033 1129 1098 Arrelutam
1142 1032 1282 1099 obsident

134 1147 166 1199 et
180 1145 368 1223 expugnant,
384 1134 576 1222 Illismetru
589 1134 739 1201 Haletem
742 1134 866 1224 fraude
879 1145 1047 1223 apertaque
1058 1134 1091 1199 vi
1106 1145 1237 1202 tentant.

104 1306 180 1430 ’ᾤ’
189 1301 269 1418 ‘qs
280 1307 334 1418 ξ’
353 1326 416 1387 UB
430 1325 544 1387 exitum
564 1324 681 1388 Mensis
699 1326 778 1388 Maii
796 1327 944 1410 Princeps
961 1327 1113 1390 Auriaoue
1129 1346 1200 1388 cum
1213 1326 1283 1387 sub·

111 1443 122 1504 ᾖ
135 1401 164 1474 5⁴
193 1415 340 1563 ἃλς)
373 1422 444 1485 ditis
453 1423 510 1484 ibi
519 1423 613 1504 copiis
624 1423 655 1483 iu
665 1423 840 1485 Flandrlem
851 1424 1112 1505 appulit‚aciutra
1123 1422 1282 1486 Schliiaam

277 1537 292 1570 ’ὁ
373 1528 404 1581 et
426 1519 529 1581 Sancti
548 1520 665 1581 Donati
681 1519 879 1582 munitionem
897 1521 1133 1583 Cestmmetetus
1152 1533 1207 1595 est,
1227 1520 1282 1581 sed

104 1572 339 1750 {qne}
376 1614 517 1694 quoniam
529 1614 717 1676 Praesidiarii
730 1635 768 1675 ex
783 1614 894 1677 Sancto
904 1616 1026 1677 Donato
1036 1615 1153 1677 fortiter
1161 1636 1193 1677 se
1204 1614 1283 1676 Hol-

125 1499 195 1580 ,ik
279 1557 280 1560 ,
324 1531 332 1560 f

328 1709 331 1716 ’
374 1710 473 1771 laudis
485 1710 686 1792 opponebant,
700 1720 899 1793 stagnumque
912 1711 1059 1787 vicinum,
1073 1731 1133 1791 quo
1145 1712 1282 1772 adverae·

88 1804 205 1865 riorum
225 1814 322 1867 cestra
341 1806 571 1881 inundarentur,
589 1806 790 1887 perfoderunt,
817 1807 1001 1870 Hollaudiee
1021 1807 1157 1869 Consilia
1176 1826 1282 1887 perum

86 1900 218 1963 feliciter
234 1903 400 1964 secundum
416 1911 518 1985 optata
534 1913 749 1985 processerunt,
762 1904 875 1966 inlecto
896 1904 998 1985 itaque
1021 1903 1142 1985 negotio
1161 1922 1199 1963 ex
1218 1902 1282 1962 istis

87 1998 227 2079 pertibus
249 1999 403 2060 diseedsre
427 2019 487 2061 non
508 2000 573 2061 sine
590 2019 663 2060 uaso
684 2001 780 2061 coacti
796 2010 877 2077 suut,
901 2020 940 2062 ne
959 2010 1060 2061 tamen
1080 1999 1145 2061 sinc
1160 1998 1282 2082 negotio

87 2096 216 2157 omuino
233 2096 323 2157 feries
341 2105 475 2180 egerent,
491 2096 552 2158 ulio
571 2096 656 2159 dolos
674 2105 704 2157 et
724 2116 808 2158 erma
829 2097 1054 2171 transtulmt,
1078 2095 1282 2175 Hulstamque

87 2194 157 2254 siue
171 2212 255 2253 mora
266 2212 412 2273 premere,
434 2203 464 2255 et
483 2192 671 2275 inopinantes
689 2193 847 2276 indigenas
865 2193 1033 2275 opprimere
1051 2193 1184 2275 aggressi
1199 2202 1281 2267 sunt,

88 2288 145 2350 sed
157 2308 213 2350 use
226 2288 336 2352 isthinc
349 2289 478 2372 amplius
491 2308 583 2371 quam
595 2288 667 2370 alibi
680 2299 903 2372 promoverunt,
917 2298 953 2353 ut
964 2298 996 2352 et
1006 2310 1077 2352 mox
1090 2288 1281 2371 sequentibus

88 2385 213 2468 patebit.

130 2481 263 2545 Venerat
281 2483 429 2564 Princeps
445 2485 596 2547 Aurincus
612 2505 682 2546 cum
700 2485 783 2546 omui
800 2485 933 2546 exercitu
952 2504 1007 2546 suo
1025 2482 1171 2566 Maldege
1190 2469 1287 2544 Asse-¹

88 2579 212 2651 nedem,
227 2599 435 2662 progressurus
454 2581 597 2643 Hulstam
612 2601 727 2656 versus,
743 2589 904 2662 antequem
921 2601 993 2643 rero
1010 2580 1185 2642 fortalitium
1205 2578 1281 2640 Phi-

86 2675 272 2757 lippicarum
285 2679 550 2760 transgrederetur,
565 2677 675 2740 milites
687 2697 757 2739 suos
771 2698 851 2740 nove
862 2678 1033 2761 provisione
1045 2676 1177 2759 pulveris
1189 2675 1281 2757 pyrii,

88 2783 120 2835 et
143 2772 300 2856 glandium
325 2773 530 2854 plumbearum
553 2775 710 2849 instructu,
736 2774 863 2856 aliisque
886 2774 928 2836 ed
952 2794 1086 2857 pugnem
1108 2772 1282 2836 necessariis

88 2870 306 2951 quamoptime
320 2870 460 2931 munivit.
479 2897 484 2905 ·
501 2871 621 2932 Interea
633 2889 664 2932 se
678 2869 736 2952 ipsi
748 2872 939 2953 conjungunt
947 2870 1098 2932 Dominus
1111 2869 1149 2931 de
1164 2870 1281 2931 Heute-

88 2967 154 3028 rive
178 2985 248 3027 cum
269 2966 396 3028 subditis
418 2966 475 3028 sibi
497 2965 622 3049 triginta
644 2965 723 3028 senis
744 2965 907 3048 manipulis
927 2966 1117 3049 egregiorum
1138 2964 1281 3037 militum,

89 3064 219 3144 ducque
242 3063 309 3124 aliar
330 3063 481 3144 pedestres
505 3063 663 3144 Legiones,
686 3081 754 3143 quse
778 3070 848 3123 aute
870 3061 926 3123 hec
949 3083 1010 3123 uon
1031 3061 1135 3143 procul
1154 3059 1281 3123 Scblusd

89 3161 257 3234 abfuerant,
277 3161 316 3222 ed
336 3179 423 3220 omne
443 3159 601 3240 imperinm
621 3167 741 3241 parate.
781 3157 962 3240 Coujnnctis
979 3157 1035 3219 boc
1055 3159 1148 3220 modo
1166 3157 1281 3219 viribus

89 3255 330 3336 proficiscuntur,
355 3277 391 3319 ae
412 3256 542 3338 primum
565 3255 688 3336 quidem
710 3274 819 3337 agmen
840 3254 970 3317 ducebat
991 3255 1101 3317 Comes
1126 3254 1280 3316 Heurious

90 3352 258 3414 Casimirus
283 3353 387 3414 Frisise
411 3353 612 3424 Gubernator,
633 3352 686 3432 qui
713 3371 783 3412 cum
810 3351 927 3412 duabus
949 3350 1085 3431 equitum
1110 3351 1280 3434 legionibus

90 3467 183 3509 neves
198 3449 384 3524 conscendit,
400 3465 430 3512 et
442 3449 608 3510 rectissimo
621 3468 711 3509 cursu
722 3447 866 3510 Hillstam
875 3447 1139 3530 progreditur,quo
1149 3459 1184 3510 ut
1193 3449 1278 3510 veuit

90 3545 315 3625 insequentibus
331 3545 350 3606 d
370 3555 455 3628 tergo
468 3543 591 3624 reliquis
604 3545 752 3606 exercitus
769 3543 864 3627 copiis
877 3543 1075 3605 Nassoviense
1089 3544 1279 3607 Fortalitiuun

89 3641 147 3702 aab
170 3639 273 3703 horam
297 3643 394 3704 noctis
414 3643 542 3723 primam
563 3651 593 3704 et
615 3643 776 3704 secundem
803 3643 988 3726 aggreditur,
1013 3642 1071 3704 boc
1094 3643 1155 3706 lere
1179 3643 1278 3705 modo.

661 3759 680 3798 u
695 3759 714 3798 o
