3225 4700
316 312 383 378 404
720 305 743 371 I
749 304 807 372 ΤΙ
812 303 1033 373 NERARI
1042 303 1129 374 ΠΜ.

257 516 265 532 .
322 465 433 540 stituit,
459 470 492 524 ut
512 463 553 524 ad
574 469 701 524 mortem
721 461 771 543 pie
792 471 823 524 et
841 461 943 543 quiete
966 463 1133 524 obeundam
1155 460 1266 522 rectius
1287 478 1319 520 se
1347 457 1540 539 disponeret.
1591 427 1592 434 ἵ

327 562 409 623 Eum
424 559 456 621 iu
470 559 563 620 linem
577 558 737 620 accersivit
744 579 836 641 quem
848 561 867 620 b
877 560 998 621 secretis
1009 559 1066 620 sibi
1079 579 1144 622 esse
1156 558 1303 632 voluerat,
1314 556 1403 636 eique
1416 553 1541 614 ultimae

205 733 208 738 Ι
327 656 493 718 voluntatis
506 675 569 716 sum
584 655 765 717 documenta
776 653 893 716 calamo
904 655 1082 737 excipienda
1093 663 1124 717 et
1137 653 1249 716 charte
1260 651 1450 714 inscribenda
1464 669 1538 732 pro·

328 753 438 836 posuit.
479 752 539 813 illa
551 751 658 814 eidem
671 751 731 833 qud
743 752 915 834 accepimus
928 751 1001 824 lide,
1015 751 1075 813 hdo
1089 750 1305 813 adscribemus

371 849 547 912 Ludorious
556 849 617 910 Dei
625 849 723 932 gratia
732 849 800 911 Rex
811 849 948 911 Franciae
958 859 989 910 et
1000 847 1233 920 Navarrae,&c:
1254 846 1393 907 omnibu
1402 861 1538 924 praesen·

332 948 412 1008 tibus
432 955 462 1006 et
477 945 625 1007 secuturis
642 945 769 1007 salutem
787 956 819 1008 et
838 945 1077 1028 prosperitatem.
1120 945 1246 1025 Exque
1264 943 1303 1004 ed
1322 940 1410 1023 regni
1424 940 1538 1022 guber-

333 1041 442 1104 nacula
455 1041 570 1104 admoti
586 1062 700 1117 sumus,
716 1052 777 1104 tam
792 1042 956 1124 propitium
976 1061 1094 1123 semper
1107 1041 1243 1103 divinum
1260 1040 1407 1100 sensimus
1422 1057 1536 1098 numen

334 1149 418 1202 utex
438 1140 579 1200 omnibus
598 1140 765 1201 actionibus
778 1139 889 1202 nostris
910 1140 974 1222 ejus
994 1139 1278 1219 bonitatem-aperte
1298 1137 1468 1198 elucentem
1483 1154 1538 1216 ag-

336 1235 521 1297 noverimus.

374 1332 489 1394 Verdm
508 1332 589 1394 enim
611 1333 684 1396 verb
702 1331 773 1394 edm
796 1332 816 1395 b
836 1333 969 1416 pauxillo
989 1352 1083 1415 puero
1105 1332 1207 1394 nescio
1229 1331 1283 1412 qui
1310 1329 1432 1412 publica
1451 1328 1540 1410 pacis

335 1431 554 1513 perturbatores
571 1450 675 1490 ansam
692 1431 888 1513 arripuissent
903 1429 1072 1492 communis
1094 1429 1328 1492 interturbandm
1346 1426 1466 1508 quietis,
1491 1445 1542 1486 eos

337 1547 405 1587 mox
425 1527 550 1588 dextera
569 1526 696 1587 Domini
715 1528 833 1602 evertit,
852 1528 1027 1610 priusquam
1044 1525 1102 1608 ipsi
1123 1526 1370 1608 tranquillitatem
1385 1522 1473 1605 regni
1496 1523 1542 1584 la·

336 1624 531 1697 belaetarcnt,
546 1623 638 1704 idque
656 1623 791 1686 maximo
805 1635 907 1686 nostro
923 1624 1093 1696 commodo,
1107 1632 1139 1685 et
1151 1622 1295 1705 potentiss
1314 1630 1425 1682 nostre
1439 1620 1544 1680 incre-

338 1730 451 1780 mento.
493 1719 561 1781 Nec
579 1719 676 1782 multb
695 1729 763 1802 post
776 1721 900 1781 modum
919 1741 991 1782 oum
1008 1719 1219 1781 haereticorum
1239 1719 1322 1780 furor
1337 1717 1370 1778 in
1384 1717 1474 1799 regni
1489 1737 1544 1797 po-

336 1816 466 1878 tissimas
479 1827 577 1897 partes
595 1826 626 1878 et
640 1817 811 1899 provincias
828 1817 1030 1880 debacchatus
1047 1827 1134 1893 esset,
1150 1837 1185 1877 ac
1201 1815 1393 1896 Majestatem
1408 1815 1545 1898 Regiam

337 1914 523 1995 supprimere
540 1913 753 1985 adlaborasset,
767 1935 838 1976 eum
856 1914 965 1976 uostris
984 1914 1118 1976 consiliis
1130 1913 1306 1975 dexteritate
1320 1923 1351 1974 et
1365 1913 1461 1972 armis
1476 1933 1546 1974 rua·

338 2011 404 2072 ture
415 2009 632 2092 praevertimus,
647 2022 678 2071 et
690 2011 810 2073 veritati
823 2011 935 2073 eversis
949 2010 1049 2093 impiis
1062 2009 1321 2092 superstitionibus
1333 2011 1525 2093 subegimus.

380 2106 480 2168 Simili
494 2107 587 2168 modo
600 2128 671 2168 cum
684 2109 820 2169 animum
834 2107 873 2168 ad
886 2127 969 2169 arma
982 2106 1194 2188 adjecissemns
1207 2126 1262 2187 pro
1281 2107 1402 2168 tuendis
1418 2126 1547 2188 oppres-

337 2205 378 2266 sis
391 2213 422 2265 et
439 2203 651 2266 eonfoederetis
668 2203 787 2277 nostris,
802 2204 843 2265 ad
861 2203 983 2264 oculum
1005 2202 1246 2264 manifestissime
1266 2203 1401 2264 divinam
1424 2205 1547 2285 experti

338 2321 442 2364 sumus
451 2300 704 2377 benedictionem,
719 2301 841 2383 quando
856 2311 900 2363 tot
913 2319 967 2361 uos
980 2299 1065 2361 auxit
1079 2299 1223 2372 victoriis,
1234 2307 1269 2362 nt
1278 2298 1410 2362 hostium
1424 2313 1547 2365 nostro·

339 2419 406 2459 rum
429 2398 634 2481 arrogantiam
661 2398 773 2459 elidere
797 2417 960 2480 possemus.
1001 2396 1055 2458 nd
1078 2406 1245 2459 extremum
1272 2416 1343 2459 cum
1369 2398 1546 2461 Galliarum

241 2538 246 2546 -
339 2514 466 2576 regnum
480 2503 687 2576 postmortem
701 2506 835 2557 nostram
853 2494 1007 2555 uideretur
1021 2493 1146 2555 viduum
1161 2492 1331 2556 heredibus
1348 2505 1379 2557 et
1391 2517 1546 2559 suceesso-

339 2592 423 2653 ribus
447 2593 582 2653 futurum
607 2612 644 2652 ex
667 2591 832 2673 improviso
858 2591 1055 2653 afflictissime
1081 2590 1253 2653 valetudine
1280 2592 1355 2653 milri
1382 2593 1545 2670 laboranti,

340 2687 463 2771 gemini
477 2686 559 2770 prole
572 2687 771 2750 masculinos
784 2689 886 2751 beavit
899 2698 929 2750 et
939 2688 1034 2763 auxit,
1044 2708 1111 2769 que
1121 2688 1249 2771 vestigia
1258 2700 1360 2753 nostra
1371 2704 1548 2773 premerent

340 2798 372 2847 et
384 2794 509 2867 paterna
516 2784 589 2865 jura
601 2793 766 2846 tuerentur.

383 2881 505 2942 Interea
517 2890 548 2942 et
560 2881 668 2942 divina
683 2880 912 2942 clementianus
927 2880 957 2941 in
973 2880 1215 2962 potentissimum
1230 2882 1361 2965 Europe
1374 2885 1544 2968 prinoipem

339 2977 482 3059 elegerat,
497 2976 611 3058 placuit
624 2986 725 3038 tamen
740 2975 840 3037 eidem
854 2976 940 3037 nobis
953 2976 1111 3039 ostendere
1125 2980 1210 3058 aeque
1229 2978 1358 3063 Regiam
1374 2980 1544 3063 Majestatis

340 3073 547 3136 conditionem
573 3072 713 3135 humanis
732 3072 887 3153 subjacere
906 3072 1075 3147 eventibus,
1096 3081 1128 3134 et
1150 3076 1360 3138 communibus
1385 3076 1541 3139 hominum

342 3171 481 3245 miseriis,
501 3172 591 3253 quim
609 3171 730 3233 intimos
746 3171 779 3232 iu
797 3171 884 3254 plebe
902 3172 1108 3233 mediastinos.
1151 3172 1288 3252 Ideoque
1301 3193 1339 3234 ne
1357 3174 1433 3254 quid
1451 3196 1542 3256 supra

342 3268 658 3351 hominessuperemus
667 3267 767 3343 altids,
780 3268 926 3351 permisit,
936 3278 971 3329 ut
980 3267 1120 3331 humanis
1128 3268 1279 3349 perieulis,
1288 3270 1416 3342 casibus,
1425 3282 1543 3332 utmor-

342 3366 448 3425 borum
461 3364 681 3427 calamitatibus
703 3365 831 3427 eliorum
850 3385 933 3427 more
946 3366 1119 3428 mortalium
1133 3366 1385 3429 submitteremur.
1422 3366 1543 3439 Quibus

342 3462 423 3524 docti
441 3481 544 3523 sumus
561 3462 668 3544 quenti
686 3472 787 3523 nostra
801 3472 833 3523 et
853 3462 945 3524 totius
965 3462 1052 3545 regni
1069 3462 1164 3525 nostri
1184 3482 1220 3523 ao
1240 3462 1430 3525 subditorum
1452 3465 1543 3527 inter-

342 3568 421 3619 esset
434 3570 468 3621 ut
481 3560 598 3621 mature
612 3559 643 3619 in
657 3580 777 3621 omnem
792 3559 861 3621 vitoe
876 3559 1039 3641 mortisque
1052 3570 1194 3623 eventum
1209 3560 1399 3643 prosperitati
1412 3570 1443 3623 et
1453 3562 1542 3624 saluti

341 3655 476 3716 omnium
491 3656 738 3739 prospiceremus.
