3225 4700
480 342 904 412 JTJNERAMUM.
1225 346 1283 409 173

68 488 313 559 Francicsrum
334 498 488 580 eopisrum
509 498 592 576 iecit,
611 498 761 580 jussitque
781 494 867 557 nullu
886 494 967 556 factu
985 514 1069 557 mors
1090 493 1131 557 ad
1151 492 1281 557 Theonis

68 585 210 652 Villam
229 613 412 673 promovere,
431 603 462 657 et
477 594 629 657 civitatem
649 592 803 655 obsidione
825 591 974 666 claudere,
996 591 1079 672 quud
1100 610 1190 671 quam
1211 610 1280 653 mox

69 689 265 751 executioni
278 691 393 766 datum,
407 692 581 772 obsidioque
593 690 737 753 vicesima
748 698 855 751 octova
869 687 948 749 Maii
961 706 1057 771 caeptn
1069 697 1124 750 est.

121 780 210 845 Hoc
227 786 416 867 conspicatus
437 787 615 849 senissimus
635 784 853 867 campiductor
874 782 1101 858 Picolominim,
1121 782 1279 847 consilium

74 896 161 939 cum
182 880 344 963 praecipuis
359 902 481 943 suorum
499 882 568 943 iniit
580 882 618 944 de
631 880 775 942 solvendo
785 878 950 953 obsidione,
965 888 995 941 et
1008 878 1079 941 licet
1091 888 1164 941 tuuc
1183 879 1281 940 omnis

74 976 215 1055 generis
228 976 339 1053 media,
353 988 428 1059 puta
440 986 618 1052 comeatum,
629 986 659 1039 et
671 976 815 1039 offensira
824 994 908 1037 arma
917 975 956 1036 ad
970 976 1116 1056 ejusmodi
1128 976 1280 1058 negotium

75 1070 146 1131 rite
158 1072 373 1153 exequendum
382 1073 665 1156 suscipiendamque
676 1072 821 1147 daeasent,
831 1071 926 1133 nihilo
937 1081 1036 1133 tumen
1047 1070 1146 1132 minus
1155 1070 1282 1133 firmiter

76 1168 211 1242 statuit,
232 1168 410 1231 solutionem
432 1169 597 1232 obsidionis
616 1168 718 1230 moliri
737 1168 822 1229 omni
842 1177 962 1230 coneto.
1012 1167 1051 1228 Iu
1074 1186 1165 1249 quem
1188 1166 1280 1229 finem

76 1263 184 1324 tertio
198 1263 221 1326 J
222 1264 288 1325 unii
307 1266 484 1329 Bastouiam
501 1266 557 1327 sub
575 1264 742 1338 meridiem,
759 1264 816 1325 sub
830 1284 983 1346 vesperam
1001 1272 1101 1325 sutem
1118 1262 1282 1325 Mariclan·

78 1380 177 1440 gam,
194 1371 301 1440 quarto
321 1382 392 1424 vero
409 1362 545 1445 ejusdem
563 1359 687 1422 Pessum
704 1380 765 1421 non
783 1360 889 1442 procul
905 1359 1034 1435 Aulum,
1053 1360 1158 1441 quinto
1171 1358 1281 1422 dehine

80 1454 265 1517 Maremam
286 1458 447 1538 promouit,
473 1466 505 1519 et
525 1466 609 1519 sexto
628 1456 758 1537 denique
774 1457 815 1517 ad
833 1456 962 1517 Theonis
978 1456 1093 1519 Villam
1110 1466 1171 1517 tam
1188 1476 1280 1539 propo

80 1552 231 1626 accessit,
244 1561 279 1613 ut
291 1573 353 1614 non
365 1552 425 1613 uisi
437 1562 566 1633 quatuor
577 1550 739 1613 herisinde
750 1552 875 1627 obesset,
886 1551 1181 1614 ubiaciemformere
1190 1552 1281 1633 cepit.

126 1648 216 1710 Cum
225 1667 299 1711 vero
309 1648 519 1731 sagacissimus
531 1648 618 1709 miles
632 1648 917 1729 Inxeubmgeusem
930 1647 1116 1729 prouinciam
1129 1649 1281 1730 obseptam

82 1745 244 1827 angustiis
257 1744 387 1819 viarum,
404 1744 565 1817 montium,
581 1742 717 1813 vallium,
734 1740 946 1823 sylvarumque
962 1742 1220 1817 animadverteret,
1238 1744 1282 1805 ita

83 1838 153 1900 iter
167 1860 257 1901 suum
268 1840 409 1915 instituit,
423 1840 677 1920 quemadmodum
687 1839 727 1900 ed
739 1836 831 1899 finem
846 1858 939 1918 usque
953 1856 1071 1899 servare
1083 1838 1282 1899 necessarium

86 1936 233 2016 putavit:
254 1936 419 2017 eodemque
432 1936 482 1998 die
497 1934 661 1999 Generales
674 1954 787 2009 omues,
800 1942 832 1996 et
844 1934 1003 1995 officiarios
1014 1933 1071 1993 sibi
1084 1932 1231 2015 subjectos
1242 1933 1282 1994 ed

86 2050 125 2091 se
140 2032 272 2107 vocarit,
290 2032 488 2113 omnibusque
506 2030 690 2114 propositum
702 2050 790 2091 suum
803 2030 930 2111 aperuit,
946 2028 1120 2109 monuitque
1134 2037 1168 2089 ut
1180 2046 1283 2089 omues

88 2137 126 2187 et
146 2128 259 2211 singuli
275 2128 447 2191 ardentibus
463 2128 541 2191 rotis
556 2127 718 2211 propitium
733 2147 845 2188 numen
867 2134 1068 2207 exposcerent,
1085 2124 1283 2207 iustruxitque

89 2225 137 2285 de
151 2224 257 2286 ordine
269 2224 460 2307 progressus:
481 2223 638 2285 mandavit
649 2242 738 2304 porro
750 2223 827 2285 serio
840 2233 874 2284 ut
887 2222 1101 2303 impedimenta
1115 2231 1181 2304 post
1196 2242 1227 2285 se
1242 2222 1282 2283 ad

91 2320 313 2403 Luxeburgum
334 2320 547 2402 relinquerent,
570 2340 628 2382 nec
648 2318 703 2381 ulli
724 2320 763 2382 de
784 2320 918 2382 exercitu
938 2338 991 2381 seu
1010 2338 1101 2400 eques
1121 2338 1174 2380 seu
1191 2318 1282 2400 pedes

89 2418 174 2479 foret
185 2419 288 2479 abesse
302 2417 321 2479 i
333 2417 445 2480 vexillo
456 2438 510 2479 suo
525 2417 640 2478 liceret.
681 2415 801 2478 Dehinc
815 2416 919 2478 divisit
931 2425 1080 2477 tormenta
1095 2413 1202 2476 bellica
1217 2436 1283 2477 mu·

91 2514 255 2588 uitionem,
273 2523 305 2576 et
321 2515 519 2577 instrumenta
535 2533 603 2595 quoe
620 2514 661 2574 ad
680 2533 805 2596 agmen
825 2511 989 2594 egerendos
1010 2511 1154 2586 serviunt,
1177 2519 1206 2572 et
1226 2513 1282 2573 sub

91 2631 190 2691 poena
202 2611 387 2694 gravissimae
404 2609 621 2694 indignationis
633 2629 695 2670 suae
708 2607 861 2691 praecepit,
875 2616 909 2669 ut
920 2627 1023 2669 omues
1037 2607 1183 2690 Legiones
1194 2607 1283 2689 septi·

93 2726 148 2767 ma
161 2707 186 2768 J
187 2706 253 2767 unii
265 2706 339 2770 hurd
350 2715 420 2769 ante
428 2707 521 2768 solem
534 2705 667 2768 secunda
676 2705 708 2766 in
718 2723 859 2784 campum
869 2703 1068 2764 educerentur
1078 2704 1173 2782 (quod
1183 2711 1282 2764 tumen

92 2812 201 2884 postea
218 2804 257 2864 ob
273 2804 357 2865 veria
374 2803 588 2884 impedimenta
606 2799 770 2862 incidentis
782 2809 852 2861 aute
864 2799 969 2860 horem
982 2808 1094 2860 sextam
1106 2799 1284 2860 matutinam

94 2901 166 2963 lieri
186 2902 240 2962 vix
261 2901 381 2983 potuit).
426 2899 548 2960 luteres
567 2899 600 2959 iu
621 2906 783 2978 conspectu
806 2896 899 2958 totius
921 2895 1068 2957 exercitus
1092 2895 1283 2958 Sacerdotem

93 2997 327 3079 norisoperari,
337 2997 498 3077 Deumque
508 3015 562 3076 per
573 2993 800 3055 Sacrosanctum
809 2992 914 3054 Missae
925 2991 1114 3055 Sacrificium
1124 2991 1283 3074 placatum,

94 3096 129 3156 in
142 3094 418 3168 auxiliumvccare‚
427 3094 610 3173 tandemque
622 3090 655 3151 in
668 3089 790 3151 nomine
800 3088 926 3150 Domini
940 3089 1108 3170 promoveri
1118 3089 1283 3151 exercitum

96 3190 255 3273 praecepit.

139 3287 188 3348 Ut
207 3307 297 3368 porro
316 3287 410 3349 hostis
426 3286 466 3348 de
481 3283 683 3347 suoadsentu
701 3280 810 3343 certior
827 3279 894 3342 fieri
910 3290 972 3343 tam
988 3281 1086 3343 subito
1102 3301 1162 3344 uon
1176 3292 1284 3364 posset,

97 3394 152 3446 sut
164 3384 192 3444 si
207 3384 274 3464 jam
291 3383 407 3464 aliquid
423 3382 504 3444 fama
523 3380 686 3442 nunciante
702 3378 758 3439 sub
776 3378 916 3439 odoratus
933 3388 1009 3439 esset
1026 3397 1058 3438 se
1075 3387 1137 3440 tum
1149 3379 1284 3441 ricinum

98 3481 158 3542 sibi
178 3499 242 3541 esse
265 3480 389 3541 minime
410 3477 620 3560 suspicaretur,
638 3475 725 3537 tubes
744 3493 848 3536 omnes
870 3483 901 3536 et
918 3483 1061 3555 tympana
1078 3473 1165 3536 silere
1181 3475 1283 3557 jussit,

98 3585 256 3657 totumque
265 3575 429 3638 exercitum
439 3575 471 3636 in
481 3591 598 3634 summo
607 3570 726 3633 silentio
734 3569 876 3652 progredi
885 3569 942 3631 hoc
951 3569 1013 3630 sere
1022 3570 1138 3634 ordine.
1163 3573 1284 3652 Agmeu

98 3673 243 3753 primum,
257 3671 339 3752 quod
353 3669 501 3756 generalis
510 3666 634 3752 Vigiliis
645 3667 813 3730 Praefectus
827 3667 911 3748 Becq
924 3666 1063 3742 ducebat,
1076 3666 1286 3748 precedebant
