3225 4700
494 336 908 407 ITINERARIUM.
1224 331 1285 397 ‹tll

85 487 308 566 paciscendum
321 511 353 552 se
365 491 547 553 obtuleruut.
589 490 748 554 Conclusio
757 491 853 571 pactis
866 490 1033 550 eduxerunt
1047 507 1084 548 ex
1099 485 1180 547 mille
1189 485 1284 566 qued·
1312 553 1313 556 Ἴ

85 583 251 665 ringentis,
272 606 347 666 quos
366 587 404 648 ab
425 587 512 649 initio
532 587 695 649 obsidionis
715 589 785 647 urbs
810 597 1027 659 numeraverat,
1048 583 1201 652 militibus,
1223 600 1283 641 non

85 680 154 740 nisi
166 693 308 742 sexcenta
324 684 431 764 capita,
447 685 548 744 eaeteri
563 704 667 745 omues
680 683 729 744 vel
746 683 857 744 morbis
870 681 918 743 vel
933 680 1018 741 clade
1037 677 1205 760 consumpti
1220 677 1282 737 suo·

86 787 171 837 rant.
214 777 387 860 Egressuris
400 801 540 840 concessa
559 790 628 841 sunt
641 780 702 841 duo
716 791 876 852 tormenta,
897 778 999 839 omnia
1017 777 1138 856 insuper
1154 774 1281 854 impedi-

89 882 196 934 menta
208 895 277 954 quse
291 876 370 936 intra
381 887 528 938 trecentos
540 897 645 938 currus
662 886 819 947 steterunt,
828 887 922 956 'etque
945 873 1186 954 Luxemburgum
1208 891 1282 952 prse-

88 970 234 1031 sidierius
247 972 334 1032 miles
346 973 494 1035 deductus
507 985 561 1034 est.
604 973 682 1035 Cum
697 975 871 1054 praesidium
884 970 1086 1054 egrederetur,
1099 977 1241 1030 steterunt
1250 966 1281 1027 in

89 1063 188 1123 armis
202 1063 296 1136 Galli,
310 1077 341 1126 et
354 1067 386 1126 iu
399 1066 518 1147 siguum
534 1065 647 1128 laetitias
662 1076 707 1127 ter
719 1066 834 1127 fistulas
847 1087 915 1128 suas
928 1074 1136 1128 exonerarunt.

136 1159 290 1221 Numerus
305 1161 462 1223 Gallorum
477 1163 645 1224 occisorum
661 1163 786 1223 durante
798 1163 953 1225 obsidione
968 1173 1083 1224 nonest
1101 1164 1204 1236 initus,
1219 1182 1283 1223 cer·

93 1265 160 1317 tum
182 1265 227 1318 est
249 1258 337 1338 plura
355 1258 445 1320 fuisse
468 1259 573 1333 millis,
602 1260 640 1320 de
668 1259 847 1341 primoribus
874 1261 1039 1322 occububre
1069 1257 1284 1319 Maresehallus

93 1353 196 1434 campi
211 1353 255 1416 La
264 1354 356 1427 Mott,
368 1355 508 1416 Marcbio
522 1355 560 1416 de
569 1354 687 1417 Chevre
700 1355 838 1417 similiter
849 1355 1065 1418 Meresohallus
1075 1356 1184 1436 campi,
1195 1354 1284 1415 Mon-

91 1450 175 1510 sieur
190 1450 319 1512 Gession
333 1453 405 1532 quie
416 1472 453 1513 ex
466 1472 544 1532 equo
557 1452 761 1528 descenderat,
773 1462 804 1513 et
818 1453 877 1513 uni.
889 1475 958 1515 cnm
970 1453 1069 1534 pedite
1081 1452 1175 1513 milite
1185 1452 1284 1512 incur·

93 1555 186 1619 reret,
213 1548 367 1610 mortalem
391 1549 511 1631 plagam
532 1549 658 1630 occepit
708 1549 783 1610 Post
811 1569 960 1630 egressum
988 1550 1192 1631 Hispanorum
1219 1549 1287 1610 urbs

94 1645 233 1726 quinque
245 1645 414 1728 legionibus
427 1645 555 1708 Gallicis
564 1657 596 1708 et
608 1656 735 1725 quatuor
749 1644 948 1708 Helvetorum
964 1647 1124 1729 manipulis
1134 1658 1221 1708 aucte
1231 1656 1285 1707 est.

97 1741 293 1824 Expugnstio
311 1742 522 1804 'l'beouisvillae
545 1753 577 1805 ut
593 1742 724 1823 primum
742 1741 876 1802 Parisios
895 1745 1036 1804 nunciata
1055 1753 1108 1817 est,
1126 1741 1287 1826 magnifice

94 1837 311 1920 triumphatum
326 1849 372 1900 est
384 1839 415 1899 iu
430 1838 559 1921 Reginae
573 1838 741 1920 praesentiis.

147 2207 172 2289 ἶ
217 2214 237 2229 ²
301 2154 428 2265 l²*·
485 2162 563 2269 fi?
643 2169 905 2286 QOEd2m:
1041 2155 1242 2263 de1

496 2450 688 2528 CAPUT
727 2450 899 2527 LXXV.

189 2608 240 2675 De
254 2610 533 2697 Francosordiensi
553 2609 736 2699 Principem
751 2636 789 2677 oc
804 2611 952 2677 Statuam
967 2608 1004 2675 S.
1023 2607 1068 2673 R.
1089 2606 1217 2692 Imperii

404 2713 564 2780 Conventa
579 2726 607 2779 et
624 2716 697 2780 aliis
711 2717 784 2781 ltine
798 2716 868 2780 inde
880 2716 985 2803 gestis.

118 3092 135 3122 '¹
169 3133 172 3162 ,
216 3075 281 3178 ”,,
321 3111 356 3184 ὖ
383 3085 439 3146 sub
465 3086 577 3147 exitum
602 3085 776 3146 conclusum
803 3085 882 3146 inter
905 3096 1013 3145 cetera
1034 3083 1140 3157 iuerat,
1169 3094 1287 3144 utnon

253 3169 280 3274 j
385 3182 480 3243 multo
492 3192 558 3263 post
577 3182 804 3244 Francofurtnm
819 3183 897 3243 sacri
916 3182 1045 3243 Romani
1060 3180 1184 3261 Imperii
1198 3192 1290 3243 status

125 3283 135 3290 ”
167 3263 285 3346 jssssllspg,
309 3288 352 3342 Ω)
384 3278 1292 3361 convocarenturprocomponendisquibusdamcontroversiis

100 3404 168 3466 quae
181 3385 200 3443 b
212 3382 345 3443 comitiis
358 3380 388 3439 iu
403 3376 645 3459 opportuniorem
656 3376 756 3437 locum
771 3376 890 3455 rejectae
904 3387 996 3435 erant.
1040 3373 1079 3436 Id
1089 3375 1169 3454 quod
1179 3375 1290 3435 factum

99 3493 153 3541 est.
194 3476 339 3540 Collectis
353 3475 452 3555 itaque
464 3472 625 3555 potissimis
635 3471 798 3533 electorum
808 3470 994 3550 aliorumque
1004 3470 1174 3553 principum
1186 3470 1291 3552 legatis

102 3587 131 3637 et
148 3573 327 3637 consiliariis
343 3572 384 3633 ad
397 3570 576 3652 vigesimum
594 3568 724 3649 primum
741 3568 895 3629 Februarii
913 3568 984 3628 anni
999 3567 1017 3628 d
1033 3566 1291 3648 sesquimillesimo

104 3672 257 3735 centesimi
270 3668 491 3751 quadragesimi
504 3666 584 3727 tertii
598 3666 629 3725 in
644 3665 758 3726 curiam
773 3664 928 3725 convocati
944 3675 1013 3724 sunt
1029 3664 1078 3724 ubi
1097 3663 1291 3745 praesentibus

107 3769 252 3833 Caessreis
265 3766 484 3841 commissoriis,
498 3762 661 3845 propositio
675 3762 705 3822 in
721 3771 892 3842 sequentem
906 3779 1024 3821 sensum
1039 3759 1118 3820 edita
1131 3770 1184 3819 est.
