3225 4700
311 305 376 372 284
706 306 728 370 1
735 303 1014 372 TINERARI
1021 303 1102 370 ΠΜ.

314 455 448 536 gimeuto
461 455 584 538 vulgare
598 477 635 517 ne
649 456 828 538 gravemini,
840 457 895 520 sed
907 455 1064 520 authorem
1080 451 1158 516 nulli
1173 469 1294 534 prorsus
1308 447 1523 511 manifestate.

316 551 426 632 Pragae
441 551 490 614 die
505 555 535 613 8.
550 551 657 614 Martii
672 553 765 614 Anno
782 556 869 613 1640.

834 648 981 710 durabilis
994 650 1115 708 Amicus
1130 648 1172 706 D.
1191 647 1225 704 V.

1011 743 1183 805 Pararcrus
1195 740 1428 802 Rmacusrsr.

763 921 876 990 Glosru
891 922 1059 988 Aetheria.

321 1035 506 1186 ERRAS
523 1039 655 1101 virorum
668 1041 794 1122 pessime
808 1041 890 1122 quod
903 1061 1009 1122 parum
1022 1039 1093 1100 vere
1104 1034 1339 1099 comminisceris
1348 1051 1398 1094 me
1408 1030 1524 1093 cona-

408 1157 511 1202 oenses
532 1147 562 1198 et
583 1137 774 1199 Ultonienses
792 1138 942 1220 appellare
961 1137 1079 1198 rabidos
1097 1153 1197 1207 caum,
1215 1132 1269 1195 sed
1287 1150 1344 1192 neo
1358 1128 1525 1190 Barbaros

317 1249 420 1294 omnes
433 1254 526 1298 voco:
550 1237 620 1298 Hoc
633 1244 749 1297 tantum
763 1255 801 1296 ex
812 1235 845 1296 S.
861 1233 1019 1296 Bernardo
1031 1253 1131 1294 assero
1143 1228 1217 1291 olim
1233 1228 1325 1289 fuisse
1345 1225 1524 1294 Barbaros,

317 1337 347 1390 et
360 1349 398 1391 ex
411 1333 626 1395 consuetudine
639 1353 709 1393 cum
723 1331 835 1416 Anglis
848 1331 1019 1413 deposuisse
1031 1331 1174 1392 ferociam
1186 1335 1217 1387 et
1229 1323 1363 1386 induisse
1372 1339 1524 1382 mansue·

316 1425 406 1487 tiores
420 1448 526 1489 mores.
569 1428 659 1501 Quod
673 1449 745 1489 vero
758 1438 791 1491 tu
805 1426 911 1489 asseris
923 1426 962 1488 de
975 1426 1088 1488 rabidis
1100 1424 1225 1487 canibus
1240 1420 1291 1483 vel
1308 1440 1346 1480 ex
1365 1437 1453 1480 mera
1465 1435 1525 1476 oa·

317 1520 485 1585 lumniandi
499 1523 650 1605 voluptate
664 1523 737 1585 mibi
752 1523 881 1606 affingis,
894 1522 943 1584 vel
955 1523 1028 1603 quia
1040 1520 1177 1583 libellum
1189 1536 1292 1579 meum
1307 1534 1370 1576 non
1387 1513 1522 1594 inspex-

318 1617 367 1677 isti
381 1618 469 1690 serio,
482 1620 530 1680 vel
544 1621 616 1700 quia
630 1641 690 1681 non
705 1619 859 1702 intelligis,
874 1619 956 1700 quod
968 1617 1085 1698 scripsi.

358 1712 443 1784 Quos
462 1735 532 1777 vero
551 1735 647 1776 vanus
666 1715 823 1777 Politaster
839 1714 1008 1795 compilasti
1025 1721 1131 1774 contra
1148 1731 1198 1772 me
1213 1727 1328 1783 versus,
1346 1725 1463 1786 eosque
1484 1704 1521 1764 in

318 1808 426 1890 vulgus
434 1811 564 1873 militum
575 1811 702 1874 sollicite
712 1811 852 1873 seminari
863 1810 996 1886 soluisti,
1006 1829 1110 1871 eorum
1118 1806 1336 1870 calumniarum
1346 1811 1521 1864 torrentem

318 1903 336 1964 d
352 1925 398 1966 ure
412 1905 566 1968 amolitum
581 1908 612 1968 in
626 1919 655 1968 te
669 1927 784 1990 rogero,
799 1907 951 1988 talemque
964 1915 994 1968 te
1007 1906 1087 1967 orbis
1099 1903 1231 1979 babebit,
1244 1901 1341 1983 quoad
1360 1917 1410 1960 me
1422 1897 1520 1958 illum

318 2002 488 2082 probaveris
501 2023 591 2084 quem
605 2003 737 2064 finxisti:
760 2004 853 2065 verbo
862 2003 938 2064 babo
948 2023 1045 2064 meam
1055 2003 1093 2063 de
1102 2001 1163 2062 tuis
1174 1999 1311 2062 versibus
1320 1994 1520 2057 sententiam.

319 2097 392 2158 Tuis
411 2117 459 2160 me
474 2097 536 2160 illic
549 2098 697 2160 coloribus
716 2099 877 2179 injuriosus
890 2099 987 2180 pictor
999 2096 1193 2160 adumbrasti.
1232 2095 1322 2155 Tues.
1361 2089 1522 2150 Tenebro-

318 2213 368 2254 sus
382 2203 412 2254 et
425 2194 582 2268 Tenebrio,
597 2194 818 2271 Halluoinator,
834 2195 983 2267 Mendax,
997 2194 1194 2269 Ambitiosus,
1209 2189 1366 2272 Stupidus,
1377 2185 1519 2258 Babulus,

320 2289 463 2363 Vinosus,
478 2289 566 2352 Erro.

360 2385 520 2458 Quomodo
539 2387 620 2448 enim
642 2396 671 2449 te
692 2387 846 2450 tartarium
867 2403 979 2449 torrem
997 2406 1060 2449 esse
1080 2396 1191 2469 optem,
1212 2384 1267 2465 qui
1288 2402 1358 2445 cum
1375 2381 1518 2441 Doctore

319 2482 456 2563 gentium
471 2482 570 2545 Paulo
583 2503 685 2545 omnes
697 2484 786 2565 cupio
800 2484 877 2545 eoelo
889 2482 1075 2545 lucrifacere.
1115 2481 1300 2543 Tenebrosus
1315 2488 1347 2539 et
1362 2472 1519 2538 Tenebris

320 2577 426 2639 merito
440 2577 489 2639 vel
501 2588 553 2639 tuo
566 2579 680 2641 indicio
692 2580 788 2654 audis,
803 2580 1048 2662 quandoquidem
1066 2589 1096 2640 te
1109 2588 1261 2640 auctorem
1274 2594 1413 2638 versuum
1427 2580 1518 2633 tene·

320 2672 382 2733 bris
399 2674 543 2736 abscondi
555 2675 655 2757 jubes.
699 2674 894 2750 Helluonem,
915 2674 1067 2756 Hydram,
1088 2674 1289 2756 Hypocritam
1306 2690 1397 2754 agere
1412 2690 1517 2731 saeer-

321 2770 423 2831 dotem
437 2770 564 2832 nimium
577 2772 751 2851 probrosum
764 2782 819 2846 est,
833 2773 902 2832 ideo
914 2772 1047 2833 abstineo
1060 2782 1122 2832 tam
1131 2768 1370 2853 significantibus
1379 2766 1519 2850 appella·

321 2867 462 2929 tionibus.
507 2866 767 2929 Hallueinatorem
781 2878 811 2929 te
823 2888 900 2929 voco
912 2868 986 2949 quia
997 2868 1154 2949 splendide
1166 2866 1368 2928 hallucinatus
1381 2886 1424 2941 es,
1439 2885 1517 2926 cum

320 2966 445 3046 putabas
466 2984 515 3026 me
539 2972 590 3025 tuo
614 2964 755 3044 penicillo
774 2964 952 3025 deformare.
1000 2965 1071 3026 Seio
1090 2965 1231 3045 equidem
1253 2964 1285 3025 iu
1310 2964 1517 3026 sacerdotium

320 3061 512 3122 mendacium
530 3060 637 3121 eadere
655 3080 714 3121 non
734 3060 853 3130 debere,
868 3059 941 3141 quia
957 3068 1057 3121 tamn
1072 3080 1121 3123 me
1138 3062 1313 3135 mendaeem
1331 3061 1396 3123 sine
1413 3061 1518 3124 fronte

320 3156 436 3232 asseris,
450 3156 483 3216 in
496 3166 583 3217 tuum
595 3155 694 3217 sinum
708 3175 830 3217 revomo
842 3154 1002 3226 vomicam,
1016 3155 1036 3217 d
1049 3164 1079 3217 te
1090 3156 1216 3237 turpiter
1228 3156 1336 3218 fusam.
1369 3158 1441 3219 Non
1454 3180 1515 3240 pu·

322 3254 375 3313 det
391 3253 463 3315 verb
484 3262 514 3315 te
532 3253 577 3314 tui
594 3252 723 3333 stuporis
742 3272 814 3314 cum
832 3270 881 3313 me
900 3251 1090 3334 sacrilegum,
1111 3252 1308 3328 seductorem,
1327 3253 1456 3328 simiam,
1480 3268 1513 3319 et

319 3368 454 3412 scurram
472 3348 556 3422 facis,
575 3348 627 3431 qui
645 3348 861 3410 sacerdotalem
875 3347 1064 3430 dignitatem,
1083 3368 1175 3430 quam
1192 3349 1336 3432 indignus
1346 3352 1414 3432 jam
1427 3352 1514 3434 plus·

319 3446 396 3508 culis
409 3444 496 3506 sanis
506 3466 591 3527 gero,
606 3444 735 3507 revereri
753 3444 871 3518 debeas,
889 3453 920 3506 et
934 3445 972 3505 ab
991 3464 1029 3506 eo
1045 3444 1149 3507 saltem
1170 3446 1317 3508 abstimre
1332 3458 1394 3509 tam
1412 3449 1513 3511 invisa

320 3541 456 3617 dicteria,
471 3543 524 3604 sed
537 3541 644 3603 merito
656 3541 761 3603 dubito
774 3560 814 3601 an
827 3540 918 3601 etiam
931 3540 1111 3602 intellexeris
1124 3542 1285 3604 verborum
1301 3544 1364 3606 vim
1381 3553 1412 3606 et
1423 3566 1512 3608 ener-

317 3638 410 3721 giam,
422 3638 589 3706 existimem
604 3638 700 3723 potius
713 3637 810 3719 (quod
821 3635 866 3699 tui
878 3637 1041 3700 excusandi
1054 3656 1145 3701 eausa
1152 3638 1235 3716 ἀίω)
1244 3650 1274 3701 ts
1284 3641 1380 3704 multa
1391 3642 1431 3705 ad
1440 3663 1509 3709 our·
