3225 4700
337 320 398 385 160
716 313 1130 382 tristissimum.

335 490 387 531 um
397 469 520 550 quidem
534 467 662 550 amplius
675 478 737 530 tam
751 467 886 551 populosi
900 478 969 529 ante
982 466 1039 529 hac
1053 466 1158 549 oppidi
1171 468 1354 543 remanserit,
1367 488 1424 529 nec
1437 484 1564 547 snpra

335 568 440 629 decem
454 566 590 629 homines
603 565 711 646 reliqui
724 574 804 641 sunt,
820 566 873 645 qui
887 564 969 626 velut
982 563 1159 625 miraculose
1173 563 1222 623 isti
1236 564 1369 645 periculo
1382 563 1563 627 subtracti

334 664 467 726 fuerunt.

376 760 470 821 Petra
479 758 570 821 Fluta
579 758 832 839 modicaqaidem
845 758 962 830 civitas,
976 758 1030 819 sed
1044 756 1212 832 commoda,
1223 758 1347 818 omnino
1355 776 1466 819 eversa
1480 765 1558 830 est,

333 876 452 937 unaque
463 876 533 917 cnm
543 855 597 917 illa
606 856 732 938 triginta
740 854 880 929 infantes,
892 855 1002 937 viginti
1017 854 1168 928 mulieres,
1179 874 1231 915 sex
1241 854 1300 914 viri
1311 854 1556 915 occubuerunt.

374 952 530 1035 Oppidum
544 952 655 1032 quoda
669 951 702 1013 S.
719 951 872 1033 Stephano
886 951 1110 1030 Protomnrtyre
1124 949 1394 1012 nomenclationem
1404 951 1424 1011 1
1434 952 1556 1031 majo·

333 1051 415 1111 ribus
428 1048 553 1131 accepit,
567 1049 727 1110 medietate
741 1047 787 1109 sui
800 1068 936 1109 eversum
952 1056 1006 1109 est.

375 1146 409 1209 S.
427 1145 544 1207 Lucida
558 1144 670 1207 Parra
687 1144 813 1215 civitati,
829 1142 1099 1227 propugnaculum,
1112 1143 1195 1224 quod
1208 1143 1275 1206 aliis
1288 1144 1411 1206 urbibus
1425 1154 1555 1207 contra

335 1242 519 1305 eversionem
531 1249 562 1302 et
574 1240 771 1322 direptionem
785 1260 848 1301 esse
862 1239 946 1315 solet,
962 1238 1125 1321 plurimum
1142 1240 1249 1316 obluit,
1268 1260 1338 1302 cum
1356 1242 1439 1303 enim
1453 1242 1553 1303 illud

334 1360 372 1402 ex
385 1338 576 1401 succussione
593 1345 680 1398 terrm
697 1346 798 1398 rueret
810 1337 843 1397 in
860 1336 1029 1398 societatem
1046 1336 1143 1398 rninae
1159 1336 1249 1397 traxit
1265 1356 1369 1399 omnes
1385 1338 1481 1414 sedes,
1506 1340 1549 1398 in

334 1455 395 1516 qua
407 1444 507 1496 tamen
521 1452 624 1514 paucae
636 1452 771 1514 personae
784 1432 1155 1514 occubuerunt'quoniam
1168 1432 1303 1514 plerique
1315 1434 1546 1517 indigenarum

333 1551 396 1593 sese
406 1529 446 1591 ad
458 1528 672 1591 Monasterium
683 1528 951 1591 Franciscanorum
962 1529 1000 1591 de
1010 1529 1211 1591 observantia
1223 1530 1420 1607 contulerant,
1434 1534 1544 1595 vitam

333 1636 365 1689 et
380 1625 505 1688 salutem
521 1624 603 1706 apud
620 1625 700 1687 viros
720 1625 889 1707 Religiosos
908 1626 1081 1706 quaesituri3
1103 1626 1213 1707 quibus
1231 1636 1331 1688 temen
1354 1630 1445 1691 etiam
1467 1650 1541 1691 non

330 1722 453 1783 omnino
465 1741 590 1803 parcum
604 1729 658 1797 est,
672 1741 743 1783 cum
757 1722 940 1783 antemurale
957 1722 1128 1785 monasterii
1146 1722 1237 1784 ctiam
1255 1732 1339 1785 terra
1354 1734 1440 1787 motu
1452 1746 1537 1787 con-

334 1820 451 1881 ciderit.

374 1915 529 1979 Urbecnla
540 1935 632 1996 quam
646 1914 773 1977 Flumen
786 1916 932 1999 frigidam
947 1917 1082 1999 patriotae
1096 1926 1271 1999 nuncupant
1283 1918 1384 1979 media
1392 1938 1430 1979 ex
1443 1926 1537 1999 parte

334 2013 466 2095 collapsa
478 2022 533 2089 est,
547 2014 684 2093 bonaque
699 2012 812 2075 cisium
825 2013 989 2075 multitudo
1002 2014 1098 2075 ruinis
1111 2014 1255 2076 involuta.

374 2111 519 2172 Amareta
539 2109 684 2191 oppidum
703 2108 888 2189 potissimam
908 2118 1025 2191 partem
1044 2108 1207 2192 agitatione
1228 2118 1315 2171 terrae
1332 2110 1477 2185 concidit,
1497 2110 1534 2171 in

334 2207 421 2288 cujus
434 2204 618 2267 lamentabili
630 2224 738 2266 occasu
752 2205 878 2287 triginta
890 2225 1009 2287 quoque
1021 2206 1157 2268 homines
1171 2206 1250 2269 terri
1261 2206 1394 2287 absorpti
1405 2214 1488 2267 sunt.

374 2301 573 2366 castilionem
584 2300 658 2364 alias
670 2300 839 2364 Cassalium
853 2321 924 2365 cum
936 2303 1076 2366 omnibus
1089 2323 1181 2387 prope
1195 2304 1312 2367 civibus
1325 2304 1387 2365 suis
1400 2302 1531 2378 interiit,

334 2421 371 2462 ex
385 2399 494 2481 quibus
508 2399 560 2460 vix
575 2407 628 2461 ant
640 2418 679 2460 ne
691 2399 743 2460 vix
756 2399 879 2480 quidem
894 2399 973 2460 ullus
985 2399 1118 2481 reliquus
1131 2401 1251 2462 mansit.
1335 2433 1337 2438 ·

374 2495 573 2559 Castilionum
587 2495 667 2557 della
679 2499 793 2578 majora
806 2517 867 2558 non
886 2497 992 2579 procul
1005 2497 1023 2558 1
1036 2498 1112 2558 mari
1128 2498 1278 2573 dissitum,
1297 2517 1358 2558 una
1375 2517 1445 2558 cnm
1463 2517 1531 2558 om·

334 2591 423 2654 nibus
440 2592 596 2672 inquilinis
610 2592 720 2654 iterra
733 2613 794 2655 uno
811 2593 880 2656 bolo
897 2593 1076 2676 deglutitum
1095 2605 1149 2670 est,
1168 2595 1348 2677 pauculique
1367 2594 1476 2655 Patres
1488 2593 1531 2654 de

334 2689 439 2750 ordine
457 2689 491 2750 S.
505 2689 671 2771 Augustini
688 2691 729 2750 ad
753 2689 932 2752 strictiorem
951 2690 1087 2772 regulam
1110 2690 1272 2766 reformati,
1290 2711 1366 2772 quos
1381 2689 1529 2752 discalce-

334 2795 397 2848 atos
415 2806 468 2848 seu
488 2786 655 2867 nudipedes
676 2785 838 2868 appellant,
863 2786 916 2868 qni
936 2785 1012 2848 forte
1033 2796 1106 2849 tunc
1129 2797 1213 2850 extra
1234 2787 1347 2851 moenia
1370 2789 1529 2850 recreandi

333 2883 466 2966 corporis
483 2901 573 2944 eausa
585 2882 827 2959 obambulabant,
841 2882 951 2944 servati
964 2893 1044 2945 sunt.

374 2981 569 3063 Majorannm
582 2980 654 3040 urbs
667 2979 769 3040 medie
777 2981 824 3041 sui
837 2987 920 3060 parte
930 2978 950 3040 1
959 2988 1045 3042 terra
1055 2989 1140 3043 motu
1150 3001 1262 3057 eversa,
1272 3003 1331 3044 non
1344 2989 1390 3044 est
1398 2981 1527 3063 reliqua,

333 3077 482 3158 simulque
495 3078 528 3138 iu
541 3097 578 3139 ea
590 3076 817 3158 quadringenta
829 3075 936 3137 anima
948 3074 1167 3144 desiderantur.

375 3173 573 3235 Neocastrum
583 3173 691 3234 civitas
700 3172 738 3233 ab
749 3172 921 3234 amoenitate
934 3172 993 3234 loci
1003 3172 1169 3255 plurimum
1180 3175 1397 3248 commendata,
1405 3175 1528 3256 penitus

333 3287 437 3330 eversa
449 3279 504 3343 est,
517 3279 548 3332 et
560 3269 580 3331 1
592 3278 673 3331 terra
685 3270 835 3351 absorpta,
849 3269 880 3330 in
894 3288 955 3349 qua
966 3289 1029 3330 una
1041 3291 1112 3332 curn
1126 3270 1271 3353 Principe
1284 3272 1409 3352 ejusque
1421 3274 1490 3354 conj
1494 3295 1527 3334 u-

333 3385 382 3448 ge,
396 3385 433 3426 ac
444 3366 537 3427 unica
548 3365 622 3442 filia,
640 3387 708 3449 quse
724 3376 797 3428 tunc
813 3365 888 3428 forte
907 3366 938 3426 in
955 3374 1043 3428 terrae
1061 3367 1255 3430 concussione
1272 3369 1378 3450 aegrire
1394 3379 1525 3450 ceperat,

333 3462 392 3524 tria
407 3481 526 3544 quoque
546 3462 702 3525 bominum
718 3461 814 3524 millia
830 3471 956 3523 mortem
971 3461 1051 3524 inter
1064 3464 1165 3526 ruinas
1178 3473 1316 3547 oppetere
1330 3473 1433 3526 coacta
1444 3475 1524 3526 sunt.

334 3559 494 3642 Principes
511 3557 599 3620 finita
615 3560 701 3621 clade
722 3559 800 3620 eruti
819 3558 1042 3640 honorificeque
1055 3561 1164 3643 sepulti
1177 3570 1257 3624 sunt.
1298 3561 1438 3624 'lbecenti
1448 3581 1523 3642 quo-

331 3678 392 3738 qne
409 3656 462 3719 alii
480 3656 573 3719 vitam
591 3656 714 3739 quidem
731 3656 784 3719 sed
806 3675 868 3718 non
888 3657 951 3718 sine
971 3657 1112 3738 gravibus
1131 3657 1305 3722 vulneribus
1325 3659 1522 3722 retinuerunt.
