3225 4700
322 331 382 396 104
724 326 1132 397 ITINERARIUM.

320 484 373 547 sed
386 492 416 546 et
431 502 468 544 ex
481 481 578 543 insula
594 479 712 542 lisdnm
725 481 849 544 adfuere
866 482 975 559 hostes,
994 483 1047 564 qui
1063 490 1182 544 nostros
1193 479 1226 540 in
1241 478 1346 563 fugam
1364 478 1549 561 conjacere

320 589 408 662 capto
425 579 518 641 Petro
532 578 619 640 Oroll
632 577 790 658 Capitanci
807 578 1038 654 locumtenente,
1053 598 1124 639 cum
1140 576 1207 637 aliis
1222 576 1359 658 pauculis
1379 576 1538 637 Ibernis:

319 674 466 758 vigesimi
480 674 586 755 quarti
599 674 746 755 ejusdem,
760 675 925 737 Wismario
940 675 1030 737 Sueci
1047 675 1211 735 emiserunt
1223 674 1360 755 equitum
1378 683 1538 745 turmam,

320 773 373 853 qui
389 771 531 854 pauculos
546 771 671 852 Equites
685 780 715 831 ct
727 770 853 832 fanmlos
866 773 884 832 ὲ
896 772 1016 855 legione
1029 769 1178 833 colonelli
1193 769 1302 831 Sichoii
1317 770 1349 831 in
1363 770 1538 849 captivita-

320 879 381 931 tem
403 867 601 929 abduxerunt.
648 867 778 939 Quantae
797 868 869 928 verb
890 866 973 929 circa
993 866 1059 928 haec
1080 865 1147 927 loca
1167 866 1273 928 militis
1293 866 1386 927 nostri
1407 865 1537 927 fuerint

319 964 458 1041 miseriae,
477 964 540 1025 dici
555 972 607 1025 aut
621 963 752 1023 describi
768 983 830 1024 non
847 972 954 1045 potest,
971 963 1154 1045 cogebantur
1171 964 1252 1023 enim
1269 964 1394 1045 integrae
1412 971 1534 1023 turmae

320 1063 375 1123 sub
392 1071 494 1143 aperto
512 1061 535 1122 J
537 1081 603 1134 ove,
620 1059 697 1122 coelo
713 1058 910 1141 frigidissimo
927 1060 1038 1121 multas
1055 1068 1156 1121 noctes
1175 1058 1306 1140 exigere,
1327 1059 1380 1119 vix
1396 1059 1533 1120 aliunde

319 1178 409 1239 quam
430 1158 550 1220 nivibus
569 1166 599 1218 et
613 1156 728 1238 pruinis
747 1156 917 1235 asperrimis
933 1156 1024 1217 tecti:
1056 1158 1157 1236 Atque
1174 1154 1240 1216 haec
1254 1156 1354 1216 omnia
1367 1156 1532 1217 tenacitati

320 1255 408 1315 unius
428 1262 481 1315 aut
498 1253 620 1315 alterius
637 1250 794 1313 Generalis
811 1251 1046 1333 imputabantur,
1061 1252 1114 1331 qui
1132 1250 1209 1339 licet
1221 1252 1278 1332 ipsi
1296 1251 1406 1312 milites
1423 1262 1532 1313 essent

319 1338 433 1433 egregii
447 1349 565 1410 nullum
578 1357 742 1409 metuentes
755 1347 882 1423 hostem,
897 1350 1034 1430 pecuniis
1046 1358 1146 1409 tamen
1160 1347 1288 1408 nimium
1305 1358 1452 1428 quantum
1468 1349 1528 1409 ad-

318 1447 482 1521 haerebant,
493 1446 621 1525 ideoque
631 1454 665 1505 ut
676 1464 743 1505 suas
754 1465 825 1525 opes
835 1455 980 1527 augerent
990 1444 1118 1506 militem
1129 1444 1278 1523 reliquum
1289 1445 1527 1524 pessundabant.

317 1542 436 1604 Audivi
449 1561 509 1601 non
523 1540 674 1602 neminem
686 1540 818 1616 illorum,
832 1542 996 1622 aliquando
1009 1562 1040 1601 se
1053 1562 1123 1601 cum
1136 1540 1159 1601 J
1161 1562 1258 1601 caune
1272 1541 1310 1602 de
1323 1542 1431 1603 Werth
1445 1562 1526 1603 con-

318 1640 473 1712 ferentem,
485 1638 537 1698 sed
551 1637 614 1698 visa
627 1644 672 1697 est
684 1637 758 1697 mihi
771 1637 837 1699 haec
849 1638 969 1699 collatio
979 1636 1062 1698 velut
1072 1637 1184 1719 Reguli
1197 1657 1267 1697 oum
1278 1638 1402 1717 Aquili.
1432 1639 1526 1699 Wer-

320 1736 400 1797 thius
414 1734 495 1795 enim
507 1734 689 1814 omniaque
705 1735 936 1816 aggrediebatur
949 1735 1012 1795 suis
1028 1733 1167 1815 auspiciis
1179 1743 1210 1794 et
1224 1735 1358 1795 consiliis
1373 1736 1521 1812 iaciebat,

321 1831 385 1892 Hic
399 1839 499 1891 autem
517 1830 644 1890 aliorum
656 1832 745 1910 jussu
758 1839 788 1891 et
803 1831 1003 1905 ordinatione,
1017 1840 1048 1890 et
1063 1830 1145 1910 quod
1160 1839 1249 1912 caput
1259 1840 1303 1891 est
1316 1832 1471 1893 Werthius
1490 1854 1523 1893 se

319 1928 417 2009 potius
431 1948 522 2008 quam
536 1946 657 1987 suorum
670 1926 802 1987 militum
817 1926 950 2007 aliquem
963 1936 1074 1988 temere
1092 1926 1279 2007 perdidisset,
1292 1926 1343 1988 hic
1356 1938 1457 1990 autem
1475 1930 1522 1989 in·

320 2035 419 2107 tegras
431 2023 562 2106 legiones
580 2022 676 2103 perire
693 2022 747 2083 sui
765 2022 890 2083 avaritid
907 2023 1032 2084 sinebat.
1075 2022 1137 2085 Sed
1152 2023 1218 2083 haeo
1233 2044 1303 2084 cum
1321 2024 1441 2085 alterins
1458 2027 1522 2087 sint

319 2121 388 2192 fori,
403 2122 442 2182 ad
455 2120 515 2180 alia
528 2119 765 2201 progrediamur.

362 2218 433 2278 Hoc
456 2237 535 2278 anno
558 2216 691 2298 quinque
718 2217 925 2299 Hispanorum
945 2217 1050 2294 millia,
1074 2218 1287 2280 Dtnlrirckam
1306 2226 1434 2298 quatuor
1453 2218 1520 2280 auri

320 2335 392 2377 vasa
412 2314 605 2375 devexerunt.
651 2312 691 2373 In
711 2313 900 2397 Portugalliit
918 2334 1038 2396 quoque
1056 2314 1165 2396 aliquis
1182 2324 1287 2377 contra
1303 2313 1520 2395 Hispaniarum

320 2414 437 2494 Regem
458 2421 555 2472 motus
575 2419 621 2471 est
634 2411 789 2483 excitatus,
810 2412 864 2493 qui
879 2421 978 2474 tamen
1000 2432 1091 2493 quam
1110 2433 1179 2472 mox
1198 2413 1317 2473 sedatus
1337 2421 1391 2472 cst.
1433 2412 1521 2475 Obiit

320 2529 439 2590 quoque
454 2507 590 2568 Mantuae
606 2508 680 2567 Dux
691 2508 748 2568 hoc
766 2509 871 2570 codem
885 2528 975 2570 anno.
1018 2509 1081 2570 Sub
1098 2508 1190 2569 finem
1203 2509 1227 2570 J
1229 2510 1346 2569 aunarii
1358 2509 1519 2571 Viae-Ma·

320 2604 482 2667 raschallus
493 2604 601 2665 Comes
615 2604 652 2664 dc
664 2604 802 2687 Ridberg
816 2606 889 2665 dum
903 2626 956 2687 per
969 2625 1060 2686 aquas
1070 2605 1166 2689 glacie
1181 2607 1334 2680 obductas,
1346 2606 1378 2665 in
1391 2607 1517 2667 insulam

323 2703 390 2783 Rye
409 2701 567 2763 transitum
583 2700 713 2774 molitur,
729 2702 943 2783 praemittitque
959 2725 996 2765 ex
1014 2704 1149 2784 equitatu
1163 2703 1400 2785 quinquagenos,
1414 2704 1466 2786 qni
1478 2726 1517 2764 an

320 2799 477 2860 commode
497 2797 618 2858 transiri
637 2807 727 2877 queat
743 2806 877 2859 tentante
905 2799 938 2859 hi
955 2821 1058 2861 omnes
1075 2819 1146 2860 cum
1162 2798 1282 2881 longius
1298 2801 1515 2880 processissent,

320 2896 417 2980 glacie
431 2893 518 2977 rupti
532 2895 693 2974 perierunt,
706 2895 747 2955 ita
761 2905 795 2956 ut
808 2897 906 2957 redire
921 2897 1030 2958 (lomes
1044 2906 1162 2957 coactus
1176 2895 1275 2957 fuerit.
1310 2896 1396 2968 Quid
1409 2899 1517 2958 mirum

319 2995 402 3066 verb,
416 2992 441 3053 si
455 2990 633 3070 quandoque
649 2991 739 3051 Dans
752 2991 810 3052 sibi
823 2992 1049 3054 adversantibus
1065 2992 1261 3053 adversetur?
1302 2993 1446 3073 Quisquis
1462 2997 1516 3055 mi·

319 3089 407 3150 litum
421 3086 544 3149 Baccho
557 3095 586 3147 et
598 3087 711 3149 Veneri
728 3087 862 3163 deditur,
875 3109 953 3168 saepe
967 3089 986 3150 d
1002 3088 1072 3148 Duo
1087 3089 1252 3149 necessarii
1264 3110 1320 3171 ope
1335 3091 1513 3153 destituitur.

321 3185 506 3245 Pudendum
524 3192 568 3244 est
579 3182 670 3262 hodie
689 3194 788 3246 casua
804 3185 877 3247 illuc
893 3185 1063 3260 defluxisse,
1078 3191 1114 3246 nt
1130 3185 1237 3246 merito
1250 3185 1378 3258 dubites,
1391 3207 1430 3248 an
1441 3187 1515 3250 inter

319 3279 430 3341 milites
441 3279 530 3341 Deus
543 3278 668 3356 colatur,
680 3281 727 3341 vel
742 3282 767 3342 si
782 3282 891 3343 colitur
903 3281 929 3341 is
942 3280 991 3341 rel
1002 3281 1142 3342 Bacchus
1154 3291 1200 3341 est
1211 3281 1260 3343 vel
1271 3281 1385 3342 Venus.
1418 3283 1513 3355 Quam

320 3376 444 3456 quidem
463 3375 645 3455 impietatem
665 3377 777 3458 optime
798 3398 894 3458 nuper
914 3377 1087 3459 perstrinxit
1105 3376 1301 3458 pudicissima
1315 3379 1369 3440 illa
1380 3381 1468 3461 juxta
1484 3392 1513 3442 et

320 3471 505 3533 nobilissima
519 3471 662 3548 Domina,
677 3475 846 3534 Antonetta
863 3474 906 3534 Ia
922 3474 993 3555 Roy
1007 3474 1039 3535 in
1052 3473 1210 3536 convivio:
1232 3476 1283 3534 cui
1298 3495 1368 3536 cum
1383 3477 1402 3538 d
1417 3477 1512 3558 magni

319 3568 450 3630 nominis
463 3566 535 3627 belli
551 3567 638 3630 Duce
651 3569 763 3630 vitrum
778 3579 947 3650 porrectum
960 3581 1047 3647 esset,
1058 3571 1089 3632 in
1103 3590 1165 3653 quo
1177 3591 1265 3632 sunm
1278 3571 1329 3632 ille
1342 3593 1404 3635 esse
1417 3574 1511 3634 Danu

319 3663 502 3741 venditabat,
514 3664 580 3746 ipsa
592 3665 716 3727 dimisso
725 3665 756 3726 iu
770 3673 882 3728 terram
895 3668 913 3728 ὲ
924 3667 1062 3730 manibus
1075 3668 1153 3730 vitro
1165 3667 1217 3744 ait,
1231 3687 1302 3730 ecce
1316 3669 1419 3732 Duos
1432 3679 1513 3733 tuum
