3225 4700
493 317 898 384 ITINERARIUM.
1215 326 1279 392 367

67 470 167 550 quod
187 470 361 534 subodorati
379 472 593 554 Friburgenses
614 472 749 532 Ductore
769 471 919 533 Colonelli
939 472 1089 536 Praesecto
1109 475 1221 552 Pollio,
1241 479 1280 539 ad

69 566 238 649 octoginta
249 568 370 631 circiter
383 590 446 631 sese
467 569 565 651 pridie
577 570 633 630 sub
646 589 801 650 vesperam
817 568 848 628 in
864 569 964 630 ricino
977 571 1039 631 arci
1060 571 1167 634 horreo
1180 575 1281 636 oocnl-

68 673 194 739 terunt,
210 665 310 745 quoad
323 686 412 727 mane
427 666 548 746 quidum
567 686 605 725 ex
620 665 834 735 Praesidiariis,
848 667 941 726 sacris
958 668 1142 744 interfuturi,
1157 672 1280 754 egrede-

72 771 198 835 rentur,
219 762 250 821 in
270 783 395 842 quornm
412 761 513 823 locum
527 761 559 823 bi
573 762 672 822 subito
689 772 719 822 et
735 761 818 823 velot
835 763 905 823 dato
921 764 1009 846 signo
1022 784 1059 824 ex
1074 764 1195 828 latebris
1212 789 1279 849 pro-

69 857 474 940 deuntcs,irrnpernnt,nec
486 859 546 920 ullo
560 879 681 920 suorum
697 858 866 921 desiderato
875 879 943 921 arce
957 861 1044 941 potiti
1058 871 1138 924 sunt.
1161 863 1280 926 Praeter

71 955 227 1016 frumenti
236 956 353 1037 copiam
362 956 536 1030 maximam,
547 976 630 1016 arma
640 975 760 1036 quoque
768 956 964 1018 obtinuerunt
972 957 1113 1039 plurima,
1122 971 1278 1024 etomnem

70 1064 258 1132 apparatum
271 1052 425 1127 bellicum,
437 1073 491 1133 pro
505 1052 615 1113 tuenda
628 1072 696 1112 arce
710 1054 920 1127 necessarium,
936 1053 966 1114 in
981 1054 1082 1135 plures
1095 1076 1203 1118 annos:
1225 1081 1278 1120 sex

73 1148 153 1208 item
168 1159 316 1210 tormento
328 1169 420 1211 aenea.
463 1149 542 1220 Quae
559 1148 660 1210 omnia
675 1157 794 1231 postero
807 1149 856 1210 die
873 1149 1008 1211 curribus
1026 1152 1174 1232 imposito,
1192 1153 1277 1216 Prae·

74 1244 179 1305 sectus
197 1246 336 1329 Legionis
354 1246 455 1307 Pollio
471 1246 655 1329 Fribnrgum
673 1246 784 1310 abduci
803 1246 933 1320 curavit,
952 1247 1013 1308 nni
1031 1267 1101 1309 cum
1122 1269 1230 1330 pecore
1248 1263 1278 1314 et

73 1341 167 1421 equis
180 1342 294 1404 ibidem
309 1343 444 1423 repertis.
486 1344 600 1404 Arcem
614 1345 686 1404 verb
704 1344 776 1426 igne
788 1344 900 1425 injecto
914 1343 1071 1405 succendit
1084 1365 1119 1406 ac
1135 1345 1277 1420 deseruit,

74 1439 115 1500 eb
130 1441 214 1520 quod
230 1440 381 1524 Friburgo
393 1441 508 1501 abesset
521 1439 641 1523 longius
654 1451 685 1502 et
698 1440 769 1502 iude
780 1441 938 1502 commode
951 1440 1074 1502 defendi
1087 1461 1147 1503 non
1162 1453 1268 1523 posset.

120 2263 221 2332 Varia
235 2267 407 2353 Portenta,
420 2270 620 2360 Insertunio,
633 2280 664 2334 et
681 2269 781 2336 Corus
795 2269 965 2359 Lugubres,
979 2269 1020 2336 ob
1033 2271 1129 2336 Anno
1146 2271 1239 2336 1642.

528 2374 572 2438 nd
586 2374 713 2439 Antrum
732 2375 825 2439 1643.

109 2659 112 2663 ,
139 2629 152 2650 r
229 2605 249 2640 ’λ
261 2592 308 2666 j
330 2590 393 2653 UB
409 2590 566 2652 exordium
579 2588 652 2651 anni
666 2588 901 2661 M.Dc,XL11.
917 2590 1040 2651 inferior
1055 2590 1185 2653 Saxonia
1198 2591 1273 2652 omi·

186 2663 237 2774 ςξ
254 2658 321 2756 J*
349 2690 429 2751 nosis
455 2689 602 2771 prodigiis
623 2687 705 2749 varie
732 2708 876 2749 concussa
899 2697 962 2763 est3
997 2708 1067 2749 nam
1094 2687 1171 2749 coelo
1197 2708 1273 2749 rere·

85 2774 94 2787 ’
133 2848 158 2856 η
199 2775 205 2783 ’
252 2715 316 2870 Q
352 2788 485 2861 nissimo,
501 2786 649 2868 plenoque
667 2784 727 2861 die,
747 2794 888 2867 vergente
904 2793 973 2865 post
989 2784 1144 2845 meridiem
1162 2784 1223 2845 sole
1240 2784 1271 2845 iu

117 2953 124 2970 Ι
148 2946 164 2969 N
185 2934 203 2967 γ,
220 2925 238 2965 1,
265 2869 312 2960 *x
348 2885 518 2946 occubitum
527 2894 696 2965 portentosa
705 2902 811 2943 manus
825 2892 982 2943 cruentum
993 2880 1114 2941 vibrans
1125 2879 1273 2963 gladium,

83 2966 104 3018 '¹⁴5
122 2965 177 3042 ab,
235 2920 315 3052 ’.ὢῖ
348 2981 511 3042 multorum
526 2982 556 3042 in
570 3002 602 3041 se
618 2979 720 3041 oculos
733 2979 909 3058 animosque
928 2976 1092 3038 convertit:
1114 2977 1177 3057 ejus
1193 2976 1273 3038 acies

77 3098 178 3138 versus
198 3078 370 3139 Marcbiam
394 3078 563 3157 Antiquam
589 3076 832 3159 protendebatur.
875 3073 1019 3135 Exercnit
1043 3084 1192 3135 ostentum
1214 3073 1271 3135 hoc

76 3184 311 3237 astronomorum
325 3186 355 3237 et
375 3174 547 3235 divinornm
562 3174 692 3255 ingenia,
706 3172 760 3253 qui
778 3181 811 3232 ut
831 3170 1071 3253 probabilitatem
1091 3171 1272 3252 conjecturis

76 3270 136 3329 suis
149 3270 346 3346 adstruerent,
363 3270 457 3331 multa
470 3291 507 3330 ex
521 3271 646 3350 antiqua
658 3269 793 3343 historia,
807 3268 902 3329 mults
918 3288 955 3329 er
967 3266 1158 3347 antiquorum
1173 3266 1270 3349 pbilo-

77 3365 231 3447 sophorum
247 3367 340 3442 scitis,
350 3366 445 3427 multa
456 3366 586 3445 denique
600 3386 637 3426 ex
647 3366 760 3447 proprii
775 3365 969 3426 foecunditate
985 3385 998 3445 J
1004 3364 1096 3425 udicii
1107 3364 1270 3425 commenti

77 3475 152 3525 sunt.
193 3463 372 3525 Communis
382 3462 596 3545 sapientiorum
607 3482 710 3524 sensus
723 3461 773 3523 bic
783 3462 851 3535 fuit,
864 3462 932 3522 Deo
944 3458 1124 3523 mirabilium
1136 3461 1268 3521 omnium

77 3558 206 3620 effectori
218 3560 424 3641 reliquendum
437 3580 499 3620 esse
514 3578 615 3619 rerum
630 3559 754 3620 istarum
764 3571 795 3620 et
805 3544 974 3619 futurorum
993 3568 1154 3620 eventuum
1168 3558 1270 3638 dispo·

77 3657 211 3718 sitiouem
224 3658 287 3718 sine
300 3658 388 3740 cujus
403 3666 477 3719 nutu
493 3676 548 3717 nec
563 3653 690 3736 capillus
703 3656 741 3717 de
755 3656 854 3736 capite
869 3656 984 3716 defluit.
