3225 4700
465 365 873 436 ITINERARIUM.
1230 366 1293 431 267

132 513 201 577 Etsi
223 515 348 596 quidem
367 516 434 580 buo
452 519 605 582 medicina
623 520 843 602 aliquantulum
865 519 1023 601 antiquum
1044 517 1152 582 vuinus
1171 512 1291 590 leniret.

81 613 229 676 nondum
240 623 339 676 tamen
353 615 482 676 exomni
492 624 575 698 parte
585 618 720 690 curabat,
731 638 830 700 neque
839 637 913 680 vero
924 615 1091 679 conlucere
1099 622 1169 676 anta
1176 619 1292 694 poterat

82 727 183 787 quum
204 709 243 770 de
264 709 368 792 Biuga
387 710 474 791 plene
494 711 723 794 triumpharent.
765 713 866 776 Datur
886 712 1041 795 negotium
1059 707 1290 793 oppugnationis

85 803 223 867 Gelenio
235 806 302 868 viro
317 807 466 887 imprimis
481 807 623 870 bellicoso
637 819 668 870 et
681 809 833 891 prudenti,
847 809 897 872 bic
910 830 982 872 cum
994 807 1156 890 accepisset
1169 801 1289 868 nonnisi

84 911 214 962 centum
227 901 450 986 quinquaginta
463 903 495 964 in
509 905 650 985 presidio
662 905 839 982 substitisse,
850 925 921 968 curn
934 905 1044 969 selecta
1056 923 1149 967 mauu
1162 901 1291 964 instrue·

85 1007 158 1058 tum
176 997 319 1060 bellicum
327 998 395 1081 jam
414 999 531 1081 pridem
550 1012 750 1083 praeparatum
762 1002 894 1084 applicat
906 1001 1025 1066 decimo
1036 999 1144 1083 quinto
1156 994 1292 1079 Augusti

85 1095 149 1154 sub
162 1093 266 1156 boram
280 1104 418 1177 quartam
431 1097 607 1160 matutinam
618 1119 627 1174 ς
649 1109 739 1179 atque
752 1108 786 1160 nt
799 1097 931 1160 militum
939 1095 1085 1161 torumdo
1096 1101 1291 1158 exacueretut·

86 1190 221 1272 ablegati
233 1201 320 1253 eraut
332 1192 371 1253 dc
386 1191 558 1256 Perillustri
570 1194 702 1276 capitulo
716 1193 893 1257 Oatbedraii
908 1191 1137 1277 Moguntiuenei
1155 1191 1217 1253 dno
1229 1187 1290 1252 viri

85 1287 213 1369 gratiosi
235 1289 386 1350 Dominus
406 1289 522 1352 scilicet
538 1309 664 1352 summe
684 1291 759 1354 edis
778 1291 921 1354 Decanua
938 1299 971 1354 et
991 1288 1144 1354 Dominus
1162 1284 1287 1367 quidam

87 1382 276 1464 capitularis
288 1384 327 1446 de
342 1384 598 1467 Dalbergerorum
616 1387 740 1468 antiqua
756 1386 895 1469 prosapia
913 1384 1069 1460 oriundus,
1085 1380 1214 1445 Domini
1232 1380 1289 1444 iru-

87 1479 196 1561 primis
216 1480 392 1562 prudentes.
436 1481 499 1542 Hic
524 1483 595 1544 dum
621 1483 722 1566 agitur
743 1483 851 1546 litteris
874 1483 1021 1546 Roseus
1045 1478 1288 1563 intercipiuntur,

86 1575 199 1655 quibus
218 1576 451 1638 Commendauti
473 1577 621 1660 Biugeusi
645 1579 677 1642 iu
699 1579 850 1642 mandatis
872 1579 976 1654 dabat,
1000 1587 1089 1640 ntae
1113 1575 1289 1640 defenderet

86 1671 208 1746 acriter,
223 1671 266 1734 ita
278 1680 378 1734 tamen
392 1683 428 1735 ut
439 1685 573 1736 extrema
585 1674 761 1756 neutiquam
774 1673 956 1756 experiatur,
966 1695 1023 1736 nec
1036 1673 1118 1735 euim
1130 1668 1288 1752 essequod

87 1768 259 1830 subsidium
273 1769 291 1830 i
304 1789 336 1830 se
352 1770 473 1851 suisque
488 1770 546 1832 boc
559 1779 692 1854 tempore
705 1781 821 1854 speret:
842 1767 995 1834 concussis
1013 1767 1106 1850 igitur
1118 1767 1238 1830 mmniis
1253 1765 1286 1828 iu

44 1926 50 1934 ,
90 1865 196 1926 urbem
216 1866 381 1929 incurritur
400 1877 488 1948 atque
508 1877 623 1930 armata
643 1889 735 1932 manu
753 1868 884 1950 capitur,
904 1865 945 1930 ad
962 1884 1063 1928 arcem
1084 1870 1120 1924 ut
1142 1872 1290 1927 tormenta

92 1961 204 2024 deduci
217 1971 371 2044 ceperunt,
384 1963 464 2026 ultro
477 1985 509 2026 se
522 1964 575 2026 illa
588 1963 707 2027 dedidit
719 1965 762 2027 ita
774 1974 810 2029 ut
821 1962 935 2028 bestilia
948 1959 1035 2023 miles
1044 1955 1291 2040 omuiegcaeaeres

89 2057 243 2140 stipendia
256 2069 430 2135 mereretur,
445 2060 582 2124 officiarii
595 2081 667 2123 vero
681 2060 864 2142 Haganoam
876 2057 1126 2122 conducerentur.

132 2153 292 2236 cogitabat
309 2174 428 2236 qnoque
447 2155 603 2232 Gelenius,
618 2156 763 2220 coniectis
778 2157 890 2242 Biugae
907 2175 945 2216 ex
959 2162 1030 2215 voto
1046 2149 1186 2235 negotiis,
1204 2169 1289 2214 arum

89 2249 228 2313 victricia
240 2252 280 2312 ad
294 2250 492 2334 Fridbergam
511 2252 706 2316 Wettcravise
719 2273 906 2335 promovere,
920 2250 1003 2332 quod
1016 2249 1091 2312 dum
1109 2247 1242 2322 molitur,
1255 2246 1288 2308 in

90 2345 156 2429 ipso
168 2343 275 2409 itinere
283 2344 409 2428 jubetur
422 2345 591 2424 subsistere,
604 2368 641 2411 ac
654 2368 686 2411 as
701 2368 772 2411 cum
787 2347 934 2432 Gonmga
946 2357 977 2411 et
990 2344 1109 2431 AEgidii
1122 2344 1212 2407 Hauii
1226 2355 1289 2407 tur·

90 2443 147 2505 mis
158 2444 353 2526 conjungere,
366 2443 484 2524 alioque
498 2444 648 2526 proficisci
660 2447 745 2528 quod
757 2456 789 2509 et
805 2446 931 2509 factum.
959 2444 1030 2507 Hoc
1043 2453 1078 2503 ut
1089 2441 1290 2523 Fridbargeu·

89 2540 172 2603 sibus
188 2538 330 2611 innotuit,
346 2560 426 2602 noro
442 2540 614 2603 exultarunt
631 2542 755 2624 gaudio,
771 2541 923 2623 simulque
938 2541 1074 2603 animum
1092 2538 1132 2600 ad
1149 2537 1291 2619 pristinas

92 2637 209 2719 praedns
222 2638 420 2720 applicarunt,
434 2638 601 2720 itineraque
615 2638 658 2701 ita
669 2638 859 2715 infestarunt,
870 2648 906 2701 ut
918 2637 994 2701 uuili
1007 2646 1106 2701 urtam
1119 2656 1182 2700 este
1193 2645 1291 2719 postet

94 2732 143 2795 rel
156 2732 271 2796 leucam
286 2755 377 2797 uuam
391 2734 522 2816 prodire.

131 2832 184 2893 Ad
195 2831 326 2913 ipsorum
335 2832 495 2894 audaciam
505 2830 763 2912 comprimendam
776 2830 917 2906 mittitur,
926 2831 982 2913 qui
995 2850 1091 2912 nuper
1103 2830 1145 2893 ad
1155 2829 1289 2912 Bingam

92 2948 154 2990 rem
168 2928 295 2991 feliciter
312 2938 443 3012 gesserat
457 2927 608 3011 Magister
625 2928 761 3010 equiturn
776 2927 904 3001 Paulus,
915 2949 990 2991 cum
1003 2948 1061 2991 suo
1072 2948 1111 2989 ex
1124 2925 1293 2991 Menneu»

91 3044 149 3086 aua
161 3025 296 3109 Legione
309 3025 463 3107 manipulo
476 3044 548 3086 sane
561 3024 698 3099 visendo,
709 3024 766 3106 qui
781 3024 855 3087 dum
870 3024 902 3087 in
915 3023 1030 3087 bostem
1050 3023 1189 3095 intendit,
1202 3022 1291 3103 eique

92 3122 222 3203 opimam
242 3124 375 3203 praedam
399 3122 498 3203 eripit,
520 3129 693 3201 certamque
713 3120 884 3192 stationem,
905 3121 957 3182 ubi
978 3129 1044 3182 tuto
1068 3120 1176 3201 pedem
1197 3118 1291 3201 figere

91 3218 192 3298 possit,
203 3218 339 3301 inquirit,
353 3217 577 3281 Hoffbeimium
591 3216 751 3293 delabitur,
760 3226 794 3277 ut
805 3215 892 3279 illum
906 3217 1006 3279 locum
1020 3214 1082 3277 suis
1094 3215 1227 3279 consiliis
1239 3235 1291 3276 ac·

13 3336 14 3341 ¹
92 3316 270 3379 commodat
313 3316 377 3377 Hic
404 3315 498 3377 altero
524 3333 596 3375 mox
621 3314 672 3376 die
696 3314 714 3375 i
742 3312 886 3375 Generali
913 3313 996 3375 Rosa
1020 3332 1091 3375 cum
1118 3312 1291 3395 quingentis

92 3411 242 3493 equitibus
260 3422 292 3475 et
313 3412 494 3495 octingentis
513 3410 675 3493 peditibus,
700 3430 778 3492 quoa
800 3430 905 3472 aecum
927 3409 1068 3486 ducebat,
1093 3409 1191 3471 omnia
1214 3428 1292 3492 pene

92 3508 183 3571 bostis
203 3530 328 3573 securus
347 3510 400 3573 sed
422 3519 454 3571 et
473 3509 598 3591 ignarus
618 3506 765 3580 obruitur,
786 3507 851 3588 ipse
873 3526 945 3569 vero
967 3526 1038 3569 cum
1059 3505 1206 3587 effugium
1228 3514 1292 3569 tum

90 3606 188 3668 subito
202 3626 264 3667 non
281 3606 405 3669 baberet
422 3606 455 3667 in
478 3624 659 3667 arcemoum
671 3604 734 3667 suis
752 3602 837 3667 omni
856 3602 1010 3665 dimonia
1029 3622 1139 3686 genere
1157 3611 1219 3664 tam
1237 3620 1292 3683 pro

91 3702 176 3783 equis
188 3721 279 3784 quam
299 3702 542 3787 pronominibus
561 3699 739 3765 destitutum
758 3720 790 3762 se
809 3700 925 3782 recipit,
945 3700 999 3763 ubi
1017 3710 1080 3765 tan
1096 3706 1178 3767 arcte
1195 3706 1292 3760 toturn
