3225 4700
306 333 372 398 420
701 335 725 400 I
731 336 946 406 YINERA
957 339 1020 406 ΕΙ
1028 341 1115 410 UM.

306 495 373 546 ente
387 485 464 546 coelo
475 494 507 548 et
520 485 638 550 fortuna
650 491 715 551 ausi
730 501 811 554 sunt.
855 492 902 555 Hi
916 513 985 556 cum
998 494 1146 558 vidissent
1156 495 1196 556 ad
1206 493 1336 556 insulam
1351 492 1506 575 quandam

307 581 471 643 Tarentum
487 585 654 666 praecipuos
667 608 736 649 cum
750 590 833 651 omni
843 609 934 671 quern
944 593 1030 654 navis
1040 591 1165 654 vehebat
1174 591 1271 654 milite
1281 592 1507 652 exscensioucm

306 677 419 750 fecisse,
432 680 543 742 virium
556 685 785 747 recreandarum
797 686 905 768 gratid,
920 697 950 748 et
963 708 995 749 se
1008 687 1086 751 solos
1099 690 1130 750 in
1144 688 1241 750 racab
1251 709 1328 750 naue
1338 687 1509 750 destituisse

306 775 389 846 brevi
403 775 480 837 inito
493 777 619 839 consilio
638 794 759 861 repente
773 783 861 844 funes
877 785 914 846 ab
932 784 1071 848 anchoris
1087 786 1304 868 praeoideruut,
1316 805 1353 846 ac
1365 783 1507 844 Melitam

306 871 464 952 explicatis
472 875 546 935 velis
553 875 688 956 prouecti
699 888 780 954 suut,
793 880 906 943 relictis
915 881 997 943 omni
1007 903 1063 962 ope
1073 881 1224 944 destitutis
1234 883 1265 942 in
1277 879 1377 942 iusuld
1386 880 1507 942 Tuccia.

305 968 443 1032 Vehobat
455 972 540 1032 navis
558 983 669 1053 praeter
683 977 866 1058 vigintiduo
885 987 1033 1040 tormenta
1050 979 1160 1041 bullica
1172 979 1371 1040 nobilissimas
1389 997 1507 1040 merces

305 1075 336 1127 et
348 1077 548 1129 commeatum
562 1081 798 1154 apparatumque
810 1075 951 1136 bellicum
967 1075 997 1136 in
1013 1077 1114 1157 plures
1126 1096 1250 1137 menam,

341 1163 517 1245 Prodigiosa
524 1175 671 1248 suntquoe
679 1181 862 1250 sequuntur:
879 1172 1005 1234 Octobri
1013 1193 1114 1234 mense
1122 1171 1313 1234 Vratislavim
1322 1182 1353 1232 et
1362 1171 1508 1252 Quaen·

292 1261 386 1328 tibus
400 1259 474 1322 locis
491 1263 547 1323 sub
563 1283 672 1324 nonam
695 1268 894 1348 vespertinam
908 1268 990 1330 visas
1011 1278 1056 1330 est
1074 1276 1251 1350 portentosae
1272 1265 1509 1348 magnitudinis,

304 1357 412 1439 globus
428 1361 545 1441 igneus,
565 1363 665 1422 aerem
682 1383 851 1443 pererrans,
864 1375 896 1427 et
913 1364 1042 1426 mirilico
1059 1364 1246 1438 collustrans,
1266 1363 1318 1444 qui
1336 1363 1459 1426 tandem
1475 1383 1509 1426 sc

305 1457 444 1517 deorsum
459 1477 580 1517 movere
594 1458 697 1538 coepit,
708 1469 739 1521 et
752 1481 864 1541 magno
878 1481 949 1522 cum
960 1461 1078 1544 fragore
1089 1461 1248 1542 dissipatus
1259 1473 1316 1522 est.
1350 1461 1405 1522 Ad
1418 1481 1508 1543 spec·

303 1551 396 1613 tscnli
409 1553 571 1614 novitatem
587 1553 734 1617 confluxit
748 1557 878 1638 plurima
892 1557 1048 1619 homiuum
1062 1558 1161 1620 omnis
1174 1560 1263 1620 sexus
1275 1568 1305 1619 ct
1314 1558 1412 1620 eutis
1425 1557 1507 1620 mul·

300 1649 410 1710 titudo.

344 1746 461 1808 Eodem
478 1767 579 1809 meuse
596 1749 653 1809 sub
671 1751 768 1810 noetis
787 1750 977 1813 undecimam
997 1753 1027 1813 in
1045 1751 1187 1814 Morarib
1204 1751 1304 1813 visum
1324 1759 1371 1814 est
1386 1771 1505 1814 uorum

302 1843 397 1918 sidus,
411 1844 532 1925 longam
550 1863 651 1906 secum
666 1844 787 1907 trahens
801 1847 929 1909 caudam
946 1849 977 1910 in
998 1848 1229 1911 similitudinem
1247 1847 1420 1930 Hungarici
1440 1849 1506 1910 aci·

303 1941 397 2002 nucis.
440 1941 531 2013 Quod
547 1953 647 2004 tamen
657 1942 851 2005 ultrahoram
861 1947 1013 2019 nonarsit,
1023 1945 1386 2007 videbaturautcmsuam
1397 1945 1504 2008 sedern

303 2037 404 2099 fixisse
418 2059 507 2120 supra
520 2039 669 2111 Bruuam,
684 2049 714 2100 et
726 2039 841 2100 lumine
855 2061 908 2102 suo
921 2041 1016 2122 ipsam
1033 2041 1136 2103 lunam
1148 2061 1319 2123 superasse.
1361 2041 1504 2124 Stutgar-

301 2135 353 2196 dia
367 2133 533 2218 sanguinea
547 2135 650 2216 pluvid
663 2136 835 2198 immaduit.
865 2138 954 2198 Intra
964 2138 1162 2200 Oanstadium
1176 2148 1207 2198 et
1220 2137 1428 2220 Stutgardiaru
1441 2139 1503 2201 sisi

300 2243 371 2293 suut
384 2233 445 2294 duo
459 2233 607 2293 exercitus
620 2233 776 2314 congredi,
790 2233 903 2295 auditae
918 2233 1104 2316 explosiones
1116 2243 1240 2308 mutuae,
1255 2235 1329 2296 visas
1341 2234 1501 2316 igneorum

300 2329 459 2412 globorum
472 2329 606 2404 flamma,
622 2341 653 2392 et
665 2331 888 2393 coruscationes
901 2331 1018 2393 accensi
1034 2330 1175 2414 pulveris.

342 2426 558 2508 Koningsteuii
587 2426 737 2499 Saxouiae,
758 2427 925 2491 electoralis
944 2448 998 2489 arx
1019 2440 1050 2490 at
1068 2427 1180 2489 milites
1198 2427 1229 2488 in
1250 2426 1287 2489 ab
1305 2428 1501 2501 excubantes,

299 2524 431 2585 maxime
445 2526 518 2584 verb
530 2524 662 2585 militum
677 2521 775 2584 crines
787 2534 818 2585 et
831 2544 914 2586 arma
927 2526 992 2586 visa
1005 2535 1076 2586 suut
1085 2524 1237 2586 luculenta
1250 2524 1354 2587 ardere
1364 2526 1501 2589 flamma.

302 2620 385 2691 Quia
398 2630 498 2681 tamen
512 2620 593 2701 ignis
605 2619 723 2681 nullum
738 2620 868 2681 calorem
882 2632 1001 2683 notatus
1010 2634 1059 2683 est
1071 2642 1202 2697 exerere,
1214 2642 1270 2683 nec
1282 2642 1395 2683 noxam
1405 2622 1501 2685 ullam

299 2718 420 2790 inferre,
433 2719 533 2779 fatuus
546 2717 656 2799 passim
670 2719 708 2778 ab
722 2718 862 2779 omnibus
874 2728 919 2779 est
932 2718 1061 2781 babitus.

342 2814 417 2875 Hae
431 2835 550 2896 quoque
567 2826 682 2897 spectat
695 2816 779 2897 quod
797 2814 1007 2899 Norimbergoe
1022 2817 1209 2898 aliquantum
1219 2826 1302 2899 post,
1317 2815 1375 2878 boc
1388 2826 1435 2878 est
1447 2836 1501 2879 un·

301 2912 420 2974 decimo
434 2912 617 2973 Novembris
627 2912 658 2972 in
671 2911 838 2973 sclavisum
853 2922 897 2975 cst
910 2912 1092 2995 prodigium,
1103 2912 1149 2974 sol
1158 2913 1500 2996 vergebatadoccaaum

298 3030 369 3070 cum
392 3018 472 3070 totus
492 3021 622 3088 quantus
646 3008 793 3090 sauguine
818 3008 956 3069 erubuit:
986 3009 1140 3071 evibrabat
1162 3010 1285 3091 insuper
1310 3010 1342 3069 in
1366 3010 1500 3093 duplicis

298 3105 398 3168 erucis
418 3106 544 3167 formam
565 3106 701 3167 mirabile
721 3105 843 3184 signum
864 3104 1085 3167 lamentabilem
1107 3106 1200 3168 edens
1219 3106 1412 3187 adspectum:
1435 3116 1501 3171 tota

299 3226 390 3285 prope
401 3204 508 3265 civitas
520 3204 651 3266 accurrit
663 3214 693 3263 et
706 3222 775 3263 cum
785 3203 899 3284 gemitu
913 3204 1038 3264 monstri
1047 3204 1209 3265 novitatem
1220 3205 1374 3285 spectavit.
1410 3204 1434 3266 J
1436 3205 1499 3267 ulio

298 3321 400 3361 meuse
414 3302 433 3361 a
446 3300 552 3362 Suecis
568 3299 754 3360 Domitaium
771 3298 901 3361 obsideri
915 3310 1046 3382 coeptum
1061 3299 1286 3381 campiductore
1301 3300 1393 3362 Erico
1409 3301 1497 3364 Hau·

298 3400 394 3473 aonio,
413 3398 467 3480 qui
485 3398 619 3460 collectis
635 3418 673 3459 cx
685 3396 872 3459 ·Pomerania
886 3407 917 3459 et
934 3396 1175 3481 Mechlenburgc
1194 3399 1289 3481 copiis
1309 3400 1364 3461 sub
1381 3400 1494 3461 exitum

291 3496 450 3576 jamdicti
469 3495 581 3557 mensis
600 3494 700 3557 locum
720 3494 817 3555 cinxit
836 3504 866 3554 ct
883 3494 1003 3555 ineunte
1023 3498 1165 3579 Augusto
1183 3496 1412 3577 quatuordecim
1435 3507 1495 3559 tor·

295 3593 405 3670 ruentis
416 3594 578 3673 majoribus
587 3592 765 3653 labefactare
774 3591 877 3671 coepit,
890 3612 946 3653 nec
956 3591 1052 3656 multb
1063 3602 1129 3674 post
1138 3593 1341 3675 praesidiarios
1351 3595 1382 3655 iu
1393 3614 1494 3656 arcem

295 3688 459 3768 compulit:
481 3708 550 3768 qua
572 3690 636 3769 ipsa
654 3688 887 3769 post-perlectos
900 3700 930 3749 ct
943 3698 1059 3771 egestos
1077 3710 1202 3772 aggeres
1222 3699 1252 3751 et
1269 3690 1414 3773 disposita
1434 3703 1494 3753 tor·
