3225 4700
507 358 903 430 ITINERARIUM.
1237 364 1296 431 189

102 532 237 594 cumque
255 510 367 596 effugio
384 511 485 575 nullus
498 514 625 595 emplius
643 523 756 596 peteret
768 514 874 590 exitus,
888 533 983 591 arma,
996 512 1079 594 quod
1094 521 1224 577 sensatos
1240 515 1297 576 mi·

102 609 174 671 lites
194 610 292 685 decet,
313 618 485 691 posuerunt,
502 630 542 672 ne
555 630 615 692 qua
631 610 707 672 forte
724 610 818 673 vitam
831 620 862 672 et
872 609 1051 693 sangninem
1065 618 1177 673 100010
1189 612 1297 692 prode·

102 704 188 785 gisse
207 713 402 787 arguerentur
411 726 422 781 ς
446 705 547 786 itaque
564 707 712 768 voluntati
730 706 890 769 Gallorum
907 725 970 767 sese
987 705 1153 768 reluctante
1171 707 1296 787 quidem

101 801 209 863 animo
220 801 428 883 permiserunt,
439 800 531 863 solius
540 802 610 864 0110
621 794 857 864 1000100110ίὲιο
870 802 1061 883 sequentibus
1072 801 1296 865 conditionibus

102 898 302 977 paciscentes.

146 991 178 1052 I.
200 992 246 1054 Ut
256 992 465 1055 Proesidiarius
474 992 559 1055 miles
572 993 683 1074 ebsque
696 993 822 1056 sarcinis
832 994 963 1057 sturmis
972 992 1035 1055 solo
1047 993 1157 1056 bacillo
1166 995 1296 1058 candido

103 1086 355 1149 1000000ιο10
368 1087 534 1150 excederet.

146 1184 197 1244 II.
219 1184 265 1246 Ut
279 1182 477 1246 Gubernatori
491 1194 521 1246 et
533 1183 669 1247 officietis
685 1184 813 1247 liberum
825 1194 901 1247 esset
911 1184 1083 1248 lateralibus
1095 1206 1127 1247 se
1140 1186 1296 1269 accingere

103 1278 208 1353 ermis,
222 1278 276 1340 sed
283 1279 375 1360 juxte
387 1278 572 1341 Perillrrstris
586 1279 739 1362 Principis
753 1280 881 1343 Gondoei
893 1281 1045 1343 victoriosi
1059 1281 1157 1344 Ducis
1172 1282 1297 1344 arbitra·

103 1385 172 1437 tum
184 1374 217 1434 in
230 1374 365 1435 custodie
377 1384 408 1437 et
420 1374 550 1437 vinculis
564 1385 761 1438 remanerent.

147 1468 215 1529 111.
237 1470 284 1531 Ut
304 1470 462 1552 agrientes
483 1471 561 1533 sicut
582 1480 612 1533 et
628 1472 778 1547 mulieres,
798 1471 910 1553 aliique
930 1474 1090 1547 excessuri,
1111 1473 1218 1535 secure
1232 1473 1296 1535 sine
1426 1495 1428 1506 ·

103 1564 176 1627 dolo
191 1566 271 1627 malo
283 1564 302 1627 d
316 1565 413 1627 Gallis
432 1566 671 1649 Perpignianum
689 1588 759 1629 cum
779 1567 862 1630 seluo
882 1569 1034 1631 conductu
1053 1570 1295 1633 dimitterentur:

103 1660 337 1739 cererentrerb,
349 1682 387 1725 ne
398 1672 502 1725 contre
510 1672 598 1745 pecta
607 1664 682 1725 ullas
692 1664 825 1727 occultas
833 1665 965 1728 sarcines
973 1686 1166 1747 quascunque
1173 1667 1296 1729 demum

103 1782 209 1824 secum
225 1771 420 1843 asportarent.

146 1858 380 1927 conditionibus
396 1856 478 1919 hisce
491 1856 643 1939 utrimque
660 1858 907 1939 subscripserunt,
920 1877 957 1919 ex
969 1866 1054 1939 perte
1066 1856 1190 1936 quidem
1201 1857 1296 1919 01010-

103 1955 253 2016 riosorum
273 1952 431 2016 Gallorum
451 1953 525 2015 Dux
545 1952 699 2015 Henricus
720 1953 922 2028 Eusthenius,
943 1973 981 2014 ex
1000 1952 1206 2033 Hispanorum
1224 1971 1296 2013 vero

103 2050 189 2111 01010
200 2061 320 2112 aeterra
333 2050 405 2111 Dou
421 2046 556 2111 Michasl
573 2048 752 2111 laurentius
768 2049 872 2111 Bruvo
887 2048 969 2110 urbis
984 2047 1075 2129 paulo
1089 2056 1159 2109 ante
1177 2046 1296 2108 Guber-

105 2154 206 2206 nator.

149 2242 217 2304 Nec
229 2240 323 2303 multo
337 2250 404 2323 post
420 2242 650 2326 sanguinolenta
666 2261 768 2324 pugna
783 2241 817 2303 in
830 2242 906 2303 meri
919 2240 1130 2322 quoqneinter
1143 2239 1296 2323 Hispanos

104 2348 137 2400 et
150 2338 320 2401 Hollandos
333 2348 477 2402 certatum
490 2349 545 2416 est,
559 2338 654 2402 multo
666 2338 889 2401 Hollandomm
903 2337 1113 2414 emolumento,
1124 2340 1296 2421 perexiguo

106 2455 177 2496 vero
188 2434 394 2516 Hispanorum
407 2436 575 2497 commodo.
604 2434 764 2497 Certamen
776 2444 876 2496 autem
886 2436 968 2516 apud
979 2436 1119 2497 Durones
1126 2435 1297 2516 Anglorum

104 2531 234 2613 contigit
246 2531 333 2593 classi
351 2531 542 2594 Hollandioae
559 2539 685 2612 praeerat
698 2530 852 2592 Martinus
866 2531 1034 2612 Herpertus
1047 2532 1157 2612 Tromp
1170 2531 1218 2592 vir
1232 2551 1297 2593 me·

101 2627 179 2710 joris
191 2627 324 2688 eudociae
332 2645 424 2709 quam
435 2627 539 2703 animi,
551 2627 604 2707 qui
614 2646 650 2688 ex
660 2625 864 2708 improvisoin
873 2626 1076 2688 adversariam
1086 2626 1295 2707 Hispanorum

104 2723 230 2784 classem
243 2722 341 2800 irruit,
356 2744 391 2785 ac
405 2731 467 2785 tam
479 2729 634 2784 constante
647 2741 683 2783 ac
696 2722 848 2804 pertinace
861 2743 965 2805 pugna
976 2723 1151 2801 decertavit,
1164 2734 1198 2785 nt
1210 2724 1295 2805 prius

103 2819 205 2901 pulvis
222 2819 430 2881 tormentarius
442 2818 634 2900 plumbeique
646 2817 761 2900 globuli
773 2820 935 2881 onerandis
946 2819 1105 2902 catapultis
1115 2840 1206 2901 quam
1219 2841 1296 2903 000-

103 2914 200 2976 liaudi
220 2915 310 2977 ardor
330 2915 429 2996 ipsum
447 2913 621 2990 deficerent,
644 2925 825 2996 coactusque
845 2924 949 2996 postea
965 2916 1004 2977 sit
1022 2915 1127 2978 001010
1145 2915 1295 2978 defectum

104 3011 328 3073 armamentarii
341 3009 489 3091 supplere.
520 3009 633 3072 Classis
644 3009 794 3091 Hispana,
809 3031 878 3092 quas
890 3012 953 3073 fere
965 3008 1128 3094 majoribus
1142 3011 1295 3075 Galleoni·

103 3108 171 3183 bus,
192 3116 226 3169 ut
246 3115 365 3178 vocant,
387 3105 550 3180 constabat,
573 3106 698 3167 adverse
715 3115 874 3168 uentorum
888 3107 919 3166 01
933 3105 952 3167 1
966 3106 1187 3169 Dunkircheno
1206 3119 1296 3191 portu

102 3201 327 3284 prohibebatur,
348 3201 428 3262 unde
449 3199 490 3261 ed
513 3199 708 3280 Duynensem
730 3199 880 3262 divertere
902 3202 1002 3281 quoad
1020 3210 1179 3283 tempestas
1201 3204 1296 3267 deum.

104 3299 216 3372 viisset,
237 3297 397 3378 mitiorque
417 3315 491 3357 eura
511 3296 634 3357 carbasa
650 3295 837 3378 dignaretur,
855 3297 993 3372 debebat,
1011 3298 1065 3359 sed
1080 3319 1136 3360 nec
1149 3299 1217 3362 istic
1230 3309 1296 3364 tuta

7 3370 18 3403 ⁸
103 3395 142 3456 eb
156 3392 343 3455 infestatione
358 3391 580 3453 Hollandorum
594 3391 735 3464 substitit,
751 3390 833 3452 rerie
846 3391 927 3452 euim
940 3411 1042 3474 sparse
1057 3402 1102 3455 est
1117 3394 1160 3456 110
1173 3405 1207 3457 01
1221 3416 1295 3477 peu·

103 3488 181 3550 0010
201 3507 292 3550 nares
313 3496 470 3550 ventorum
490 3486 635 3567 impetum
656 3486 805 3560 eluctatoe,
826 3486 1038 3549 Dunkirchem
1060 3489 1182 3552 tandem
1200 3491 1296 3553 cladis

103 3583 223 3646 nuncies
237 3603 317 3666 aegre
327 3582 515 3665 appulerunt,
525 3601 593 3662 qum
603 3581 644 3643 ad
653 3592 781 3662 quatuor
792 3581 999 3664 Hispanorum
1008 3583 1106 3645 millia
1117 3585 1295 3649 selectorum

103 3680 235 3743 militum
251 3699 352 3744 secum
366 3679 526 3754 ducebant,
543 3677 582 3739 ad
595 3697 669 3760 quos
690 3678 892 3760 inspiciendos
910 3679 1080 3743 Cardinalis
1097 3681 1203 3745 Iolaus
1220 3681 1293 3744 His·
