3225 4700
1523 862 1586 935 C
1601 861 1670 935 A
1683 862 1742 936 P
1760 862 1830 936 U
1845 863 1908 936 T
1986 860 2044 935 L
2058 861 2128 934 X
2141 860 2208 932 V
2223 860 2281 935 Ῑ.

1067 1054 1072 1057 ·
1162 1020 1268 1087 De
1300 1024 1563 1089 dissidas
1593 1023 1897 1111 Anqlicis‚
1931 1022 2210 1109 Scoticis‚
2241 1020 2327 1086 Η
2309 1019 2641 1108 yber-uicis.

907 1185 932 1289 μ’*
968 1218 1048 1285 w„-
1085 1192 1108 1201 ⁷
1136 1174 1192 1265 J*
1222 1198 1651 1259 LISCEBAT
1689 1197 2056 1280 jampridem
2104 1195 2178 1256 lis
2231 1213 2448 1276 magna
2491 1193 2782 1276 Angliam
2830 1194 2985 1254 inter
3029 1206 3091 1254 et

1024 1349 1036 1361 ,.
1061 1309 1076 1313 ·
1128 1296 1152 1333 -’
1181 1329 1192 1370 3
1257 1293 1542 1369 Scofiam,
1575 1315 1710 1374 quae
1751 1302 1953 1375 postea
1991 1290 2149 1351 malo
2186 1311 2295 1351 suo
2338 1289 2514 1350 latius
2565 1310 2806 1372 serpens
2848 1288 3091 1369 Hybet-

1067 1381 1076 1385 ”
1116 1397 1132 1422 f
1165 1383 1196 1435 -’”
1253 1390 1416 1450 niam
1470 1411 1705 1471 quoque
1765 1387 2134 1469 implicavit:
2193 1395 2253 1447 et
2306 1386 2453 1448 licet
2503 1406 2660 1466 saepe
2718 1385 3096 1465 multumque

936 1546 941 1554 ι
1026 1514 1056 1542 »
1124 1475 1194 1578 {³
1251 1486 1676 1547 alternaverint
1717 1495 1982 1566 tempora
2021 1504 2183 1545 nunc
2236 1483 2459 1543 bellum
2507 1482 2866 1556 minitantia,
2923 1503 3093 1542 nunc

941 1635 944 1636 γ
1016 1590 1028 1638 “.
1048 1574 1096 1618 ²*
1141 1574 1156 1642 [
1247 1603 1457 1664 pacem
1500 1583 1930 1663 promittentia,
1977 1600 2135 1641 anno
2187 1580 2446 1659 denique
2487 1578 2804 1639 millesimo
2842 1599 3098 1638 sexcen-

716 1676 927 1737 tesimo
955 1676 1260 1758 trigesimo
1288 1700 1467 1755 nono,
1509 1700 1710 1740 mense
1737 1680 1785 1740 J
1789 1679 1932 1751 ulio,
1972 1678 2036 1738 in
2066 1685 2435 1737 constantem
2469 1676 2852 1735 concordiam
2889 1686 3097 1756 partes

715 1771 1014 1853 utrimque
1040 1774 1397 1837 videbantur
1424 1776 1750 1838 inclinare:
1793 1784 1854 1837 et
1878 1784 1944 1836 ut
1971 1794 2088 1855 pax
2114 1772 2429 1835 robustiori
2456 1781 2636 1832 staret
2660 1771 2872 1845 fulcr0,
2909 1772 3096 1850 quin-

713 1887 830 1947 que
858 1869 1100 1930 omnino
1127 1872 1419 1952 capitibus
1445 1872 1842 1952 tranquillitas
1868 1872 2050 1932 totius
2075 1870 2248 1951 regni
2274 1890 2386 1930 ceu
2409 1869 2645 1929 basibus
2665 1867 3049 1928 fundabatur.

795 1964 879 2024 Et
902 1964 1095 2045 primo
1123 1967 1367 2047 quidem
1396 1967 1846 2038 decernebatur,
1884 1976 1951 2027 ut
1975 1987 2091 2046 pax
2118 1966 2312 2047 primo
2339 1985 2575 2045 quoque
2594 1973 2858 2044 tempore
2884 1964 3091 2044 publi-

712 2070 966 2135 caretur,
1011 2072 1081 2123 ut
1113 2082 1435 2144 regnorum
1470 2062 1678 2123 incolis
1711 2062 1959 2123 summis
1998 2064 2168 2143 aeque
2206 2082 2277 2122 ac
2323 2060 2702 2123 medioximis
2737 2059 3086 2139 infimisque

709 2156 965 2236 liqueret
998 2168 1222 2237 quanta
1257 2158 1697 2239 magistratibus
1733 2159 1884 2220 foret
1926 2179 2072 2222 cura
2097 2179 2206 2239 pro
2241 2157 2592 2219 labefactata
2624 2157 2945 2218 concordia
2981 2178 3086 2237 op-

711 2251 963 2333 portune
995 2251 1381 2314 stabilienda:
1428 2263 1604 2334 atque
1638 2262 1706 2316 ut
1734 2256 1952 2335 passim
1979 2263 2277 2316 constaret
2309 2253 2560 2314 consilia
2585 2253 2750 2336 pacis
2774 2252 2927 2313 serio
2955 2273 3085 2314 esse

709 2365 1000 2430 suscepta,
1031 2360 1393 2411 conventum
1422 2361 1509 2412 est
1535 2360 1603 2411 ut
1632 2352 1788 2413 intra
1830 2353 2050 2435 viginti
2078 2361 2334 2432 quatuor
2371 2349 2545 2412 horas
2570 2361 2701 2433 post
2728 2348 3089 2432 publicatio-

707 2466 844 2506 nem
873 2446 1039 2526 pacis
1068 2445 1230 2507 Scoti
1255 2468 1492 2507 omnem
1520 2467 1694 2508 suum
1722 2448 1973 2510 militem
1999 2448 2385 2509 dimitterent.

792 2541 1069 2602 Secundo
1106 2542 1489 2619 tractabatur,
1530 2553 1595 2604 ut
1632 2543 1834 2604 omnia
1864 2543 2126 2618 castella,
2174 2563 2360 2619 arces,
2398 2541 2780 2617 munitiones,
2819 2551 2879 2602 et
2904 2543 3090 2603 urbes

708 2636 919 2718 Regiae
942 2637 1250 2718 Majestati
1277 2639 1667 2700 traderentur.

785 2732 985 2795 Tertio
1012 2733 1435 2814 postulabatur,
1469 2744 1536 2795 ut
1572 2734 1665 2796 bis
1693 2736 1976 2797 confectis
2017 2736 2196 2817 regiae
2222 2753 2402 2795 naves
2444 2735 2639 2816 prima
2674 2735 2871 2797 oblata
2905 2755 3088 2797 occa-

705 2826 870 2890 sione
903 2830 1149 2890 domum
1185 2840 1627 2906 revocarentur,
1665 2851 1777 2891 nec
1811 2832 1937 2892 ullo
1976 2831 2155 2891 modo
2194 2829 2511 2891 Scotorum
2551 2833 2924 2906 commercia,
2975 2842 3092 2892 aut

703 2923 1090 3003 piscationem
1124 2924 1503 3006 impedirent,
1542 2924 1642 2986 vel
1680 2926 1800 2987 alio
1832 2925 2044 3007 quovis
2084 2926 2264 2986 modo
2299 2944 2719 3006 quamcunque
2746 2927 3086 2989 molestiam
3198 3011 3199 3014 Ἴ

700 3020 1005 3083 inferrent.

786 3118 1016 3191 Quarto
1044 3116 1417 3198 obligabatur
1446 3117 1603 3190 Rex,
1623 3126 1691 3177 ut
1721 3137 1947 3178 merces
1975 3136 2201 3192 omnes,
2234 3118 2412 3193 bona,
2439 3138 2621 3180 naves
2644 3119 2955 3181 Scotorum
2985 3141 3086 3182 ar-

702 3224 855 3276 resto
896 3213 1167 3286 solveret,
1215 3212 1411 3274 ablata
1440 3214 1665 3276 eisdem
1702 3213 2057 3290 restitueret,
2109 3234 2179 3276 ac
2219 3215 2282 3274 in
2322 3215 2583 3296 antiquis
2617 3236 2718 3276 eos
2746 3217 3084 3299 privilegiis

704 3319 1098 3373 conservaret.

780 3406 1011 3480 Quinto
1033 3406 1290 3488 denique
1318 3408 1520 3468 severe
1546 3406 1866 3468 cavebatur
1891 3428 1969 3468 ne
2005 3407 2170 3469 Scoti
2196 3408 2347 3469 ullas
2385 3407 2747 3471 munitiones
2775 3409 2905 3470 sine
2931 3429 3077 3471 con-

701 3524 875 3568 sensu
898 3501 1055 3584 regis
1070 3512 1427 3578 extruerent,
1450 3523 1525 3564 ne
1546 3503 1918 3564 clandestina
1939 3504 2354 3565 conventicula
2367 3505 2527 3584 plebi
2548 3505 2944 3566 concederent
2969 3507 3074 3566 sed

699 3600 901 3663 omnia
937 3600 997 3660 in
1037 3599 1235 3679 quiete
1269 3619 1502 3661 summa
1527 3608 1982 3673 conservarent,
1999 3619 2181 3679 usque
2207 3599 2288 3660 ad
2316 3600 2560 3662 comitia
2586 3601 2906 3684 generalia,
2936 3622 3074 3684 quae

700 3700 763 3759 iu
789 3696 1127 3781 proximum
1149 3695 1493 3778 Augustum
1519 3695 1936 3758 indicebantur
1965 3694 2319 3758 inchoanda.

3159 22 3200 295 l

3192 426 3200 457 4

3193 559 3200 633 ἵ
