3225 4700
323 331 381 393 108
712 318 1119 389 ITINERARIUM.
1237 318 1243 327 '

320 498 504 543 summorum
512 464 765 556 ¹inlimorumque:
786 475 892 558 plausu
901 475 1022 557 Regina
1032 470 1201 554 Huugarioe
1214 480 1259 532 est
1267 478 1418 546 coronata,
1430 478 1520 555 post-
1594 499 1596 584 p

321 595 411 656 quum
423 596 526 637 omnes
540 572 710 657 Hungariae
723 580 817 633 status
830 572 870 634 ad
883 570 1044 634 Generalis
1055 569 1143 652 regni
1157 567 1289 630 comitia
1300 567 1426 629 fuissent
1440 588 1519 629 evo·
1594 589 1596 644 ῃ

321 672 398 733 cati:
421 671 542 734 Dehinc
562 670 665 733 Caesar
686 669 820 751 Pragam
835 669 926 730 abiit:
948 667 1107 729 Generalis
1123 664 1228 727 Gallus
1244 673 1311 745 post
1327 663 1418 746 hujus
1437 664 1520 723 anni

321 769 418 830 varias
427 779 531 829 contra
543 766 641 829 hostes
651 765 864 847 expeditiones,
872 773 1029 845 postquam
1037 762 1140 824 omnia
1147 760 1521 823 locarocensadrersariis
1594 775 1595 844 ς

321 873 423 947 erepta
435 864 649 929 sufficientibus
661 861 809 944 praesidiis
821 859 980 935 munierat,
991 859 1143 922 Caesaress
1152 857 1253 939 copias
1263 858 1296 917 in
1306 857 1406 918 varios
1418 858 1520 918 (luca-
1594 855 1595 944 1

321 968 369 1020 tus
378 980 432 1041 pro
442 960 583 1041 hybernis
592 961 716 1042 pertitus
728 966 781 1019 est.
812 956 851 1017 In
860 956 1004 1017 ducatum
1017 954 1163 1015 Holsatioe
1170 954 1268 1015 varias
1276 952 1516 1035 misitlegiones,
1594 947 1595 1020 f

324 1056 406 1118 Duoi
419 1056 592 1119 Florentino
603 1055 785 1136 assignatum
795 1063 841 1114 est
849 1052 1031 1114 territorium
1043 1051 1217 1124 Bremense,
1226 1051 1281 1132 qui
1290 1051 1322 1111 iu
1331 1070 1367 1111 eo
1376 1071 1415 1111 ne
1424 1049 1516 1110 deses
1594 1103 1595 1130 ,

321 1162 397 1214 esset
409 1152 525 1235 hospes,
539 1153 687 1213 munitam
702 1168 813 1223 urcem,
827 1148 959 1229 expulsis
970 1148 1041 1209 inde
1055 1147 1172 1220 Saeuis,
1184 1147 1353 1228 occuparit.
1394 1146 1516 1208 comiti
1594 1137 1595 1140 ¹

321 1249 361 1311 de
383 1250 521 1331 Ridberg
541 1248 713 1329 obtigerunt
735 1246 967 1308 Bruusviceusis
984 1255 1015 1306 et
1036 1244 1278 1327 luneburgensis
1297 1244 1409 1325 aliique
1425 1244 1515 1325 adja-

321 1354 422 1407 centes
437 1344 605 1418 comitatus,
622 1343 690 1404 aliis
713 1351 867 1403 cesserunt
885 1342 1131 1423 Humburgenses
1147 1350 1179 1402 et
1200 1342 1387 1403 Lubecenses
1409 1350 1513 1403 nrrae.

322 1440 413 1503 Goltz
421 1439 722 1519 Arohiepisoopatum
733 1438 1000 1522 Mogontinensem
1009 1448 1040 1499 et
1053 1438 1082 1499 ei
1092 1437 1237 1498 viciniora
1242 1437 1309 1498 looo
1322 1436 1445 1499 sortitus
1452 1446 1514 1511 est,

321 1536 621 1616 Mechleburgeusem
633 1535 787 1597 Ducatum
800 1534 930 1596 obtinuit
939 1534 1097 1596 Generalis
1110 1533 1282 1615 vigiliarum
1293 1533 1442 1616 Magister
1454 1532 1514 1594 Sa-

319 1632 367 1703 lis,
382 1633 432 1693 oui
446 1632 605 1693 commissa
617 1652 690 1694 curs
703 1632 910 1715 supprimendi
923 1644 954 1694 et
966 1632 997 1693 iu
1011 1632 1109 1693 officio
1127 1631 1300 1692 continendi
1316 1632 1513 1703 Baunirium‚

319 1731 344 1791 si
353 1729 787 1811 quatentasseterigereoaput.
816 1727 1512 1810 NobisproliciscendnmfuitDanuenbergam.

320 1826 371 1887 nbi
391 1846 460 1887 oum
478 1826 675 1887 tenuissemus
693 1844 803 1907 puucos
820 1825 895 1899 dies,
910 1824 1134 1907 Wolfsburgum
1150 1824 1352 1896 transivimus,
1370 1834 1461 1906 atque
1478 1826 1512 1885 in

320 1921 458 1984 desolatis
471 1922 555 2004 pagis
565 1922 648 1984 omni
660 1920 792 1983 humant
801 1942 858 2003 ope
866 1920 1025 1993 destitutis,
1037 1919 1181 2001 hospitari
1190 1920 1286 1981 coacti
1297 1940 1402 1981 snmus
1416 1940 1514 2001 usqne

320 2020 360 2080 sd
383 2020 519 2100 quintam
540 2019 689 2080 decimam
710 2018 837 2098 Aprilis,
853 2036 914 2098 qua
935 2016 984 2078 die
1002 2036 1072 2077 cnm
1089 2016 1181 2078 fames
1201 2036 1257 2077 nos
1274 2017 1329 2078 diu
1346 2018 1514 2098 pressisset,

322 2116 526 2197 Bruusvigam
544 2116 692 2176 movimus
709 2114 862 2176 civitatem
883 2112 1013 2192 amplam
1030 2122 1061 2173 et
1074 2113 1235 2192 spatiosam
1251 2114 1362 2194 optime
1381 2114 1515 2175 circum·

320 2210 479 2274 vallatam:
502 2213 613 2275 dicitur
628 2211 693 2274 haec
710 2212 818 2274 urhsh
838 2211 983 2272 Brunone
998 2210 1130 2290 quodam
1145 2212 1210 2292 ejus
1228 2211 1382 2272 conditore
1398 2231 1512 2272 nomen
1594 2237 1595 2250 ¹

320 2307 439 2385 habere,
458 2317 665 2390 exstructaque
682 2328 745 2371 esse
761 2308 853 2370 Anno
866 2315 933 2389 post
954 2305 1108 2368 Christum
1124 2328 1214 2389 supra
1227 2307 1513 2391 octingentesimum

321 2405 505 2487 sexagesimo
525 2407 640 2487 primo;
663 2405 744 2466 circa
765 2405 819 2466 has
839 2413 937 2485 partes
960 2405 1034 2465 duas
1059 2407 1152 2485 prope
1172 2405 1352 2486 septimanas
1375 2415 1512 2468 nostram

320 2501 569 2562 contributionum
587 2502 790 2583 pecuniariam
808 2501 1041 2582 expectavimus.
1083 2501 1288 2563 Inhumanum
1299 2500 1391 2582 {nobis
1404 2503 1513 2585 impri-

321 2597 378 2657 mis
401 2597 499 2658 visnm
515 2607 568 2673 est,
586 2598 669 2678 quod
690 2618 760 2658 oum
778 2598 852 2658 Dux
871 2597 1065 2680 Brunsvigiae
1085 2605 1116 2658 st
1131 2599 1305 2682 Lunehurgi
1323 2621 1425 2661 coram
1442 2602 1513 2662 istic

321 2695 446 2769 adesset,
460 2694 538 2754 nihil
555 2695 640 2755 nobis
654 2695 671 2754 ὲ
684 2693 805 2755 civitate
819 2694 867 2755 vel
879 2694 912 2755 in
927 2715 1071 2782 equorum
1084 2694 1133 2756 vel
1147 2695 1178 2755 in
1196 2694 1352 2756 hominum
1364 2705 1513 2759 sustenta·

321 2791 433 2852 tionem
446 2791 626 2852 dimitteret:
648 2791 702 2852 scd
714 2799 745 2850 et
763 2791 999 2852 Brunsvioenses
1014 2791 1118 2852 rustici
1135 2792 1260 2872 impune
1273 2801 1406 2853 nostrum
1419 2794 1514 2855 infes-

322 2889 425 2949 tuhaut
437 2887 574 2963 militem,
589 2887 657 2948 etsi
670 2907 745 2967 quos
761 2885 839 2949 solos
857 2887 1127 2970 deprehendebant,
1146 2887 1254 2949 miseri
1271 2899 1367 2950 morte
1385 2891 1512 2952 mulcta·

321 2985 404 3059 haut,
425 2985 501 3045 adeo
517 2993 550 3045 ut
568 3004 623 3044 neo
647 2983 719 3065 ipsis
736 2983 888 3045 officiariis
902 2992 1067 3066 parcerent,
1080 2983 1106 3045 si
1123 3003 1199 3064 quos
1217 2986 1303 3066 panis
1322 2986 1438 3066 aliquid
1458 2998 1513 3049 aut

320 3080 425 3141 furium
439 3081 479 3141 ad
492 3081 607 3141 victum
621 3080 795 3142 necessariae
812 3080 983 3161 quaesirisse
995 3080 1168 3160 reperirent,
1183 3082 1265 3144 nude
1279 3082 1392 3144 factum
1405 3095 1461 3161 est,
1477 3096 1512 3146 nt

321 3177 338 3236 ὲ
350 3175 495 3238 militibus
508 3176 641 3259 plurimi,
656 3177 734 3240 fame
748 3186 778 3240 et
791 3175 925 3239 extremi
937 3177 1111 3240 necessitate
1124 3187 1259 3262 cogente,
1264 3176 1466 3263 diffugerent.
