3225 4700
315 348 376 413 lat
711 326 1115 403 ITINERARIUM.

784 508 887 567 Gordia
900 514 930 564 et
945 502 1022 562 Oris.

355 642 404 703 Ex
416 640 510 702 altera
522 646 650 699 mouetae
663 636 739 697 facie
751 634 872 696 virtutis
886 628 1084 693 Fortitudinis
1097 626 1165 687 icon
1175 644 1245 686 cum
1259 620 1377 684 ciconia
1385 640 1544 703 serpen-

315 748 377 802 tem
392 746 487 801 rostro
502 735 678 817 praeferente
695 730 972 814 repraesentabatur,
990 724 1154 806 symbolice
1174 722 1296 783 notabat
1313 718 1544 781 victoriosum

316 835 398 918 quod
411 834 559 897 sententia
570 832 609 893 ad
623 829 734 910 scripta
746 828 817 890 satis
829 825 999 907 aperiebat:

729 972 909 1051 Hostemqae
923 970 1082 1049 Delosque.

362 1110 463 1189 Atque
475 1106 526 1167 hio
539 1105 636 1168 omnis
649 1112 807 1185 apparatus
819 1100 1010 1181 quantumvis
1024 1106 1222 1180 sumptuosus,
1238 1098 1269 1157 in
1285 1095 1434 1157 anteriore
1448 1104 1535 1155 tan-

319 1216 385 1268 tum
398 1216 429 1268 et
441 1204 553 1266 extima
565 1201 640 1263 facie
654 1200 759 1260 domus
771 1198 934 1271 visebatur,
947 1197 987 1258 ad
998 1216 1088 1276 quem
1102 1194 1297 1275 spectandum
1311 1194 1409 1253 omnis
1422 1214 1532 1276 gene-

321 1303 372 1377 ris,
387 1310 490 1376 status,
501 1310 532 1361 et
541 1318 629 1359 sexus
642 1296 777 1357 bominss
790 1294 944 1357 turmatim
957 1292 1061 1355 multis
1071 1291 1175 1352 diebus
1188 1290 1411 1351 confluxerunt.
1441 1291 1527 1351 Non

321 1409 414 1480 tango
426 1397 483 1457 hoc
496 1395 562 1455 loco
576 1392 807 1454 circumvicinas
824 1392 903 1453 aedes
917 1399 947 1451 ct
959 1389 1099 1471 compida
1111 1408 1164 1470 per
1177 1407 1245 1469 quse
1260 1387 1401 1468 Principi
1420 1399 1527 1449 traus-

322 1494 454 1555 euudum
478 1490 546 1564 fuit,
572 1490 639 1570 quis
660 1489 741 1549 enim
759 1488 907 1550 describat
924 1486 1123 1569 peristomatis
1141 1485 1363 1566 preciosissimis
1382 1487 1526 1548 excultos

322 1588 471 1671 parietes'l
490 1585 558 1668 quis
579 1584 845 1666 sumptuosissimis
866 1583 969 1645 aulaeis
990 1584 1184 1667 praefulgidas
1202 1584 1306 1646 aulas?
1326 1585 1395 1665 quis
1413 1584 1522 1667 populi

306 1740 309 1743 ,
324 1684 489 1747 Nobilioris
503 1685 542 1745 ad
556 1682 699 1743 fenestras
712 1700 884 1755 concursus,
900 1690 934 1741 ut
946 1679 1027 1741 hunc
1042 1681 1215 1764 Principem
1231 1694 1362 1763 spectare
1375 1682 1521 1763 possent?

323 1782 391 1862 quis
406 1781 527 1842 festivos
544 1778 776 1839 acclamantium
790 1785 821 1839 et
834 1777 1027 1839 salutantium
1044 1789 1148 1841 cautus
1164 1789 1194 1841 et
1207 1800 1294 1841 voces
1311 1778 1519 1860 perstringat?

324 1879 392 1958 quis
408 1875 538 1958 explicet
556 1875 686 1955 denique
704 1873 877 1935 festivorum
896 1875 1023 1955 ignium,
1044 1895 1183 1956 pompam
1203 1875 1281 1937 banc
1304 1876 1518 1938 illustrantium

325 1974 509 2056 apparatus?
534 1972 617 2045 Quin
631 1972 729 2052 ipsum
741 1990 860 2051 quoque
873 1970 984 2031 caelum
997 1973 1036 2032 ad
1050 1972 1183 2053 pluviam
1195 1973 1289 2034 multo
1303 1983 1372 2035 ante
1386 1982 1520 2055 tempore

325 2070 590 2152 propensissimum
612 2068 683 2130 huic
705 2066 886 2148 processioni
906 2066 1013 2129 favisse
1034 2069 1163 2144 videtur,
1187 2090 1258 2129 cum
1280 2072 1521 2131 constantissimo

327 2175 428 2227 tenore
447 2165 583 2226 nubilum
601 2165 711 2225 imbres
722 2164 765 2224 ita
777 2163 933 2244 suspendit
947 2171 980 2224 ut
992 2183 1030 2225 ue
1044 2174 1160 2243 guttam
1174 2166 1344 2229 demitteret
1356 2187 1426 2248 quac
1439 2166 1521 2229 festi-

327 2262 414 2324 vitati
430 2262 483 2323 tali
502 2263 641 2322 obstaret.
683 2260 776 2321 Unde
790 2268 821 2320 et
835 2258 942 2343 vulgus
955 2261 1031 2323 adeo
1043 2262 1083 2322 nd
1099 2261 1157 2323 hoc
1171 2262 1374 2344 spectaculum
1389 2265 1524 2325 accurrit

327 2359 427 2435 aride,
441 2367 476 2420 ut
489 2358 579 2420 semel
597 2357 709 2418 vidisse
727 2355 903 2439 Principem
926 2356 1130 2438 principisque
1152 2358 1326 2421 comitatum
1344 2363 1432 2442 parvi
1448 2383 1522 2444 pen-

328 2455 425 2530 deret,
439 2455 492 2516 sed
506 2455 546 2515 ad
559 2451 633 2513 alias
646 2451 778 2533 aliusque
792 2451 904 2533 plateas
917 2463 1113 2534 praecurreret
1126 2474 1186 2534 quo
1199 2454 1308 2537 saepius
1320 2457 1420 2518 visum
1433 2479 1524 2541 appa·

328 2561 428 2613 ratum
441 2551 549 2612 iterum
563 2569 598 2610 ac
612 2550 713 2611 denuo
726 2548 886 2611 resideret.

371 2648 525 2730 Attigcrat
542 2665 635 2708 ovaus
653 2645 817 2707 multitudo
838 2637 1012 2722 Pallatium,
1033 2667 1101 2709 cum
1121 2647 1344 2712 illustrissimus
1363 2651 1524 2734 Princeps,

330 2754 491 2825 antequam
512 2763 590 2824 equo
612 2741 807 2803 descenderet
828 2741 959 2802 officiosa
978 2763 1039 2803 uon
1059 2744 1159 2806 minus
1178 2766 1269 2826 quam
1289 2747 1371 2809 culta
1390 2751 1525 2810 oratione

331 2839 528 2922 amplissimas
541 2838 679 2900 omuibus
692 2836 848 2899 ordinibus
860 2837 923 2919 egit
931 2841 1051 2920 gratias,
1064 2842 1117 2901 sed
1131 2841 1277 2923 imprimis
1287 2842 1438 2906 Praefecto
1447 2845 1525 2907 aulae

249 2990 251 2995 .
332 2957 393 3000 suae
416 2935 591 3012 sanctitatis,
612 2932 794 3016 reliquisque
811 2932 952 3014 praelatis,
974 2935 1182 3019 Principibus,
1199 2939 1330 3020 virisque
1353 2940 1524 3022 generosis3

331 3035 441 3115 quibus
455 3053 525 3094 cum
538 3029 727 3094 satisfecisset
738 3029 820 3090 omni
834 3030 1049 3094 benevolentiae
1063 3034 1283 3116 significatione
1300 3038 1424 3100 domum
1438 3039 1526 3100 dimi·

332 3129 381 3202 sit,
402 3130 466 3211 ipse
486 3148 559 3190 vero
580 3146 642 3188 uua
661 3147 731 3187 cum
754 3125 838 3187 Duce
859 3127 897 3188 de
918 3125 1047 3189 Pczuolo
1067 3129 1233 3193 Pallatium
1252 3133 1404 3215 ingressus
1425 3145 1479 3206 est,
1498 3145 1527 3196 et

333 3225 475 3304 separatis
496 3233 620 3305 uterque
642 3222 834 3285 conclavibus
851 3223 891 3284 ad
912 3223 1045 3286 animum
1062 3246 1099 3287 ex
1121 3248 1232 3310 pompa
1248 3229 1331 3291 varie
1350 3231 1526 3294 distractum

333 3318 537 3400 colligendum
550 3330 701 3404 exceptus.
741 3318 823 3380 Date
836 3319 894 3379 snit
906 3319 1020 3384 interea
1032 3322 1159 3388 facultas
1172 3326 1333 3388 Germanis
1348 3328 1526 3390 Proceribus

333 3414 464 3476 obeundi
477 3415 583 3478 domus
596 3415 751 3480 conclavia
764 3425 794 3478 et
806 3416 955 3479 lustrandi
972 3439 1027 3501 pro
1045 3418 1169 3484 libidine
1189 3422 1331 3504 porticus,
1348 3445 1525 3507 omnemque

334 3519 510 3595 apparatum
529 3532 619 3594 supra
636 3533 726 3595 qnam
741 3513 803 3575 dici
819 3523 915 3594 potest
929 3515 1114 3598 opulentum.
1155 3520 1297 3584 Calamus
1315 3543 1462 3603 nusquam
1475 3542 1527 3583 ex·

333 3608 457 3691 plicabit
473 3628 565 3690 quam
582 3607 724 3671 habitatio
742 3607 808 3670 lraec
826 3629 898 3670 auro
917 3621 1100 3695 argentoque
1119 3615 1245 3693 fulserit,
1255 3617 1355 3700 [quam
1375 3619 1529 3681 bonuaria
