3225 4700
158 535 203 584 ι
316 532 367 639 ²1²
473 504 561 639 2221
657 527 765 633 Μὴ
789 561 817 576 2
845 525 945 612 apr¹
1059 527 1128 614 ἡ

486 820 490 825 ’
525 869 716 946 cneus
751 868 893 964 xnn.

450 1074 507 1138 De
522 1071 626 1139 Rebus
640 1074 675 1137 in
688 1072 844 1139 Bobemiu
862 1070 977 1137 Gestis.

300 1232 302 1239 '
350 1258 362 1356 j
381 1265 598 1339 osrcnnn
615 1266 648 1327 n
663 1264 822 1328 nonense
835 1264 946 1327 finibus
959 1265 1091 1346 anquam
1105 1267 1160 1329 nu
1173 1268 1313 1331 eonstite-

163 1331 188 1405 ἶ
321 1406 349 1420 ,.
400 1384 513 1438 ramus,
535 1363 609 1425 certi
628 1364 817 1425 advenerunt
836 1362 951 1438 nuncii,
968 1362 1021 1444 qui
1040 1364 1222 1425 Bannirium
1244 1385 1313 1427 cnm

148 1449 176 1484 ¹¹
228 1538 229 1543 η
272 1477 306 1511 „s
400 1456 484 1517 omni
504 1476 559 1518 suo
577 1457 713 1518 exercitu
735 1456 869 1538 Prugum
887 1457 1011 1517 tendere
1032 1457 1189 1534 nunciant,
1209 1466 1315 1521 contra

127 1542 172 1621 «Ξ-
265 1534 363 1640 sss,
401 1574 491 1633 quem
505 1563 567 1615 tam
580 1551 736 1628 offendes,
750 1552 803 1613 ubi
824 1552 942 1613 occasio
961 1552 1083 1630 serebat,
1101 1574 1191 1635 quam
1211 1554 1314 1616 defen-

131 1639 151 1658 ‘'
230 1642 289 1697 “-
360 1638 364 1646 λ
401 1649 476 1724 siva,
490 1650 612 1730 quando
625 1648 718 1709 bostis
731 1668 786 1711 nos
798 1648 971 1730 impetebat,
991 1648 1198 1730 expedivimus
1219 1672 1313 1714 erma.

110 1744 160 1807 Et
172 1743 331 1807 Generalis
345 1745 492 1807 Hataseld
504 1745 638 1826 quidem,
653 1752 687 1806 nt
699 1744 866 1826 expeditior
879 1752 909 1805 ct
922 1743 986 1805 sine
999 1745 1090 1807 anxis
1102 1766 1176 1809 cure
1190 1768 1314 1831 progre-

110 1842 247 1917 deretur,
263 1842 479 1922 impedimenta
491 1842 593 1903 omnia
604 1850 672 1922 post
684 1862 716 1903 se
730 1841 862 1922 relinqui
878 1840 984 1916 voluit,
998 1849 1029 1903 et
1045 1842 1164 1923 magnis
1180 1846 1315 1924 passibus

110 1936 158 1999 ad
168 1937 280 1999 Albam
294 1938 424 2020 Regiam
434 1937 628 2001 cistertiense
641 1936 864 1999 Monasterium
877 1937 1039 2018 properari.
1075 1936 1165 2009 Quod
1177 1947 1210 2000 ut
1222 1937 1316 2001 hostis

114 2034 248 2115 accepit,
265 2035 431 2097 exercitum
446 2035 487 2096 ed
505 2034 639 2116 Prugum
654 2032 811 2115 applicuit,
828 2033 1002 2113 obseditque
1022 2032 1242 2111 Brundusium,
1259 2057 1316 2098 nec

112 2131 216 2193 multo
228 2139 295 2212 post
309 2131 341 2191 in
357 2130 543 2193 deditionem
564 2128 691 2209 accepit,
708 2128 944 2210 praesidiumque
961 2129 1001 2189 sd
1020 2149 1075 2190 sua
1091 2149 1175 2193 arms
1191 2131 1315 2195 ferenda

112 2227 236 2310 coegit:
257 2247 399 2309 prospera
413 2227 485 2289 dein
501 2225 622 2287 fortuna
639 2245 710 2286 usus
726 2225 786 2286 alia
798 2224 941 2306 quisdam
956 2224 1022 2285 loca
1035 2225 1092 2287 sibi
1105 2229 1316 2307 percommode

113 2324 228 2388 insedit
248 2325 330 2386 unde
352 2322 468 2387 Silesioe
490 2330 521 2386 et
544 2322 693 2384 Moraviae
715 2321 791 2384 fines
812 2322 852 2384 sd
873 2322 1019 2384 tributum
1040 2322 1097 2384 sibi
1120 2324 1314 2405 pendendum

7 2426 8 2435 ³
114 2423 210 2484 umis
225 2422 379 2483 adducere
395 2430 505 2503 posset,
523 2420 587 2502 ipse
605 2440 678 2484 vero
697 2439 752 2502 pro
768 2418 825 2481 sui
841 2418 968 2500 persone
987 2419 1154 2482 Brundusii
1173 2423 1313 2484 substitit.

114 2519 274 2582 Gallassus
287 2517 337 2579 bic
348 2519 444 2579 varias
455 2517 604 2600 Legiones
617 2517 753 2597 equitum
763 2524 794 2577 et
803 2515 1035 2578 desultoriorum
1048 2515 1147 2578 emisit
1156 2518 1209 2598 qui
1222 2518 1315 2582 hostis

112 2615 276 2677 audaciam
294 2615 403 2696 passim
421 2613 546 2695 impune
557 2612 695 2696 vagantis
707 2621 738 2674 et
751 2612 953 2696 depredands
967 2613 1207 2696 comprimerent,
1221 2617 1316 2698 capti·

6 2766 9 2793 ,
112 2731 171 2774 vos
184 2712 379 2787 adducerent,
394 2710 512 2792 praedas
530 2711 610 2774 inter
624 2708 723 2771 hostes
741 2717 883 2792 agerent:
904 2710 1008 2792 paucis
1030 2730 1103 2773 vero
1123 2719 1190 2790 post
1210 2711 1316 2774 diebus

113 2807 275 2870 consilium
291 2807 434 2870 bellicum
447 2806 636 2883 convocavit,
650 2806 691 2868 ad
701 2806 784 2887 quod
797 2806 940 2868 convenit
953 2806 1016 2889 ipse
1028 2805 1194 2882 Gellcssus,
1205 2807 1316 2870 Comes

114 2925 236 2986 qnoque
249 2906 289 2967 de
303 2903 440 2986 Schlyck
453 2903 574 2966 eonsilii
590 2903 692 2966 bellici
708 2923 829 2985 preses,
844 2901 954 2965 Comes
967 2903 1006 2965 de
1020 2902 1169 2966 Ooloredo
1184 2904 1315 2985 permnl-

113 3006 200 3084 tique
218 3001 291 3064 alii:
324 3001 461 3064 absoluto
482 2999 611 3063 concilio
633 3000 798 3061 lustravere
823 2999 923 3081 copias
947 3009 1073 3074 nostras,
1094 3019 1130 3061 ac
1151 3001 1191 3063 ad
1213 2999 1316 3081 epulas

113 3099 279 3183 magnifice
291 3099 450 3161 instmctas
463 3099 501 3159 eb
515 3096 690 3160 Hatrteldio
702 3106 773 3158 sunt
785 3096 916 3160 invitati.
949 3098 1074 3159 Postero
1087 3115 1176 3179 porro
1189 3097 1239 3158 die
1252 3097 1316 3178 ipse

114 3198 223 3260 Gallus
236 3205 387 3259 sunmmet
401 3196 565 3258 exercitum
578 3195 612 3256 iu
625 3194 708 3256 Albo
721 3202 822 3256 monte
836 3193 995 3256 recensuit.
1034 3193 1098 3255 Hic
1111 3214 1181 3255 cum
1195 3193 1315 3274 pluscu-

112 3293 179 3355 lum
196 3292 346 3355 haeremus
365 3292 450 3354 veria
467 3291 534 3353 loce
552 3293 686 3352 insuam
704 3290 823 3372 redegit
840 3289 933 3352 hostis
954 3297 1138 3370 potestatem,
1157 3310 1193 3352 ac
1210 3291 1315 3354 rustici

10 3373 22 3401 ⁸
114 3391 230 3453 indicio
243 3391 422 3471 intempesta
435 3397 523 3450 nocte
538 3388 664 3450 Oroates
677 3387 840 3469 improviso
853 3385 962 3459 obruit,
977 3395 1007 3448 et
1020 3407 1127 3468 parum
1141 3387 1249 3471 vigiles
1262 3409 1316 3470 op·

112 3487 229 3569 primu,
244 3488 263 3549 d
276 3488 384 3567 quibus
401 3485 604 3569 septendecim
622 3484 734 3546 vexilla
751 3483 882 3545 obtinuit
901 3489 1010 3564 praeter
1027 3483 1159 3565 opimum
1180 3485 1314 3567 praedam

113 3603 207 3664 qnam
220 3605 283 3644 non
296 3583 360 3646 siue
370 3582 454 3666 gravi
469 3589 635 3643 nostrorum
650 3579 717 3642 labe
727 3580 767 3642 ad
777 3599 846 3665 suos
860 3579 1031 3661 reportavit.
1061 3579 1160 3654 Quem
1172 3580 1314 3663 injurium
1415 3620 1417 3624 -
