3225 4700
490 329 897 396 ITINERARIUM.
1054 380 1056 385 .
1225 323 1288 388 363

80 478 164 540 Boii
183 490 298 560 quanta
317 482 374 542 sibi
396 483 507 544 damna
527 483 655 544 hostium
676 483 902 556 excursionibus
925 480 996 540 inde
1017 480 1285 560 proficiscerentur,

77 595 208 636 omnem
223 597 328 638 curam
342 580 550 654 admoverunt,
562 590 596 640 ut
606 579 654 640 rel
665 578 745 649 dolo,
757 578 805 639 vel
815 579 856 652 ri,
868 579 898 637 in
914 585 1086 658 potestatem
1103 576 1284 658 redigerent.

77 671 304 749 Commodius,
313 677 623 758 nesciocujusindicio
632 677 920 749 didicerunt,arcem
931 673 1097 734 necessario
1106 684 1286 743 commeatu,

78 780 118 828 et
131 768 201 830 aliis
213 770 350 850 pluribus
363 773 452 833 rebus
462 770 593 847 destitui,
606 773 686 833 unde
696 773 855 833 cinxerunt
864 770 1037 839 arctissime,
1050 769 1170 848 nequid
1182 767 1284 828 inferri

78 877 199 945 posset,
217 887 254 927 ac
272 866 352 928 iutra
371 869 460 930 brere
478 883 597 951 tempus
617 871 657 930 ad
675 868 859 931 deditionem
880 869 1052 949 coegerunt.
1095 863 1284 925 Praesidiarii

77 961 214 1040 quidem
230 965 311 1044 pacti
327 975 397 1026 sunt
413 965 541 1026 liberum
564 965 790 1026 Hoentwihlam
809 983 972 1046 egressum,
987 983 1056 1023 curn
1076 961 1214 1021 omnibus
1229 961 1285 1019 im·

77 1059 280 1138 pedimentis,
295 1062 349 1122 sed
367 1061 444 1123 istuc
461 1072 496 1123 ut
511 1071 722 1143 pervenerunt,
738 1062 757 1121 b
772 1061 907 1121 Domino
924 1060 960 1120 de
975 1056 1147 1118 Widerlrolt
1164 1057 1284 1117 Guber-

78 1165 192 1216 natore
211 1155 447 1220 Hiientwihlauo
465 1157 545 1219 male
564 1159 681 1240 accepti
694 1158 826 1229 fuerunt,
840 1158 892 1238 qui
905 1155 1044 1218 officiales
1063 1153 1183 1235 culpam
1197 1173 1283 1214 suam

77 1251 186 1332 capite
204 1252 298 1328 luere,
317 1255 448 1335 reliquos
462 1257 533 1316 verb
547 1256 657 1316 milites
671 1256 765 1336 virgis
780 1255 859 1315 caedi
872 1254 979 1314 voluit.
1023 1252 1115 1325 Quod
1130 1261 1158 1312 et
1171 1252 1282 1311 factum

77 1348 202 1423 fuisset,
217 1351 276 1411 nisi
289 1373 394 1432 preces
407 1352 547 1422 aliorum,
560 1372 681 1433 poeuam
694 1363 756 1411 tam
769 1351 907 1412 acerbam
922 1351 1105 1410 avertissent.

125 1445 255 1509 Octobri
276 1467 378 1510 mense
398 1449 557 1510 Generalis
575 1449 685 1510 Comes
701 1449 739 1509 de
760 1446 916 1520 Hatzfeld,
936 1448 1103 1517 Caesareos,
1125 1457 1155 1508 et
1173 1444 1283 1507 Comes

78 1545 123 1606 de
138 1544 233 1606 Wahl
246 1546 394 1621 Bararus,
406 1568 476 1609 cum
484 1547 612 1609 subditis
625 1545 682 1606 sibi
692 1546 787 1626 copiis
797 1545 821 1607 J
825 1544 1004 1606 olieceusem
1016 1544 1144 1625 patriam
1157 1543 1283 1624 ingressi

78 1651 167 1714 sunt,
195 1653 229 1703 ut
257 1643 595 1705 Gallo-Weimarieuses
622 1645 662 1704 ad
690 1662 842 1704 armorum
875 1645 1078 1722 congressum:
1099 1641 1285 1721 pellicerent,

78 1748 177 1819 atque
196 1749 230 1800 ut
243 1739 361 1801 facilirls
377 1740 582 1822 impetrarent,
597 1739 733 1800 civitates
752 1747 782 1798 et
799 1737 921 1819 oppida,
936 1757 1005 1818 quse
1025 1737 1188 1798 adversarii
1203 1749 1283 1798 tene·

83 1835 161 1894 bant
179 1833 325 1914 pluscule,
342 1855 516 1918 oppugnare
532 1838 677 1918 tantisper
694 1835 922 1906 constituerunt,
936 1835 1010 1895 dum
1029 1834 1125 1914 plenis
1141 1835 1232 1894 armis
1246 1835 1284 1895 de

81 1952 206 1993 summa
231 1933 275 1993 rei
301 1933 462 1993 decernere
486 1932 600 1996 liceret.
642 1933 710 1995 Nec
736 1933 864 1993 multrlm
892 1933 1038 2003 cunctati,
1064 1930 1284 1993 Marcodurum

83 2031 235 2113 vigesimo
245 2030 386 2092 Octobris
394 2031 519 2113 aggredi
529 2038 682 2111 ceperunt,
694 2029 802 2109 quibus
813 2013 1003 2111 praesidiarii,
1014 2028 1164 2109 quidquid
1175 2029 1283 2088 virium

83 2129 118 2188 in
141 2127 307 2208 ipsismet,
333 2138 553 2208 opposuerunt3
582 2127 681 2207 quoad
698 2126 738 2186 ad
759 2126 857 2206 ipsum
878 2125 1010 2186 triduum
1028 2124 1138 2186 validis
1156 2136 1286 2185 tormen-

83 2235 190 2285 torum
206 2223 383 2284 bellicorum
401 2224 510 2284 ictibus
529 2223 705 2305 oppugnati,
724 2223 865 2283 viderunt
884 2223 923 2283 ed
940 2222 1085 2303 impetum
1100 2223 1284 2297 faciendum,

85 2320 160 2382 etri
173 2321 437 2402 perrumpendum,
449 2320 567 2402 disponi
582 2319 704 2393 milites,
715 2339 750 2381 ac
763 2331 834 2381 tunc
845 2318 965 2400 quidem
977 2319 1015 2381 ad
1026 2321 1242 2401 paciscendum
1255 2344 1287 2384 se

85 2417 281 2493 obtulerunt;
302 2428 391 2499 atque
404 2419 509 2480 eadem
524 2418 589 2499 ipsa
602 2416 701 2477 adhuc
716 2436 840 2497 vespera
856 2417 1042 2478 conditiones
1058 2418 1161 2499 positae
1175 2420 1285 2481 admis-

86 2534 192 2596 saeque
208 2527 288 2589 suut,
307 2534 479 2596 quanquam
499 2515 616 2596 posterd
637 2514 720 2595 prius
737 2514 787 2575 die
807 2514 982 2594 subscripta
1000 2512 1121 2576 fuerint.
1166 2516 1286 2579 Metue-

87 2615 164 2673 bant
176 2612 346 2672 obsidentes
359 2632 398 2673 ne
409 2632 469 2692 qua
478 2612 554 2672 forte
565 2610 711 2671 beneficio
724 2610 821 2670 uectis
832 2611 943 2671 moeuia
951 2610 1069 2690 dejecta
1079 2612 1189 2673 obsessi
1201 2615 1286 2677 noris

87 2710 262 2791 aggeribus,
277 2719 329 2770 aut
343 2708 536 2769 munimentis
549 2706 743 2767 occluderent
755 2705 837 2767 uude
857 2706 913 2767 sibi
928 2706 1058 2768 Caeserei
1072 2708 1156 2770 illum
1172 2712 1285 2772 aditum

87 2805 322 2866 custodiendum
336 2805 435 2866 statim
450 2805 576 2865 concedi
592 2804 761 2874 voluerunt,
775 2803 857 2884 quod
873 2804 983 2864 obsessi
1000 2826 1058 2864 uon
1074 2807 1162 2869 inviti
1176 2814 1285 2891 permi-

87 2910 202 2962 serunt
240 2900 437 2962 Conditiones
450 2902 521 2962 vero
534 2910 690 2981 sequentes
703 2900 813 2981 scripto
827 2900 1009 2982 consiguatae
1024 2914 1103 2965 suut.

133 2996 161 3057 Ι.
184 2996 371 3059 Conceditur
403 2997 537 3059 Domino
568 2996 772 3059 Gubernatori
814 2995 1039 3059 Marcodurauo
1074 3000 1234 3068 Francisco
1268 3009 1286 3070 d

90 3092 305 3155 Bruuckhorst
318 3094 349 3154 iu
363 3094 542 3175 vigesimum
553 3104 693 3175 quartum
708 3094 789 3154 diem
801 3092 950 3169 Octobris,
963 3094 1039 3156 liber
1052 3118 1089 3157 ex
1104 3102 1177 3163 urbe
1187 3124 1286 3185 egres-

88 3212 151 3259 sus,
165 3212 235 3251 cum
250 3191 388 3251 omuibus
401 3190 463 3251 suis
476 3190 709 3271 impedimentis.

134 3287 183 3348 Il.
207 3285 429 3349 Permittuntur
448 3286 538 3348 etiam
556 3288 622 3368 ejus
639 3286 728 3348 militi
746 3306 902 3369 egressuro
916 3298 1041 3371 utraque
1055 3312 1148 3369 erma,
1163 3297 1227 3359 siue
1241 3320 1287 3359 ar·

91 3385 233 3446 dentibus
247 3394 344 3445 tamen
359 3383 523 3457 fomitibus,
539 3384 592 3463 qui
606 3384 678 3444 verb
691 3381 858 3464 catapultas
875 3396 980 3467 gerent
996 3409 1064 3470 quae
1078 3392 1171 3454 silicis
1185 3396 1286 3456 attritu

91 3483 308 3556 accenduntur,
323 3482 438 3543 silicem
451 3481 595 3542 eximent.
753 3551 756 3555 ¹

134 3578 202 3641 111.
225 3578 338 3641 Nullus
358 3588 520 3659 praesumat
533 3599 632 3639 secum
647 3577 753 3640 efferre
767 3599 814 3640 res
830 3599 930 3646 sacras
943 3584 1078 3647 ecclesiis
1092 3598 1217 3671 ereptas,
1233 3611 1288 3651 nec
