<?xml version="1.0" encoding="UTF-8"?>
<!DOCTYPE html PUBLIC "-//W3C//DTD XHTML 1.0 Transitional//EN"
    "http://www.w3.org/TR/xhtml1/DTD/xhtml1-transitional.dtd">
<html xmlns="http://www.w3.org/1999/xhtml" xml:lang="en" lang="en">
 <head>
  <title>
</title>
<meta http-equiv="Content-Type" content="text/html;charset=utf-8" />
  <meta name='ocr-system' content='tesseract 3.04.00' />
  <meta name='ocr-capabilities' content='ocr_page ocr_carea ocr_par ocr_line ocrx_word'/>
</head>
<body>
  <div class='ocr_page' id='page_1' title='image "./itinerariumthom00kerngoog_0581.png"; bbox 0 0 3225 4700; ppageno 0'>
   <div class='ocr_carea' id='block_1_1' title="bbox 503 312 1302 380">
    <p class='ocr_par' dir='ltr' id='par_1_1' title="bbox 503 312 1302 380">
     <span class='ocr_line' id='line_1_1' title="bbox 503 312 1302 380; baseline -0.006 0"><span class='ocrx_word' id='word_1_1' title='bbox 503 315 527 380; x_wconf 87' lang='lat' dir='ltr'><em>I</em></span> <span class='ocrx_word' id='word_1_2' title='bbox 531 314 589 379; x_wconf 85' lang='lat' dir='ltr'>&#39;l&#39;I</span> <span class='ocrx_word' id='word_1_3' title='bbox 593 313 813 380; x_wconf 82' lang='lat' dir='ltr'><strong><em>NERARI</em></strong></span> <span class='ocrx_word' id='word_1_4' title='bbox 823 312 909 379; x_wconf 89' lang='lat' dir='ltr'>UM.</span> <span class='ocrx_word' id='word_1_5' title='bbox 1238 312 1302 376; x_wconf 85' lang='lat'>359</span> 
     </span>
    </p>
   </div>
   <div class='ocr_carea' id='block_1_2' title="bbox 103 463 1309 3738">
    <p class='ocr_par' dir='ltr' id='par_1_2' title="bbox 103 463 1304 1999">
     <span class='ocr_line' id='line_1_2' title="bbox 105 463 1301 551; baseline 0.002 -28"><span class='ocrx_word' id='word_1_6' title='bbox 105 463 185 543; x_wconf 90' lang='lat' dir='ltr'>pulsi</span> <span class='ocrx_word' id='word_1_7' title='bbox 198 469 282 543; x_wconf 87' lang='lat' dir='ltr'>sunt)</span> <span class='ocrx_word' id='word_1_8' title='bbox 296 466 497 531; x_wconf 75' lang='lat' dir='ltr'>defensionem</span> <span class='ocrx_word' id='word_1_9' title='bbox 512 471 641 551; x_wconf 86' lang='lat' dir='ltr'>experiri</span> <span class='ocrx_word' id='word_1_10' title='bbox 654 470 751 531; x_wconf 83' lang='lat' dir='ltr'>voluit</span> <span class='ocrx_word' id='word_1_11' title='bbox 765 470 964 532; x_wconf 77' lang='lat' dir='ltr'><strong>Gubernator.</strong></span> <span class='ocrx_word' id='word_1_12' title='bbox 1007 466 1192 549; x_wconf 82' lang='lat' dir='ltr'>Praeparstis</span> <span class='ocrx_word' id='word_1_13' title='bbox 1204 466 1301 526; x_wconf 90' lang='lat' dir='ltr'>omni-</span> 
     </span>
     <span class='ocr_line' id='line_1_3' title="bbox 104 561 1303 648; baseline 0.004 -28"><span class='ocrx_word' id='word_1_14' title='bbox 104 561 163 620; x_wconf 88' lang='lat' dir='ltr'>bns</span> <span class='ocrx_word' id='word_1_15' title='bbox 176 562 217 624; x_wconf 88' lang='lat' dir='ltr'>ad</span> <span class='ocrx_word' id='word_1_16' title='bbox 230 566 484 647; x_wconf 80' lang='lat' dir='ltr'>oppugnationem</span> <span class='ocrx_word' id='word_1_17' title='bbox 500 568 683 643; x_wconf 89' lang='lat' dir='ltr'>necessariis,</span> <span class='ocrx_word' id='word_1_18' title='bbox 698 567 808 629; x_wconf 82' lang='lat' dir='ltr'>validis</span> <span class='ocrx_word' id='word_1_19' title='bbox 822 568 930 629; x_wconf 88' lang='lat' dir='ltr'>ictibus</span> <span class='ocrx_word' id='word_1_20' title='bbox 944 566 1074 648; x_wconf 85' lang='lat' dir='ltr'>quassati</span> <span class='ocrx_word' id='word_1_21' title='bbox 1089 566 1218 647; x_wconf 75' lang='lat' dir='ltr'>primum</span> <span class='ocrx_word' id='word_1_22' title='bbox 1232 574 1303 625; x_wconf 88' lang='lat' dir='ltr'>sunt</span> 
     </span>
     <span class='ocr_line' id='line_1_4' title="bbox 103 658 1303 746; baseline 0.004 -30"><span class='ocrx_word' id='word_1_23' title='bbox 103 658 197 731; x_wconf 91' lang='lat' dir='ltr'>muri,</span> <span class='ocrx_word' id='word_1_24' title='bbox 213 662 431 742; x_wconf 89' lang='lat' dir='ltr'>responderunt</span> <span class='ocrx_word' id='word_1_25' title='bbox 445 686 504 725; x_wconf 92' lang='lat' dir='ltr'>non</span> <span class='ocrx_word' id='word_1_26' title='bbox 519 665 627 726; x_wconf 89' lang='lat' dir='ltr'>minori</span> <span class='ocrx_word' id='word_1_27' title='bbox 638 665 765 745; x_wconf 87' lang='lat' dir='ltr'>strepitu</span> <span class='ocrx_word' id='word_1_28' title='bbox 781 664 972 746; x_wconf 86' lang='lat' dir='ltr'>praesidiarii,</span> <span class='ocrx_word' id='word_1_29' title='bbox 988 664 1040 744; x_wconf 92' lang='lat' dir='ltr'>qni</span> <span class='ocrx_word' id='word_1_30' title='bbox 1054 664 1166 723; x_wconf 81' lang='lat' dir='ltr'><strong>crebris</strong></span> <span class='ocrx_word' id='word_1_31' title='bbox 1181 662 1303 742; x_wconf 88' lang='lat' dir='ltr'>insuper</span> 
     </span>
     <span class='ocr_line' id='line_1_5' title="bbox 103 756 1303 843; baseline 0.003 -30"><span class='ocrx_word' id='word_1_32' title='bbox 103 756 314 834; x_wconf 85' lang='lat' dir='ltr'>eruptionibus</span> <span class='ocrx_word' id='word_1_33' title='bbox 330 757 460 821; x_wconf 90' lang='lat' dir='ltr'>bostium</span> <span class='ocrx_word' id='word_1_34' title='bbox 481 774 579 822; x_wconf 87' lang='lat' dir='ltr'>castra</span> <span class='ocrx_word' id='word_1_35' title='bbox 596 762 775 843; x_wconf 82' lang='lat' dir='ltr'>carpebant3</span> <span class='ocrx_word' id='word_1_36' title='bbox 797 762 898 842; x_wconf 86' lang='lat' dir='ltr'>quoad</span> <span class='ocrx_word' id='word_1_37' title='bbox 916 762 1063 834; x_wconf 87' lang='lat' dir='ltr'>incursus,</span> <span class='ocrx_word' id='word_1_38' title='bbox 1080 761 1120 821; x_wconf 89' lang='lat' dir='ltr'>ad</span> <span class='ocrx_word' id='word_1_39' title='bbox 1138 760 1236 840; x_wconf 90' lang='lat' dir='ltr'>ipsum</span> <span class='ocrx_word' id='word_1_40' title='bbox 1251 759 1303 818; x_wconf 91' lang='lat' dir='ltr'>tri·</span> 
     </span>
     <span class='ocr_line' id='line_1_6' title="bbox 103 850 1302 936; baseline 0.005 -27"><span class='ocrx_word' id='word_1_41' title='bbox 103 850 203 911; x_wconf 90' lang='lat' dir='ltr'>duum</span> <span class='ocrx_word' id='word_1_42' title='bbox 223 852 286 913; x_wconf 91' lang='lat' dir='ltr'>siue</span> <span class='ocrx_word' id='word_1_43' title='bbox 305 853 367 914; x_wconf 86' lang='lat' dir='ltr'>ulla</span> <span class='ocrx_word' id='word_1_44' title='bbox 386 855 447 916; x_wconf 83' lang='lat' dir='ltr'>sere</span> <span class='ocrx_word' id='word_1_45' title='bbox 467 856 685 918; x_wconf 80' lang='lat' dir='ltr'>intermissione</span> <span class='ocrx_word' id='word_1_46' title='bbox 703 857 902 932; x_wconf 87' lang='lat' dir='ltr'>continuatos,</span> <span class='ocrx_word' id='word_1_47' title='bbox 923 857 1091 917; x_wconf 87' lang='lat' dir='ltr'>obsidentes</span> <span class='ocrx_word' id='word_1_48' title='bbox 1109 863 1302 936; x_wconf 88' lang='lat' dir='ltr'>susceperunt</span> 
     </span>
     <span class='ocr_line' id='line_1_7' title="bbox 103 951 1302 1030; baseline 0.005 -26"><span class='ocrx_word' id='word_1_49' title='bbox 103 965 187 1006; x_wconf 84' lang='lat' dir='ltr'>vano</span> <span class='ocrx_word' id='word_1_50' title='bbox 199 957 318 1023; x_wconf 86' lang='lat' dir='ltr'>conatu,</span> <span class='ocrx_word' id='word_1_51' title='bbox 329 960 359 1010; x_wconf 93' lang='lat' dir='ltr'>et</span> <span class='ocrx_word' id='word_1_52' title='bbox 370 971 429 1011; x_wconf 90' lang='lat' dir='ltr'>non</span> <span class='ocrx_word' id='word_1_53' title='bbox 442 951 502 1013; x_wconf 86' lang='lat' dir='ltr'>levi</span> <span class='ocrx_word' id='word_1_54' title='bbox 516 973 570 1013; x_wconf 89' lang='lat' dir='ltr'>suo</span> <span class='ocrx_word' id='word_1_55' title='bbox 581 954 701 1014; x_wconf 89' lang='lat' dir='ltr'>damno.</span> <span class='ocrx_word' id='word_1_56' title='bbox 744 952 817 1013; x_wconf 92' lang='lat' dir='ltr'>Duo</span> <span class='ocrx_word' id='word_1_57' title='bbox 830 953 911 1013; x_wconf 85' lang='lat' dir='ltr'>enirn</span> <span class='ocrx_word' id='word_1_58' title='bbox 922 974 957 1015; x_wconf 85' lang='lat' dir='ltr'>cx</span> <span class='ocrx_word' id='word_1_59' title='bbox 969 952 1124 1012; x_wconf 85' lang='lat' dir='ltr'>tormentis</span> <span class='ocrx_word' id='word_1_60' title='bbox 1140 952 1302 1030; x_wconf 87' lang='lat' dir='ltr'>majoribus</span> 
     </span>
     <span class='ocr_line' id='line_1_8' title="bbox 104 1048 1302 1130; baseline 0.005 -28"><span class='ocrx_word' id='word_1_61' title='bbox 104 1056 298 1124; x_wconf 83' lang='lat' dir='ltr'>crepuerunt,</span> <span class='ocrx_word' id='word_1_62' title='bbox 314 1056 343 1107; x_wconf 90' lang='lat' dir='ltr'>et</span> <span class='ocrx_word' id='word_1_63' title='bbox 358 1048 455 1128; x_wconf 87' lang='lat' dir='ltr'>pulvis</span> <span class='ocrx_word' id='word_1_64' title='bbox 468 1050 587 1111; x_wconf 84' lang='lat' dir='ltr'>defecit.</span> <span class='ocrx_word' id='word_1_65' title='bbox 630 1048 730 1122; x_wconf 81' lang='lat' dir='ltr'>Quem</span> <span class='ocrx_word' id='word_1_66' title='bbox 744 1060 779 1110; x_wconf 92' lang='lat' dir='ltr'>ut</span> <span class='ocrx_word' id='word_1_67' title='bbox 793 1050 959 1111; x_wconf 82' lang='lat' dir='ltr'>Novesinm</span> <span class='ocrx_word' id='word_1_68' title='bbox 977 1048 1138 1130; x_wconf 88' lang='lat' dir='ltr'>supplevit,</span> <span class='ocrx_word' id='word_1_69' title='bbox 1155 1048 1195 1108; x_wconf 87' lang='lat' dir='ltr'>ad</span> <span class='ocrx_word' id='word_1_70' title='bbox 1211 1050 1302 1108; x_wconf 90' lang='lat' dir='ltr'>inter·</span> 
     </span>
     <span class='ocr_line' id='line_1_9' title="bbox 103 1139 1303 1223; baseline 0.004 -25"><span class='ocrx_word' id='word_1_71' title='bbox 103 1139 213 1201; x_wconf 88' lang='lat' dir='ltr'>missas</span> <span class='ocrx_word' id='word_1_72' title='bbox 228 1142 441 1223; x_wconf 84' lang='lat' dir='ltr'>ejaculationes</span> <span class='ocrx_word' id='word_1_73' title='bbox 453 1146 582 1206; x_wconf 90' lang='lat' dir='ltr'>reditum</span> <span class='ocrx_word' id='word_1_74' title='bbox 596 1155 650 1207; x_wconf 89' lang='lat' dir='ltr'>est.</span> <span class='ocrx_word' id='word_1_75' title='bbox 692 1146 811 1219; x_wconf 81' lang='lat' dir='ltr'>Quibus</span> <span class='ocrx_word' id='word_1_76' title='bbox 830 1146 924 1207; x_wconf 92' lang='lat' dir='ltr'>nihilo</span> <span class='ocrx_word' id='word_1_77' title='bbox 938 1145 1104 1207; x_wconf 87' lang='lat' dir='ltr'>timidiores</span> <span class='ocrx_word' id='word_1_78' title='bbox 1120 1145 1230 1205; x_wconf 88' lang='lat' dir='ltr'>obsessi</span> <span class='ocrx_word' id='word_1_79' title='bbox 1244 1144 1303 1204; x_wconf 89' lang='lat' dir='ltr'>for·</span> 
     </span>
     <span class='ocr_line' id='line_1_10' title="bbox 104 1236 1303 1325; baseline 0.006 -31"><span class='ocrx_word' id='word_1_80' title='bbox 104 1236 221 1297; x_wconf 72' lang='lat' dir='ltr'>tissime</span> <span class='ocrx_word' id='word_1_81' title='bbox 232 1240 404 1301; x_wconf 89' lang='lat' dir='ltr'>restiterunt</span> <span class='ocrx_word' id='word_1_82' title='bbox 417 1240 518 1322; x_wconf 86' lang='lat' dir='ltr'>aliquo</span> <span class='ocrx_word' id='word_1_83' title='bbox 530 1262 627 1322; x_wconf 84' lang='lat' dir='ltr'>operae</span> <span class='ocrx_word' id='word_1_84' title='bbox 641 1244 753 1323; x_wconf 88' lang='lat' dir='ltr'>precio,</span> <span class='ocrx_word' id='word_1_85' title='bbox 768 1263 839 1303; x_wconf 89' lang='lat' dir='ltr'>nam</span> <span class='ocrx_word' id='word_1_86' title='bbox 853 1253 1051 1325; x_wconf 71' lang='lat' dir='ltr'>praeterquam</span> <span class='ocrx_word' id='word_1_87' title='bbox 1066 1242 1147 1321; x_wconf 92' lang='lat' dir='ltr'>quod</span> <span class='ocrx_word' id='word_1_88' title='bbox 1157 1240 1303 1323; x_wconf 85' lang='lat' dir='ltr'>¹Generali</span> 
     </span>
     <span class='ocr_line' id='line_1_11' title="bbox 103 1332 1303 1419; baseline 0.006 -28"><span class='ocrx_word' id='word_1_89' title='bbox 103 1332 245 1414; x_wconf 87' lang='lat' dir='ltr'>Tupadel</span> <span class='ocrx_word' id='word_1_90' title='bbox 264 1336 401 1407; x_wconf 76' lang='lat' dir='ltr'>basibus,</span> <span class='ocrx_word' id='word_1_91' title='bbox 415 1358 505 1419; x_wconf 88' lang='lat' dir='ltr'>quern</span> <span class='ocrx_word' id='word_1_92' title='bbox 519 1339 691 1400; x_wconf 88' lang='lat' dir='ltr'>officialium</span> <span class='ocrx_word' id='word_1_93' title='bbox 706 1339 882 1399; x_wconf 85' lang='lat' dir='ltr'>militarium</span> <span class='ocrx_word' id='word_1_94' title='bbox 896 1339 1032 1399; x_wconf 90' lang='lat' dir='ltr'>instituto</span> <span class='ocrx_word' id='word_1_95' title='bbox 1046 1338 1184 1398; x_wconf 88' lang='lat' dir='ltr'>manibus</span> <span class='ocrx_word' id='word_1_96' title='bbox 1198 1338 1303 1419; x_wconf 81' lang='lat' dir='ltr'>praeso·</span> 
     </span>
     <span class='ocr_line' id='line_1_12' title="bbox 104 1430 1303 1517; baseline 0.005 -30"><span class='ocrx_word' id='word_1_97' title='bbox 104 1430 204 1504; x_wconf 88' lang='lat' dir='ltr'>rebat,</span> <span class='ocrx_word' id='word_1_98' title='bbox 218 1451 359 1494; x_wconf 87' lang='lat' dir='ltr'>excussus</span> <span class='ocrx_word' id='word_1_99' title='bbox 370 1433 470 1505; x_wconf 88' lang='lat' dir='ltr'>fuerit,</span> <span class='ocrx_word' id='word_1_100' title='bbox 485 1456 641 1516; x_wconf 91' lang='lat' dir='ltr'>supremus</span> <span class='ocrx_word' id='word_1_101' title='bbox 652 1436 773 1517; x_wconf 90' lang='lat' dir='ltr'>insuper</span> <span class='ocrx_word' id='word_1_102' title='bbox 786 1435 899 1517; x_wconf 87' lang='lat' dir='ltr'>vigiliis</span> <span class='ocrx_word' id='word_1_103' title='bbox 912 1436 1069 1516; x_wconf 86' lang='lat' dir='ltr'>praefeotus</span> <span class='ocrx_word' id='word_1_104' title='bbox 1081 1433 1208 1517; x_wconf 81' lang='lat' dir='ltr'>legionis</span> <span class='ocrx_word' id='word_1_105' title='bbox 1220 1433 1303 1495; x_wconf 88' lang='lat' dir='ltr'>Gue-</span> 
     </span>
     <span class='ocr_line' id='line_1_13' title="bbox 104 1526 1303 1612; baseline 0.004 -27"><span class='ocrx_word' id='word_1_106' title='bbox 104 1526 221 1587; x_wconf 85' lang='lat' dir='ltr'>brianae</span> <span class='ocrx_word' id='word_1_107' title='bbox 235 1528 343 1590; x_wconf 77' lang='lat' dir='ltr'>fistulae</span> <span class='ocrx_word' id='word_1_108' title='bbox 360 1531 423 1591; x_wconf 91' lang='lat' dir='ltr'>ictu</span> <span class='ocrx_word' id='word_1_109' title='bbox 441 1532 558 1592; x_wconf 87' lang='lat' dir='ltr'>occisus</span> <span class='ocrx_word' id='word_1_110' title='bbox 576 1541 630 1593; x_wconf 90' lang='lat' dir='ltr'>est.</span> <span class='ocrx_word' id='word_1_111' title='bbox 672 1531 825 1593; x_wconf 82' lang='lat' dir='ltr'>Videbunt</span> <span class='ocrx_word' id='word_1_112' title='bbox 843 1531 964 1592; x_wconf 81' lang='lat' dir='ltr'>interim</span> <span class='ocrx_word' id='word_1_113' title='bbox 980 1531 1101 1605; x_wconf 87' lang='lat' dir='ltr'>obsessi,</span> <span class='ocrx_word' id='word_1_114' title='bbox 1116 1551 1147 1591; x_wconf 90' lang='lat' dir='ltr'>se</span> <span class='ocrx_word' id='word_1_115' title='bbox 1159 1530 1303 1612; x_wconf 91' lang='lat' dir='ltr'>paulatim</span> 
     </span>
     <span class='ocr_line' id='line_1_14' title="bbox 105 1625 1303 1708; baseline 0.002 -25"><span class='ocrx_word' id='word_1_116' title='bbox 105 1634 193 1684; x_wconf 87' lang='lat' dir='ltr'>tanto</span> <span class='ocrx_word' id='word_1_117' title='bbox 213 1625 357 1687; x_wconf 85' lang='lat' dir='ltr'>exercitui</span> <span class='ocrx_word' id='word_1_118' title='bbox 375 1627 593 1702; x_wconf 88' lang='lat' dir='ltr'>succubituros,</span> <span class='ocrx_word' id='word_1_119' title='bbox 613 1638 780 1689; x_wconf 82' lang='lat' dir='ltr'>statuerunt</span> <span class='ocrx_word' id='word_1_120' title='bbox 797 1626 936 1688; x_wconf 88' lang='lat' dir='ltr'>honestas</span> <span class='ocrx_word' id='word_1_121' title='bbox 955 1627 1151 1699; x_wconf 88' lang='lat' dir='ltr'>conditiones,</span> <span class='ocrx_word' id='word_1_122' title='bbox 1171 1647 1246 1708; x_wconf 86' lang='lat' dir='ltr'>quas</span> <span class='ocrx_word' id='word_1_123' title='bbox 1266 1626 1303 1686; x_wconf 89' lang='lat' dir='ltr'>ab</span> 
     </span>
     <span class='ocr_line' id='line_1_15' title="bbox 105 1721 1304 1807; baseline 0.003 -27"><span class='ocrx_word' id='word_1_124' title='bbox 105 1721 315 1783; x_wconf 87' lang='lat' dir='ltr'>obsidentibus</span> <span class='ocrx_word' id='word_1_125' title='bbox 328 1722 385 1783; x_wconf 90' lang='lat' dir='ltr'>sibi</span> <span class='ocrx_word' id='word_1_126' title='bbox 399 1724 526 1784; x_wconf 89' lang='lat' dir='ltr'>concedi</span> <span class='ocrx_word' id='word_1_127' title='bbox 539 1724 738 1805; x_wconf 87' lang='lat' dir='ltr'>postularunt,</span> <span class='ocrx_word' id='word_1_128' title='bbox 751 1745 820 1805; x_wconf 84' lang='lat' dir='ltr'>qnae</span> <span class='ocrx_word' id='word_1_129' title='bbox 836 1744 905 1785; x_wconf 90' lang='lat' dir='ltr'>cum</span> <span class='ocrx_word' id='word_1_130' title='bbox 919 1734 1037 1807; x_wconf 79' lang='lat' dir='ltr'>negatae</span> <span class='ocrx_word' id='word_1_131' title='bbox 1051 1734 1159 1800; x_wconf 89' lang='lat' dir='ltr'>essent,</span> <span class='ocrx_word' id='word_1_132' title='bbox 1174 1724 1304 1785; x_wconf 90' lang='lat' dir='ltr'>obstina-</span> 
     </span>
     <span class='ocr_line' id='line_1_16' title="bbox 105 1819 1303 1902; baseline 0.003 -25"><span class='ocrx_word' id='word_1_133' title='bbox 105 1827 183 1878; x_wconf 86' lang='lat' dir='ltr'>runt</span> <span class='ocrx_word' id='word_1_134' title='bbox 195 1819 234 1880; x_wconf 87' lang='lat' dir='ltr'>sd</span> <span class='ocrx_word' id='word_1_135' title='bbox 247 1829 412 1881; x_wconf 86' lang='lat' dir='ltr'>extremum</span> <span class='ocrx_word' id='word_1_136' title='bbox 424 1831 524 1882; x_wconf 90' lang='lat' dir='ltr'>tenere</span> <span class='ocrx_word' id='word_1_137' title='bbox 541 1822 696 1902; x_wconf 88' lang='lat' dir='ltr'>oppidum,</span> <span class='ocrx_word' id='word_1_138' title='bbox 710 1822 885 1902; x_wconf 89' lang='lat' dir='ltr'>judicantes</span> <span class='ocrx_word' id='word_1_139' title='bbox 901 1821 1006 1883; x_wconf 89' lang='lat' dir='ltr'>melius</span> <span class='ocrx_word' id='word_1_140' title='bbox 1023 1820 1087 1882; x_wconf 84' lang='lat' dir='ltr'>sore</span> <span class='ocrx_word' id='word_1_141' title='bbox 1105 1821 1234 1902; x_wconf 76' lang='lat' dir='ltr'>gloriose</span> <span class='ocrx_word' id='word_1_142' title='bbox 1253 1841 1303 1881; x_wconf 89' lang='lat' dir='ltr'>oc-</span> 
     </span>
     <span class='ocr_line' id='line_1_17' title="bbox 106 1916 686 1999; baseline 0.003 -23"><span class='ocrx_word' id='word_1_143' title='bbox 106 1916 261 1990; x_wconf 87' lang='lat' dir='ltr'>cumbere,</span> <span class='ocrx_word' id='word_1_144' title='bbox 277 1916 367 1996; x_wconf 77' lang='lat' dir='ltr'>qubm</span> <span class='ocrx_word' id='word_1_145' title='bbox 382 1916 582 1999; x_wconf 74' lang='lat' dir='ltr'>ignominiose</span> <span class='ocrx_word' id='word_1_146' title='bbox 595 1918 686 1978; x_wconf 87' lang='lat' dir='ltr'>vinci.</span> 
     </span>
    </p>

    <p class='ocr_par' dir='ltr' id='par_1_3' title="bbox 107 2012 1306 2872">
     <span class='ocr_line' id='line_1_18' title="bbox 152 2012 1305 2095; baseline 0.003 -23"><span class='ocrx_word' id='word_1_147' title='bbox 152 2012 243 2073; x_wconf 85' lang='lat' dir='ltr'>Sexta</span> <span class='ocrx_word' id='word_1_148' title='bbox 261 2014 405 2095; x_wconf 76' lang='lat' dir='ltr'>agebatur</span> <span class='ocrx_word' id='word_1_149' title='bbox 424 2012 502 2074; x_wconf 87' lang='lat' dir='ltr'>Maii</span> <span class='ocrx_word' id='word_1_150' title='bbox 521 2015 643 2094; x_wconf 89' lang='lat' dir='ltr'>quando</span> <span class='ocrx_word' id='word_1_151' title='bbox 665 2014 986 2076; x_wconf 89' lang='lat' dir='ltr'>Gallo-Wimarienses</span> <span class='ocrx_word' id='word_1_152' title='bbox 1003 2013 1232 2075; x_wconf 85' lang='lat' dir='ltr'>furiosissimum</span> <span class='ocrx_word' id='word_1_153' title='bbox 1253 2016 1305 2076; x_wconf 92' lang='lat' dir='ltr'>de·</span> 
     </span>
     <span class='ocr_line' id='line_1_19' title="bbox 107 2109 1305 2192; baseline 0.003 -24"><span class='ocrx_word' id='word_1_154' title='bbox 107 2109 221 2169; x_wconf 90' lang='lat' dir='ltr'>derunt</span> <span class='ocrx_word' id='word_1_155' title='bbox 233 2109 389 2183; x_wconf 87' lang='lat' dir='ltr'>assultum,</span> <span class='ocrx_word' id='word_1_156' title='bbox 404 2110 458 2170; x_wconf 93' lang='lat' dir='ltr'>sed</span> <span class='ocrx_word' id='word_1_157' title='bbox 471 2130 541 2170; x_wconf 85' lang='lat' dir='ltr'>curn</span> <span class='ocrx_word' id='word_1_158' title='bbox 555 2110 665 2171; x_wconf 86' lang='lat' dir='ltr'>damno</span> <span class='ocrx_word' id='word_1_159' title='bbox 679 2111 790 2192; x_wconf 91' lang='lat' dir='ltr'>repulsi</span> <span class='ocrx_word' id='word_1_160' title='bbox 803 2125 884 2181; x_wconf 89' lang='lat' dir='ltr'>sunt,</span> <span class='ocrx_word' id='word_1_161' title='bbox 898 2131 957 2192; x_wconf 91' lang='lat' dir='ltr'>quo</span> <span class='ocrx_word' id='word_1_162' title='bbox 972 2112 1050 2171; x_wconf 83' lang='lat' dir='ltr'>facto</span> <span class='ocrx_word' id='word_1_163' title='bbox 1061 2110 1172 2170; x_wconf 88' lang='lat' dir='ltr'>obsessi</span> <span class='ocrx_word' id='word_1_164' title='bbox 1182 2109 1305 2191; x_wconf 91' lang='lat' dir='ltr'>iusuper</span> 
     </span>
     <span class='ocr_line' id='line_1_20' title="bbox 107 2205 1305 2289; baseline 0 -24"><span class='ocrx_word' id='word_1_165' title='bbox 107 2226 222 2287; x_wconf 87' lang='lat' dir='ltr'>magno</span> <span class='ocrx_word' id='word_1_166' title='bbox 236 2227 361 2268; x_wconf 88' lang='lat' dir='ltr'>numero</span> <span class='ocrx_word' id='word_1_167' title='bbox 375 2218 538 2289; x_wconf 88' lang='lat' dir='ltr'>eruperunt</span> <span class='ocrx_word' id='word_1_168' title='bbox 553 2208 585 2267; x_wconf 92' lang='lat' dir='ltr'>in</span> <span class='ocrx_word' id='word_1_169' title='bbox 599 2208 725 2282; x_wconf 90' lang='lat' dir='ltr'>bostem,</span> <span class='ocrx_word' id='word_1_170' title='bbox 741 2208 903 2289; x_wconf 89' lang='lat' dir='ltr'>multisque</span> <span class='ocrx_word' id='word_1_171' title='bbox 917 2207 1013 2279; x_wconf 87' lang='lat' dir='ltr'>eaesis,</span> <span class='ocrx_word' id='word_1_172' title='bbox 1027 2205 1143 2287; x_wconf 84' lang='lat' dir='ltr'>aliquot</span> <span class='ocrx_word' id='word_1_173' title='bbox 1155 2225 1227 2265; x_wconf 89' lang='lat' dir='ltr'>vasa</span> <span class='ocrx_word' id='word_1_174' title='bbox 1239 2205 1305 2287; x_wconf 91' lang='lat' dir='ltr'>pul·</span> 
     </span>
     <span class='ocr_line' id='line_1_21' title="bbox 108 2302 1306 2387; baseline -0.002 -22"><span class='ocrx_word' id='word_1_175' title='bbox 108 2324 182 2365; x_wconf 87' lang='lat' dir='ltr'>vere</span> <span class='ocrx_word' id='word_1_176' title='bbox 191 2303 277 2385; x_wconf 83' lang='lat' dir='ltr'>pyrio</span> <span class='ocrx_word' id='word_1_177' title='bbox 286 2312 394 2365; x_wconf 90' lang='lat' dir='ltr'>onusta</span> <span class='ocrx_word' id='word_1_178' title='bbox 403 2305 595 2366; x_wconf 77' lang='lat' dir='ltr'>commodum</span> <span class='ocrx_word' id='word_1_179' title='bbox 605 2304 773 2366; x_wconf 91' lang='lat' dir='ltr'>intulerunt</span> <span class='ocrx_word' id='word_1_180' title='bbox 784 2305 816 2365; x_wconf 93' lang='lat' dir='ltr'>in</span> <span class='ocrx_word' id='word_1_181' title='bbox 828 2304 983 2387; x_wconf 91' lang='lat' dir='ltr'>oppidum.</span> <span class='ocrx_word' id='word_1_182' title='bbox 1025 2302 1145 2364; x_wconf 90' lang='lat' dir='ltr'>Dehinc</span> <span class='ocrx_word' id='word_1_183' title='bbox 1159 2303 1306 2364; x_wconf 85' lang='lat' dir='ltr'>cuniculis</span> 
     </span>
     <span class='ocr_line' id='line_1_22' title="bbox 108 2401 1305 2483; baseline -0.001 -20"><span class='ocrx_word' id='word_1_184' title='bbox 108 2413 223 2477; x_wconf 84' lang='lat' dir='ltr'>actum,</span> <span class='ocrx_word' id='word_1_185' title='bbox 239 2423 274 2462; x_wconf 86' lang='lat' dir='ltr'>ac</span> <span class='ocrx_word' id='word_1_186' title='bbox 288 2402 405 2463; x_wconf 84' lang='lat' dir='ltr'>decima</span> <span class='ocrx_word' id='word_1_187' title='bbox 420 2402 497 2463; x_wconf 88' lang='lat' dir='ltr'>Maii</span> <span class='ocrx_word' id='word_1_188' title='bbox 510 2403 626 2483; x_wconf 87' lang='lat' dir='ltr'>primus</span> <span class='ocrx_word' id='word_1_189' title='bbox 640 2423 800 2464; x_wconf 86' lang='lat' dir='ltr'>succensus</span> <span class='ocrx_word' id='word_1_190' title='bbox 814 2413 870 2477; x_wconf 89' lang='lat' dir='ltr'>est,</span> <span class='ocrx_word' id='word_1_191' title='bbox 885 2403 938 2483; x_wconf 90' lang='lat' dir='ltr'>qui</span> <span class='ocrx_word' id='word_1_192' title='bbox 958 2403 1064 2462; x_wconf 89' lang='lat' dir='ltr'>rimam</span> <span class='ocrx_word' id='word_1_193' title='bbox 1079 2401 1204 2483; x_wconf 85' lang='lat' dir='ltr'>triginta</span> <span class='ocrx_word' id='word_1_194' title='bbox 1217 2402 1305 2464; x_wconf 75' lang='lat' dir='ltr'>facile</span> 
     </span>
     <span class='ocr_line' id='line_1_23' title="bbox 108 2498 1305 2580; baseline 0 -20"><span class='ocrx_word' id='word_1_195' title='bbox 108 2501 224 2580; x_wconf 91' lang='lat' dir='ltr'>pedum</span> <span class='ocrx_word' id='word_1_196' title='bbox 242 2504 369 2580; x_wconf 89' lang='lat' dir='ltr'>aperuit,</span> <span class='ocrx_word' id='word_1_197' title='bbox 388 2519 458 2559; x_wconf 89' lang='lat' dir='ltr'>eum</span> <span class='ocrx_word' id='word_1_198' title='bbox 475 2498 546 2560; x_wconf 79' lang='lat' dir='ltr'>verb</span> <span class='ocrx_word' id='word_1_199' title='bbox 565 2498 660 2560; x_wconf 88' lang='lat' dir='ltr'>hiatui</span> <span class='ocrx_word' id='word_1_200' title='bbox 676 2500 787 2560; x_wconf 87' lang='lat' dir='ltr'>obsessi</span> <span class='ocrx_word' id='word_1_201' title='bbox 806 2499 1013 2580; x_wconf 89' lang='lat' dir='ltr'>opposuissent</span> <span class='ocrx_word' id='word_1_202' title='bbox 1027 2518 1128 2579; x_wconf 88' lang='lat' dir='ltr'>sepem</span> <span class='ocrx_word' id='word_1_203' title='bbox 1146 2499 1236 2558; x_wconf 89' lang='lat' dir='ltr'>etiam</span> <span class='ocrx_word' id='word_1_204' title='bbox 1252 2499 1305 2560; x_wconf 92' lang='lat' dir='ltr'>illo</span> 
     </span>
     <span class='ocr_line' id='line_1_24' title="bbox 109 2595 1304 2676; baseline 0 -20"><span class='ocrx_word' id='word_1_205' title='bbox 109 2597 227 2676; x_wconf 88' lang='lat' dir='ltr'>impetn</span> <span class='ocrx_word' id='word_1_206' title='bbox 240 2597 311 2656; x_wconf 84' lang='lat' dir='ltr'>caesi</span> <span class='ocrx_word' id='word_1_207' title='bbox 324 2606 396 2656; x_wconf 86' lang='lat' dir='ltr'>sunt</span> <span class='ocrx_word' id='word_1_208' title='bbox 416 2595 612 2670; x_wconf 79' lang='lat' dir='ltr'>incurrentes,</span> <span class='ocrx_word' id='word_1_209' title='bbox 627 2595 802 2656; x_wconf 87' lang='lat' dir='ltr'>desideratis</span> <span class='ocrx_word' id='word_1_210' title='bbox 821 2615 944 2656; x_wconf 89' lang='lat' dir='ltr'>suorum</span> <span class='ocrx_word' id='word_1_211' title='bbox 959 2596 1122 2675; x_wconf 87' lang='lat' dir='ltr'>octoginta,</span> <span class='ocrx_word' id='word_1_212' title='bbox 1137 2596 1216 2656; x_wconf 87' lang='lat' dir='ltr'>inter</span> <span class='ocrx_word' id='word_1_213' title='bbox 1228 2616 1304 2676; x_wconf 90' lang='lat' dir='ltr'>quos</span> 
     </span>
     <span class='ocr_line' id='line_1_25' title="bbox 111 2692 1305 2775; baseline -0.002 -21"><span class='ocrx_word' id='word_1_214' title='bbox 111 2695 174 2754; x_wconf 91' lang='lat' dir='ltr'>duo</span> <span class='ocrx_word' id='word_1_215' title='bbox 193 2694 392 2754; x_wconf 89' lang='lat' dir='ltr'>centuriones.</span> <span class='ocrx_word' id='word_1_216' title='bbox 434 2692 518 2765; x_wconf 84' lang='lat' dir='ltr'>Quin</span> <span class='ocrx_word' id='word_1_217' title='bbox 539 2701 570 2753; x_wconf 88' lang='lat' dir='ltr'>et</span> <span class='ocrx_word' id='word_1_218' title='bbox 588 2692 665 2752; x_wconf 87' lang='lat' dir='ltr'>alius</span> <span class='ocrx_word' id='word_1_219' title='bbox 685 2693 806 2775; x_wconf 90' lang='lat' dir='ltr'>iusuper</span> <span class='ocrx_word' id='word_1_220' title='bbox 827 2692 1021 2774; x_wconf 71' lang='lat' dir='ltr'>capitaneus,</span> <span class='ocrx_word' id='word_1_221' title='bbox 1043 2692 1113 2753; x_wconf 85' lang='lat' dir='ltr'>edm</span> <span class='ocrx_word' id='word_1_222' title='bbox 1133 2692 1172 2752; x_wconf 91' lang='lat' dir='ltr'>ad</span> <span class='ocrx_word' id='word_1_223' title='bbox 1193 2692 1305 2753; x_wconf 87' lang='lat' dir='ltr'>moeuia</span> 
     </span>
     <span class='ocr_line' id='line_1_26' title="bbox 111 2788 940 2872; baseline -0.002 -22"><span class='ocrx_word' id='word_1_224' title='bbox 111 2790 235 2872; x_wconf 76' lang='lat' dir='ltr'>propius</span> <span class='ocrx_word' id='word_1_225' title='bbox 249 2789 429 2862; x_wconf 80' lang='lat' dir='ltr'>accessisset,</span> <span class='ocrx_word' id='word_1_226' title='bbox 443 2788 616 2870; x_wconf 85' lang='lat' dir='ltr'>praegrsndi</span> <span class='ocrx_word' id='word_1_227' title='bbox 629 2808 700 2848; x_wconf 84' lang='lat' dir='ltr'>saxo</span> <span class='ocrx_word' id='word_1_228' title='bbox 713 2808 871 2869; x_wconf 89' lang='lat' dir='ltr'>oppressus</span> <span class='ocrx_word' id='word_1_229' title='bbox 885 2801 940 2849; x_wconf 89' lang='lat' dir='ltr'>est.</span> 
     </span>
    </p>

    <p class='ocr_par' dir='ltr' id='par_1_4' title="bbox 111 2883 1309 3738">
     <span class='ocr_line' id='line_1_27' title="bbox 155 2883 1306 2966; baseline -0.002 -19"><span class='ocrx_word' id='word_1_230' title='bbox 155 2885 299 2947; x_wconf 91' lang='lat' dir='ltr'>Nondum</span> <span class='ocrx_word' id='word_1_231' title='bbox 313 2884 428 2945; x_wconf 85' lang='lat' dir='ltr'>destitit</span> <span class='ocrx_word' id='word_1_232' title='bbox 446 2884 540 2944; x_wconf 88' lang='lat' dir='ltr'>bostis</span> <span class='ocrx_word' id='word_1_233' title='bbox 557 2884 690 2945; x_wconf 87' lang='lat' dir='ltr'>obsessos</span> <span class='ocrx_word' id='word_1_234' title='bbox 708 2895 807 2965; x_wconf 86' lang='lat' dir='ltr'>petere</span> <span class='ocrx_word' id='word_1_235' title='bbox 814 2907 825 2958; x_wconf 83' lang='lat'>,-</span> <span class='ocrx_word' id='word_1_236' title='bbox 847 2893 936 2945; x_wconf 90' lang='lat' dir='ltr'>nocte</span> <span class='ocrx_word' id='word_1_237' title='bbox 953 2883 1033 2944; x_wconf 89' lang='lat' dir='ltr'>enim</span> <span class='ocrx_word' id='word_1_238' title='bbox 1048 2883 1226 2966; x_wconf 88' lang='lat' dir='ltr'>intempesta</span> <span class='ocrx_word' id='word_1_239' title='bbox 1239 2903 1306 2964; x_wconf 83' lang='lat' dir='ltr'>quoe</span> 
     </span>
     <span class='ocr_line' id='line_1_28' title="bbox 112 2980 1307 3061; baseline -0.003 -17"><span class='ocrx_word' id='word_1_240' title='bbox 112 2983 303 3044; x_wconf 89' lang='lat' dir='ltr'>undecimam</span> <span class='ocrx_word' id='word_1_241' title='bbox 320 2980 397 3041; x_wconf 86' lang='lat' dir='ltr'>Maii</span> <span class='ocrx_word' id='word_1_242' title='bbox 414 2990 517 3042; x_wconf 87' lang='lat' dir='ltr'>secuta</span> <span class='ocrx_word' id='word_1_243' title='bbox 534 2990 579 3041; x_wconf 89' lang='lat' dir='ltr'>est</span> <span class='ocrx_word' id='word_1_244' title='bbox 595 2980 820 3061; x_wconf 89' lang='lat' dir='ltr'>impressionem</span> <span class='ocrx_word' id='word_1_245' title='bbox 834 2999 943 3040; x_wconf 87' lang='lat' dir='ltr'>norum</span> <span class='ocrx_word' id='word_1_246' title='bbox 958 2980 1123 3040; x_wconf 85' lang='lat' dir='ltr'>adornavit.</span> <span class='ocrx_word' id='word_1_247' title='bbox 1166 2980 1307 3061; x_wconf 86' lang='lat' dir='ltr'>Datoque</span> 
     </span>
     <span class='ocr_line' id='line_1_29' title="bbox 112 3075 1306 3161; baseline -0.003 -21"><span class='ocrx_word' id='word_1_248' title='bbox 112 3080 201 3161; x_wconf 89' lang='lat' dir='ltr'>signo</span> <span class='ocrx_word' id='word_1_249' title='bbox 210 3077 328 3139; x_wconf 83' lang='lat' dir='ltr'>evocati</span> <span class='ocrx_word' id='word_1_250' title='bbox 338 3076 446 3137; x_wconf 89' lang='lat' dir='ltr'>milites</span> <span class='ocrx_word' id='word_1_251' title='bbox 456 3088 672 3137; x_wconf 89' lang='lat' dir='ltr'>concurrerunt</span> <span class='ocrx_word' id='word_1_252' title='bbox 684 3077 715 3136; x_wconf 93' lang='lat' dir='ltr'>in</span> <span class='ocrx_word' id='word_1_253' title='bbox 727 3075 843 3150; x_wconf 86' lang='lat' dir='ltr'>eastris,</span> <span class='ocrx_word' id='word_1_254' title='bbox 855 3077 895 3137; x_wconf 89' lang='lat' dir='ltr'>ad</span> <span class='ocrx_word' id='word_1_255' title='bbox 903 3095 994 3156; x_wconf 89' lang='lat' dir='ltr'>quem</span> <span class='ocrx_word' id='word_1_256' title='bbox 1004 3075 1227 3156; x_wconf 89' lang='lat' dir='ltr'>reprimendum</span> <span class='ocrx_word' id='word_1_257' title='bbox 1237 3077 1306 3137; x_wconf 82' lang='lat' dir='ltr'>edm</span> 
     </span>
     <span class='ocr_line' id='line_1_30' title="bbox 112 3172 1306 3253; baseline -0.001 -16"><span class='ocrx_word' id='word_1_258' title='bbox 112 3176 229 3237; x_wconf 82' lang='lat' dir='ltr'>viribus</span> <span class='ocrx_word' id='word_1_259' title='bbox 244 3175 306 3235; x_wconf 88' lang='lat' dir='ltr'>suis</span> <span class='ocrx_word' id='word_1_260' title='bbox 325 3172 496 3234; x_wconf 90' lang='lat' dir='ltr'>diffiderent</span> <span class='ocrx_word' id='word_1_261' title='bbox 517 3173 634 3244; x_wconf 85' lang='lat' dir='ltr'>urbani,</span> <span class='ocrx_word' id='word_1_262' title='bbox 655 3173 771 3234; x_wconf 87' lang='lat' dir='ltr'>aedibus</span> <span class='ocrx_word' id='word_1_263' title='bbox 790 3172 972 3253; x_wconf 89' lang='lat' dir='ltr'>quibusdam</span> <span class='ocrx_word' id='word_1_264' title='bbox 992 3173 1152 3244; x_wconf 89' lang='lat' dir='ltr'>succensis,</span> <span class='ocrx_word' id='word_1_265' title='bbox 1173 3194 1211 3234; x_wconf 92' lang='lat' dir='ltr'>ne</span> <span class='ocrx_word' id='word_1_266' title='bbox 1230 3174 1306 3236; x_wconf 89' lang='lat' dir='ltr'>hosti</span> 
     </span>
     <span class='ocr_line' id='line_1_31' title="bbox 113 3268 1306 3351; baseline -0.002 -17"><span class='ocrx_word' id='word_1_267' title='bbox 113 3275 195 3334; x_wconf 87' lang='lat' dir='ltr'>iutra</span> <span class='ocrx_word' id='word_1_268' title='bbox 217 3271 326 3333; x_wconf 85' lang='lat' dir='ltr'>moenia</span> <span class='ocrx_word' id='word_1_269' title='bbox 352 3269 548 3331; x_wconf 87' lang='lat' dir='ltr'>habitationes</span> <span class='ocrx_word' id='word_1_270' title='bbox 569 3269 782 3350; x_wconf 87' lang='lat' dir='ltr'>relinquerent,</span> <span class='ocrx_word' id='word_1_271' title='bbox 808 3269 848 3331; x_wconf 85' lang='lat' dir='ltr'>ad</span> <span class='ocrx_word' id='word_1_272' title='bbox 871 3268 1130 3350; x_wconf 87' lang='lat' dir='ltr'>propugnaculum</span> <span class='ocrx_word' id='word_1_273' title='bbox 1153 3269 1306 3351; x_wconf 88' lang='lat' dir='ltr'>quoddam</span> 
     </span>
     <span class='ocr_line' id='line_1_32' title="bbox 111 3364 1308 3451; baseline -0.001 -21"><span class='ocrx_word' id='word_1_274' title='bbox 111 3370 196 3451; x_wconf 91' lang='lat' dir='ltr'>quod</span> <span class='ocrx_word' id='word_1_275' title='bbox 208 3368 288 3430; x_wconf 88' lang='lat' dir='ltr'>intra</span> <span class='ocrx_word' id='word_1_276' title='bbox 300 3387 399 3429; x_wconf 88' lang='lat' dir='ltr'>urcem</span> <span class='ocrx_word' id='word_1_277' title='bbox 409 3377 439 3427; x_wconf 93' lang='lat' dir='ltr'>et</span> <span class='ocrx_word' id='word_1_278' title='bbox 452 3366 556 3426; x_wconf 89' lang='lat' dir='ltr'>urbem</span> <span class='ocrx_word' id='word_1_279' title='bbox 571 3364 602 3426; x_wconf 91' lang='lat' dir='ltr'>in</span> <span class='ocrx_word' id='word_1_280' title='bbox 614 3377 756 3427; x_wconf 88' lang='lat' dir='ltr'>eventum</span> <span class='ocrx_word' id='word_1_281' title='bbox 768 3366 986 3439; x_wconf 81' lang='lat' dir='ltr'>excitaverant,</span> <span class='ocrx_word' id='word_1_282' title='bbox 1001 3385 1032 3426; x_wconf 89' lang='lat' dir='ltr'>se</span> <span class='ocrx_word' id='word_1_283' title='bbox 1046 3375 1243 3444; x_wconf 84' lang='lat' dir='ltr'>retraxerunt,</span> <span class='ocrx_word' id='word_1_284' title='bbox 1255 3369 1308 3429; x_wconf 88' lang='lat' dir='ltr'>sed</span> 
     </span>
     <span class='ocr_line' id='line_1_33' title="bbox 112 3461 1308 3544; baseline -0.002 -16"><span class='ocrx_word' id='word_1_285' title='bbox 112 3468 183 3528; x_wconf 85' lang='lat' dir='ltr'>cbm</span> <span class='ocrx_word' id='word_1_286' title='bbox 198 3486 254 3526; x_wconf 88' lang='lat' dir='ltr'>nec</span> <span class='ocrx_word' id='word_1_287' title='bbox 267 3464 335 3526; x_wconf 87' lang='lat' dir='ltr'>istie</span> <span class='ocrx_word' id='word_1_288' title='bbox 353 3463 465 3524; x_wconf 90' lang='lat' dir='ltr'>securis</span> <span class='ocrx_word' id='word_1_289' title='bbox 481 3483 544 3523; x_wconf 90' lang='lat' dir='ltr'>esse</span> <span class='ocrx_word' id='word_1_290' title='bbox 563 3461 677 3536; x_wconf 89' lang='lat' dir='ltr'>liceret,</span> <span class='ocrx_word' id='word_1_291' title='bbox 692 3482 782 3544; x_wconf 91' lang='lat' dir='ltr'>porro</span> <span class='ocrx_word' id='word_1_292' title='bbox 796 3463 828 3522; x_wconf 92' lang='lat' dir='ltr'>in</span> <span class='ocrx_word' id='word_1_293' title='bbox 847 3481 947 3522; x_wconf 86' lang='lat' dir='ltr'>arcem</span> <span class='ocrx_word' id='word_1_294' title='bbox 967 3464 1079 3542; x_wconf 90' lang='lat' dir='ltr'>recepti</span> <span class='ocrx_word' id='word_1_295' title='bbox 1093 3472 1173 3534; x_wconf 88' lang='lat' dir='ltr'>sunt,</span> <span class='ocrx_word' id='word_1_296' title='bbox 1187 3464 1308 3526; x_wconf 85' lang='lat' dir='ltr'>scinde</span> 
     </span>
     <span class='ocr_line' id='line_1_34' title="bbox 112 3557 1309 3642; baseline -0.002 -18"><span class='ocrx_word' id='word_1_297' title='bbox 112 3564 230 3625; x_wconf 89' lang='lat' dir='ltr'>bostem</span> <span class='ocrx_word' id='word_1_298' title='bbox 243 3561 329 3622; x_wconf 84' lang='lat' dir='ltr'>novis</span> <span class='ocrx_word' id='word_1_299' title='bbox 338 3561 498 3642; x_wconf 85' lang='lat' dir='ltr'>aggeribus</span> <span class='ocrx_word' id='word_1_300' title='bbox 509 3559 648 3620; x_wconf 89' lang='lat' dir='ltr'>eruendis</span> <span class='ocrx_word' id='word_1_301' title='bbox 656 3569 846 3640; x_wconf 84' lang='lat' dir='ltr'>occupatum,</span> <span class='ocrx_word' id='word_1_302' title='bbox 859 3558 980 3619; x_wconf 77' lang='lat' dir='ltr'>tertium</span> <span class='ocrx_word' id='word_1_303' title='bbox 991 3557 1215 3632; x_wconf 84' lang='lat' dir='ltr'>lacessiverunt,</span> <span class='ocrx_word' id='word_1_304' title='bbox 1226 3569 1309 3623; x_wconf 86' lang='lat' dir='ltr'>tanta</span> 
     </span>
     <span class='ocr_line' id='line_1_35' title="bbox 113 3655 1307 3738; baseline -0.002 -15"><span class='ocrx_word' id='word_1_305' title='bbox 113 3662 237 3735; x_wconf 88' lang='lat' dir='ltr'>virtute,</span> <span class='ocrx_word' id='word_1_306' title='bbox 260 3668 295 3719; x_wconf 92' lang='lat' dir='ltr'>ut</span> <span class='ocrx_word' id='word_1_307' title='bbox 315 3659 414 3720; x_wconf 91' lang='lat' dir='ltr'>denuo</span> <span class='ocrx_word' id='word_1_308' title='bbox 432 3657 543 3738; x_wconf 93' lang='lat' dir='ltr'>oppido</span> <span class='ocrx_word' id='word_1_309' title='bbox 564 3655 744 3737; x_wconf 89' lang='lat' dir='ltr'>pepulerint.</span> <span class='ocrx_word' id='word_1_310' title='bbox 787 3655 922 3736; x_wconf 87' lang='lat' dir='ltr'>Septima</span> <span class='ocrx_word' id='word_1_311' title='bbox 943 3657 1061 3718; x_wconf 89' lang='lat' dir='ltr'>decima</span> <span class='ocrx_word' id='word_1_312' title='bbox 1080 3657 1169 3733; x_wconf 86' lang='lat' dir='ltr'>Maii,</span> <span class='ocrx_word' id='word_1_313' title='bbox 1196 3659 1307 3721; x_wconf 89' lang='lat' dir='ltr'>Hasso-</span> 
     </span>
    </p>
   </div>
   <div class='ocr_carea' id='block_1_3' title="bbox 0 0 1629 4700">
    <p class='ocr_par' dir='ltr' id='par_1_5' title="bbox 0 0 1629 4700">
     <span class='ocr_line' id='line_1_36' title="bbox 0 0 1629 4700; baseline 0 0"><span class='ocrx_word' id='word_1_314' title='bbox 0 0 1629 4700; x_wconf 95' lang='lat' dir='ltr'> </span> 
     </span>
    </p>
   </div>
  </div>
 </body>
</html>
