3225 4700
350 348 413 411 206
747 344 767 409 Ι
774 342 1050 412 TINERARI
1057 344 1140 411 UM.

388 500 450 563 IX.
474 499 608 583 Septimo
620 500 739 563 decimo
750 501 891 564 Octobrla
901 502 1012 565 Comae
1021 501 1145 583 quidam
1159 502 1282 563 natione
1294 500 1482 585 Hungarua
1493 522 1568 564 cnm

345 597 518 681 quingentis
538 596 689 679 equitibua
707 598 811 680 Praga
827 598 1000 668 dimittitur,
1014 608 1048 659 nt
1060 599 1099 661 de
1112 598 1212 660 Sneco
1228 598 1311 661 clraa
1331 600 1566 661 Brundusium

346 705 452 778 agenta
464 704 547 757 certa
556 694 714 779 indagaret
723 702 753 757 et
761 694 884 757 referret
892 696 933 759 ad
942 696 1107 757 exercitum
1119 704 1256 757 noatrnm
1268 695 1378 757 nuncia
1390 717 1401 756 a
1423 695 1490 757 laic
1503 718 1565 758 nou

345 792 441 854 multo
454 800 520 873 past
532 809 682 874 macetum
696 810 784 853 auum
799 790 971 853 afluadlcia
986 791 1162 857 ranunculis
1175 792 1402 867 circundantur,
1418 812 1465 853 ac
1481 814 1565 873 aquo

346 889 377 950 in
399 888 474 971 tuga
494 888 670 961 collabente,
691 888 729 949 ab
751 886 835 949 hoate
854 887 1055 969 intercipitur,
1077 888 1142 971 ipae
1163 908 1234 954 raro
1253 888 1385 951 libertati
1409 900 1563 951 anaema

344 985 548 1066 captivitatem
562 984 672 1067 aegrius
684 984 783 1045 serena
796 983 892 1045 multo
905 994 1016 1046 conatu
1029 985 1202 1067 captivitate
1211 1004 1244 1047 aa
1256 984 1399 1066 expedire
1409 986 1457 1048 ad
1472 986 1560 1046 labo-

343 1090 399 1156 rat,
423 1101 551 1162 cumque
572 1100 632 1143 non
654 1081 714 1142 niai
737 1089 852 1142 armata
872 1100 964 1143 mauu
984 1080 1018 1142 id
1037 1081 1165 1143 obtineri
1185 1101 1272 1163 poaae
1290 1082 1419 1157 rideret,
1440 1083 1554 1145 caeaim

342 1178 478 1260 punctim
492 1196 551 1258 quo
564 1196 652 1239 anana
664 1176 776 1238 tbrebat
792 1177 825 1237 iu
844 1176 949 1242 obvios
965 1177 1030 1239 alne
1047 1177 1222 1239 discrimina
1242 1178 1338 1254 eavit,
1361 1178 1405 1240 ita
1422 1189 1465 1240 nt
1488 1180 1555 1260 ipae

342 1276 472 1357 denique
485 1286 596 1357 septem
611 1274 708 1356 plagia
720 1274 840 1335 nucina
852 1274 986 1338 animone
999 1274 1174 1337 conciderit
1210 1274 1287 1358 Ejua
1300 1275 1434 1337 cadaver
1450 1276 1493 1337 H
1494 1298 1554 1337 un·

341 1372 406 1455 gari
421 1372 470 1432 vel
482 1390 538 1432 auo
555 1370 645 1431 etiam
667 1370 814 1451 sangnine
830 1369 1039 1432 redimendum
1055 1378 1208 1452 putarunt,
1222 1371 1378 1452 quocirca
1394 1382 1554 1433 renovato

340 1468 446 1551 praelio
467 1487 522 1550 pra
546 1466 690 1528 Ductonia
711 1467 757 1527 aui
781 1465 898 1528 exuviia
920 1467 1016 1533 multo
1039 1487 1161 1529 auorum
1182 1468 1329 1551 sanguiue
1349 1468 1552 1551 depugnant,

339 1565 440 1647 quoad
462 1564 583 1625 tandem
603 1564 640 1624 ab
663 1562 747 1625 hosta
768 1571 955 1625 extonemnt
976 1584 1014 1625 ex
1036 1564 1136 1625 anime
1154 1584 1274 1646 corpua,
1297 1564 1380 1645 quod
1402 1564 1549 1646 Pragam

338 1682 441 1723 aecum
455 1661 653 1733 abduxerunt,
667 1679 703 1721 aa
717 1660 932 1741 perhonorifice
946 1669 981 1722 nt
992 1662 1093 1722 virum
1105 1659 1280 1723 bellicoaum
1294 1661 1421 1723 decebat
1437 1662 1550 1744 aepul-

340 1757 412 1821 chro
426 1755 601 1819 intulerunt.

380 1853 422 1916 X.
447 1853 517 1914 Hoc
531 1853 637 1914 eodem
650 1873 752 1919 manae
769 1853 939 1935 gravlaalml
959 1863 1058 1915 motua
1076 1854 1154 1916 inter
1171 1854 1289 1937 Angloa
1302 1864 1333 1917 et
1346 1854 1450 1917 Scotoa
1464 1853 1546 1937 glis·

339 1959 422 2027 cunt,
443 1950 481 2011 ob
498 1950 681 2011 ceremoniae
694 1951 840 2031 quaedam
859 1950 1085 2012 Ecclesiasticaa
1101 1950 1151 2012 vel
1172 1951 1359 2013 innovandae
1377 1951 1427 2012 vel
1446 1952 1541 2012 abro-

338 2047 471 2131 gandaa3
492 2046 544 2127 qui
564 2044 753 2108 hauddubie
773 2064 829 2108 auo
850 2054 983 2128 tempore
1004 2047 1037 2108 in
1059 2048 1243 2130 apertissima
1259 2057 1291 2109 et
1310 2056 1434 2128 cruenta
1453 2048 1540 2109 bella

339 2143 479 2206 videntur
500 2142 644 2223 erupturi.
687 2142 770 2203 Santi
791 2142 871 2223 typia
895 2142 1029 2225 diploma
1049 2143 1229 2226 evulgarunt
1250 2164 1312 2225 quo
1334 2144 1391 2206 eibi
1411 2144 1538 2225 atriaque

339 2241 426 2302 raban
439 2238 563 2321 pallium
580 2241 791 2321 praetexebant,
805 2239 829 2299 J
831 2239 1022 2321 notitiamque
1036 2240 1095 2301 eibi
1112 2241 1348 2321 patrocinantem
1365 2240 1467 2303 multia
1484 2262 1537 2303 ar·

339 2338 489 2422 guarentie
501 2338 701 2402 adducebant.
723 2336 839 2400 Contra
851 2357 922 2398 vero
932 2337 1104 2420 Anglorum
1113 2338 1181 2400 Rex
1195 2338 1413 2402 minaciaaimaa
1422 2361 1533 2422 eaeque

338 2445 472 2517 patentes
487 2434 600 2498 litterae
617 2433 727 2515 paeaim
746 2435 829 2517 affigi
849 2435 929 2511 fecit,
944 2435 1053 2515 quibua
1069 2435 1227 2497 Saoterum
1244 2437 1435 2499 rebellionem
1451 2437 1532 2498 aerio

338 2531 546 2614 exaggerabat,
561 2551 684 2612 reosque
695 2529 841 2593 Criminis
856 2531 950 2592 Laeaae
960 2530 1130 2613 Majeatatia
1141 2531 1249 2614 Regiae
1257 2534 1443 2596 adducebat:
1464 2554 1531 2594 om-

338 2649 391 2690 nea
410 2647 499 2708 porro
520 2627 679 2709 Principes
699 2637 729 2688 et
749 2637 842 2690 statua
862 2629 1073 2716 obteatabatna,
1091 2649 1129 2690 ne
1143 2628 1162 2690 lt
1174 2649 1230 2694 auo
1243 2631 1340 2711 capite
1354 2629 1528 2692 diaaidentia

338 2725 471 2787 membra
483 2725 631 2800 audirent,
646 2723 742 2785 autin
758 2745 790 2786 ra
804 2723 909 2805 iniqua
921 2725 960 2786 ila
972 2724 1084 2785 auxilio
1097 2725 1244 2788 adamant.

378 2821 439 2883 XI.
462 2821 569 2883 Menae
580 2820 746 2883 Novembri
760 2821 977 2883 illuatriaaimua
990 2820 1138 2902 Princepa
1150 2843 1186 2882 aa
1198 2821 1348 2888 Dominae
1357 2822 1396 2884 do
1406 2821 1524 2905 Fggau·

335 2919 410 3002 berg
417 2917 606 2980 matrimonio
614 2917 671 2978 aibi
677 2917 782 2998 junxit
792 2917 978 2980 Marchionia
987 2919 1152 2981 (lbriatiaui
1161 2919 1387 2981 Culmbaeenaia
1399 2919 1522 2982 Filiam:

340 3015 513 3096 Sponaaque
528 3033 565 3074 eo
580 3021 712 3096 tempore
726 3013 899 3075 Ratiabonae
913 3015 1076 3095 magnifico
1094 3033 1164 3076 oum
1182 3023 1325 3094 apparatu
1337 3025 1457 3097 accepta
1468 3026 1520 3093 eat,

337 3113 424 3196 onjua
436 3111 542 3174 honori
556 3111 656 3172 amnia
668 3119 816 3171 tormenta
830 3109 939 3172 bellica
955 3112 1068 3191 majora
1086 3111 1262 3191 minoraque
1278 3111 1376 3172 aoluta
1392 3123 1468 3190 aaut,
1485 3135 1520 3176 ac

336 3209 527 3289 pcatmodnm
539 3207 630 3270 etiam
644 3207 756 3268 ibidem
771 3207 883 3288 nuptiae
894 3206 977 3289 regio
987 3227 1077 3289 prope
1088 3217 1210 3288 aumptu
1223 3207 1388 3276 celebrata.
1410 3210 1518 3272 Eodem

337 3325 429 3387 propa
443 3314 576 3392 tempora
591 3304 702 3366 Comes
715 3305 756 3366 da
773 3302 903 3364 Fueutaa
919 3313 986 3383 poat
1000 3304 1055 3366 diu
1073 3325 1191 3366 aumma
1207 3323 1278 3366 cum
1297 3307 1438 3387 patientia
1457 3329 1519 3389 per·

337 3421 437 3485 peaaoa
449 3401 567 3462 dolorea
581 3399 757 3482 Antuerpioe
770 3399 860 3481 plain
874 3400 1006 3462 Domino
1018 3402 1209 3476 obdormivit,
1223 3403 1289 3485 ejua
1299 3413 1422 3465 mortem
1434 3425 1517 3467 omne

337 3519 429 3582 propa
444 3497 586 3580 Belgium
600 3499 707 3563 acerbo
718 3517 790 3562 aaut
802 3495 907 3557 dolore
917 3498 1021 3573 aenait,
1035 3499 1146 3580 quippe
1164 3499 1217 3580 qul
1236 3501 1276 3560 ob
1293 3498 1386 3561 fldem
1402 3510 1431 3563 et
1444 3501 1515 3584 vigi·

337 3595 460 3658 lantiam
477 3595 560 3676 apud
575 3613 678 3656 omnes
696 3611 821 3655 ramma
840 3591 1013 3674 infidaque
1029 3594 1208 3657 conditionis
1223 3594 1359 3658 homines
1380 3605 1441 3658 erat
1459 3598 1516 3659 ola·

336 3693 480 3756 riaairnua.
522 3690 589 3754 Nea
608 3689 703 3753 multa
723 3699 789 3772 poet
807 3689 1115 3773 monumenque
1132 3691 1209 3753 viria
1226 3691 1514 3758 exeaaaitGaucralia
