3225 4700
486 330 887 398 ITINERARIUM.
1227 333 1292 396 415

136 483 269 546 Nomine
284 484 422 547 Ducatns
437 486 588 557 Basarioi‚
604 487 646 547 D.
662 486 863 568 wolfgangus
878 485 1089 568 Sigismundus
1104 484 1254 546 Dominus
1269 484 1287 544 b

90 578 251 662 leiblbug
263 582 442 645 cathedralis
455 585 589 645 ecclesie
598 583 825 645 Ratisbouensis
833 582 1007 656 canonieus,
1018 582 1166 644 Electoris
1177 581 1289 642 Bareri

87 677 282 739 consiliarius
294 678 409 741 aulicas
423 691 453 742 et
465 681 657 741 camerarius.

136 773 271 836 Nomine
298 775 504 859 Luneburgioi
536 778 578 838 D.
607 777 762 838 Henrieus
789 776 1003 859 Langenbecls,
1032 777 1074 837 D.
1103 776 1289 839 consiliarius

90 869 335 954 Luneburgicus.

138 967 271 1028 Nomine
293 968 432 1031 Ducatus
452 969 650 1045 Pomeraniae,
670 968 821 1030 Dominus
843 968 1008 1030 Matthaeus
1028 969 1242 1030 Wesenbeeins
1263 979 1291 1030 et

91 1062 138 1121 D.
155 1063 263 1124 Tobios
278 1064 431 1126 Oelhaven
446 1066 466 1126 a
479 1064 695 1126 Schellenbecb
711 1065 754 1125 D.

137 1160 271 1222 Nomine
285 1161 521 1236 Darmstadiaui,
534 1161 576 1222 D.
587 1160 749 1243 Philippus
760 1161 934 1223 Ludovious
946 1161 1104 1230 Fabritius‚
1115 1162 1156 1221 D.
1172 1162 1292 1224 ethn-

91 1255 237 1316 cellarius
259 1257 525 1332 Darmstadiensis‚
550 1258 592 1319 D.
616 1258 751 1319 Jounnes
772 1258 909 1319 Jacobus
932 1257 1067 1318 Wolffa
1092 1258 1290 1322 Todenwarth

92 1352 284 1414 consiliarius
301 1353 436 1430 intimus,
452 1355 495 1415 Ι).
511 1353 662 1437 Georgius
675 1354 813 1430 'Dilsueq
830 1355 872 1415 D.
887 1355 1074 1416 consiliarius
1087 1363 1117 1416 et
1130 1355 1290 1440 Marpurgi
1315 1427 1318 1434 y

93 1449 246 1529 professor
253 1451 344 1531 juris.

138 1545 271 1606 Nomine
279 1545 407 1607 Abbatis
414 1544 671 1629 Weingurdeusis,
681 1547 723 1607 D.
735 1547 887 1629 Georgius
896 1547 1044 1609 Koberlin
1055 1546 1292 1610 constantiensis

93 1642 295 1704 consiliarius.

134 1739 266 1800 Nomius
287 1738 414 1801 Comitis
434 1740 452 1801 b
473 1741 686 1824 Furstenberg‚
704 1742 746 1803 D.
766 1742 878 1803 Petrus
891 1740 1066 1804 Busohman
1081 1741 1290 1806 cancellarius

95 1835 297 1898 Coloniensis.

139 1933 272 1994 Nomine
287 1932 419 1995 civitatis
435 1933 633 2005 coloniensis,
653 1934 696 1995 D.
713 1933 903 1995 Baltbasarb
920 1934 1069 1996 Miilheim
1085 1945 1115 1997 et
1130 1936 1290 2000 Gerwinus

94 2031 115 2090 b
130 2028 399 2112 Megnertzbagen‚
418 2030 461 2091 D.
481 2039 512 2091 et
528 2029 660 2101 civitatis
673 2029 861 2092 Coloniensis
879 2031 1043 2110 respective
1058 2034 1164 2094 consul
1179 2044 1209 2095 et
1221 2055 1291 2115 syn·

95 2128 193 2188 diens.

139 2222 272 2286 Nomine
280 2223 410 2285 civitatis
419 2223 691 2306 Norimbergeusis,
701 2225 742 2284 D.
753 2224 776 2286 J
777 2243 889 2286 oannes
895 2225 918 2286 J
920 2226 1030 2286 acobns
1039 2227 1140 2288 Letzel
1151 2229 1169 2288 b
1181 2228 1292 2291 Kirolu-

96 2320 315 2393 sobittenbach,
327 2319 431 2384 Vorha
443 2332 474 2384 et
488 2321 687 2383 Artelshoven
702 2331 822 2383 senator
837 2321 1110 2405 Norimbergensis,
1125 2325 1166 2386 D.
1181 2325 1290 2389 'lobias

99 2417 236 2479 Elbaveu
249 2418 268 2478 b
282 2417 508 2492 Schellenbuch,
525 2419 567 2479 D.
583 2419 745 2480 advocatus
759 2420 1033 2501 Norimbergensis.

141 2514 249 2576 Mense
265 2515 377 2577 Martio
394 2518 504 2578 Comes
520 2516 559 2576 de
577 2515 683 2596 Bruay
697 2515 845 2599 generalis
858 2516 994 2597 proxime
1007 2516 1095 2578 affuit
1109 2529 1143 2579 ut
1159 2539 1290 2600 praesen·

98 2611 248 2671 tissimum
262 2612 442 2692 captivitatis
452 2622 483 2673 et
496 2610 567 2672 vitus
579 2610 745 2691 periculum
758 2612 865 2673 adiret.
907 2610 1112 2675 Constituerat
1129 2616 1239 2676 etenim
1253 2638 1291 2679 ex

98 2704 262 2785 improviso
279 2704 340 2765 uult
359 2724 429 2765 oum
450 2704 568 2765 Saxone
588 2701 737 2764 Colouelli
758 2703 909 2768 Praefecto
930 2708 967 2769 de
988 2708 1157 2796 Calenberg
1176 2722 1290 2775 tentare

98 2810 204 2861 eontra
217 2800 329 2863 Sueoos
342 2800 578 2882 impressionem,
588 2800 702 2861 ideireo
714 2820 784 2861 oum
794 2802 877 2864 mille
888 2804 1060 2887 quingentis
1068 2808 1153 2888 equis
1163 2812 1290 2873 statione

93 2896 153 2958 snb
165 2897 330 2979 egreditur,
344 2897 505 2978 Albimque
518 2897 646 2958 fluvium
659 2899 878 2980 transgreditur
888 2901 1076 2982 paucissimis
1088 2904 1291 2986 impressionis

99 3014 160 3055 suae
173 3014 311 3054 consens.

141 3090 205 3152 Hic
218 3090 375 3171 praemittit
388 3088 576 3152 Colouellnm
587 3091 771 3173 Luttigeum
786 3094 926 3157 trecentis
940 3098 1090 3177 equitibus
1105 3099 1291 3180 exploratum

99 3187 174 3269 quid
184 3196 214 3249 et
223 3189 273 3248 ubi
287 3187 376 3249 Sneci
386 3196 520 3268 agerent,
535 3186 598 3268 ipse
607 3187 680 3248 verb
693 3186 814 3248 interim
829 3208 898 3249 eum
912 3191 1027 3273 reliquo
1045 3194 1139 3257 milite
1153 3196 1292 3258 Seufteu·

99 3287 198 3365 bergae
218 3284 344 3368 ignobili
363 3295 394 3345 et
414 3285 531 3345 deserto
553 3284 695 3345 suburbio
716 3284 862 3356 consistit,
883 3290 990 3368 partim
1012 3291 1163 3353 tantillum
1183 3293 1291 3373 quietis

100 3380 199 3454 militi,
217 3392 248 3442 et
267 3382 409 3461 pabulum
428 3381 514 3461 equis
533 3379 715 3454 indulturus,
733 3381 844 3462 partim
858 3396 940 3445 certe
956 3387 1069 3447 nuncia
1085 3388 1122 3449 ab
1140 3389 1291 3452 emissario

99 3477 194 3539 milite
207 3478 246 3539 de
260 3477 343 3541 hoste
356 3488 574 3559 expectaturus.
613 3477 743 3539 Aberrat
753 3478 867 3539 interes
877 3478 1049 3544 Colonellus
1060 3483 1177 3568 Luttig‚
1188 3506 1244 3547 neo
1258 3488 1290 3549 in

99 3594 188 3656 quem
202 3575 309 3637 missus
323 3586 387 3637 erat
398 3574 490 3637 finem
503 3574 680 3653 assequitur.
724 3575 797 3637 Non
811 3577 909 3657 potuit
921 3576 977 3639 boe
995 3578 1086 3642 latere
1101 3580 1223 3655 Sueuos,
1237 3590 1290 3665 qui

99 3671 155 3752 ipsi
167 3691 236 3732 eum
250 3671 386 3751 pluribus
398 3672 535 3752 equitum
549 3671 656 3732 turmis
669 3682 773 3733 contra
787 3670 885 3734 hostes
898 3694 965 3736 suos
978 3688 1163 3757 promovent,
1175 3690 1205 3741 et
1218 3684 1292 3761 quia
