<?xml version="1.0" encoding="UTF-8"?>
<!DOCTYPE html PUBLIC "-//W3C//DTD XHTML 1.0 Transitional//EN"
    "http://www.w3.org/TR/xhtml1/DTD/xhtml1-transitional.dtd">
<html xmlns="http://www.w3.org/1999/xhtml" xml:lang="en" lang="en">
 <head>
  <title>
</title>
<meta http-equiv="Content-Type" content="text/html;charset=utf-8" />
  <meta name='ocr-system' content='tesseract 3.04.00' />
  <meta name='ocr-capabilities' content='ocr_page ocr_carea ocr_par ocr_line ocrx_word'/>
</head>
<body>
  <div class='ocr_page' id='page_1' title='image "./itinerariumthom00kerngoog_0374.png"; bbox 0 0 3225 4700; ppageno 0'>
   <div class='ocr_carea' id='block_1_1' title="bbox 321 317 1118 388">
    <p class='ocr_par' dir='ltr' id='par_1_1' title="bbox 321 317 1118 388">
     <span class='ocr_line' id='line_1_1' title="bbox 321 317 1118 388; baseline -0.003 -1"><span class='ocrx_word' id='word_1_1' title='bbox 321 322 384 388; x_wconf 82' lang='lat'>232</span> <span class='ocrx_word' id='word_1_2' title='bbox 716 317 1118 387; x_wconf 78' lang='lat' dir='ltr'><strong><em>ITINERARIUM.</em></strong></span> 
     </span>
    </p>
   </div>
   <div class='ocr_carea' id='block_1_2' title="bbox 277 464 1564 2762">
    <p class='ocr_par' dir='ltr' id='par_1_2' title="bbox 277 464 1564 2457">
     <span class='ocr_line' id='line_1_2' title="bbox 321 464 1564 553; baseline -0.006 -19"><span class='ocrx_word' id='word_1_3' title='bbox 321 492 409 534; x_wconf 81' lang='lat' dir='ltr'>eursu</span> <span class='ocrx_word' id='word_1_4' title='bbox 421 469 602 547; x_wconf 76' lang='lat' dir='ltr'>dubitarent,</span> <span class='ocrx_word' id='word_1_5' title='bbox 613 469 777 553; x_wconf 75' lang='lat' dir='ltr'>Gallosque</span> <span class='ocrx_word' id='word_1_6' title='bbox 787 472 1022 553; x_wconf 81' lang='lat' dir='ltr'>pertinacissime</span> <span class='ocrx_word' id='word_1_7' title='bbox 1031 470 1113 533; x_wconf 89' lang='lat' dir='ltr'>urbis</span> <span class='ocrx_word' id='word_1_8' title='bbox 1123 468 1290 532; x_wconf 87' lang='lat' dir='ltr'>obsidioni</span> <span class='ocrx_word' id='word_1_9' title='bbox 1301 465 1464 528; x_wconf 76' lang='lat' dir='ltr'><strong>insistere</strong></span> <span class='ocrx_word' id='word_1_10' title='bbox 1475 464 1564 529; x_wconf 79' lang='lat' dir='ltr'>ride·</span> 
     </span>
     <span class='ocr_line' id='line_1_3' title="bbox 320 563 1564 650; baseline -0.004 -22"><span class='ocrx_word' id='word_1_11' title='bbox 320 576 397 641; x_wconf 90' lang='lat' dir='ltr'>rent,</span> <span class='ocrx_word' id='word_1_12' title='bbox 411 567 532 629; x_wconf 89' lang='lat' dir='ltr'>tandem</span> <span class='ocrx_word' id='word_1_13' title='bbox 546 566 565 627; x_wconf 75' lang='lat' dir='ltr'>d</span> <span class='ocrx_word' id='word_1_14' title='bbox 578 567 694 629; x_wconf 86' lang='lat' dir='ltr'>civibus</span> <span class='ocrx_word' id='word_1_15' title='bbox 710 568 839 650; x_wconf 90' lang='lat' dir='ltr'>propriis</span> <span class='ocrx_word' id='word_1_16' title='bbox 852 568 1038 630; x_wconf 91' lang='lat' dir='ltr'>deditionem</span> <span class='ocrx_word' id='word_1_17' title='bbox 1055 566 1167 649; x_wconf 87' lang='lat' dir='ltr'>paoisei</span> <span class='ocrx_word' id='word_1_18' title='bbox 1180 563 1357 646; x_wconf 82' lang='lat' dir='ltr'>compulsi</span> <span class='ocrx_word' id='word_1_19' title='bbox 1372 573 1467 626; x_wconf 89' lang='lat' dir='ltr'>sunt.</span> <span class='ocrx_word' id='word_1_20' title='bbox 1514 566 1564 623; x_wconf 82' lang='lat' dir='ltr'>Ac</span> 
     </span>
     <span class='ocr_line' id='line_1_4' title="bbox 319 659 1562 742; baseline -0.002 -19"><span class='ocrx_word' id='word_1_21' title='bbox 319 662 391 725; x_wconf 86' lang='lat' dir='ltr'>lieet</span> <span class='ocrx_word' id='word_1_22' title='bbox 402 662 500 724; x_wconf 89' lang='lat' dir='ltr'>omnis</span> <span class='ocrx_word' id='word_1_23' title='bbox 513 662 599 725; x_wconf 90' lang='lat' dir='ltr'>miles</span> <span class='ocrx_word' id='word_1_24' title='bbox 614 663 827 725; x_wconf 79' lang='lat' dir='ltr'>Proesidiarius</span> <span class='ocrx_word' id='word_1_25' title='bbox 838 674 900 725; x_wconf 87' lang='lat' dir='ltr'>toto</span> <span class='ocrx_word' id='word_1_26' title='bbox 912 663 1074 725; x_wconf 77' lang='lat' dir='ltr'>obsidionis</span> <span class='ocrx_word' id='word_1_27' title='bbox 1087 671 1238 742; x_wconf 87' lang='lat' dir='ltr'>tempore,</span> <span class='ocrx_word' id='word_1_28' title='bbox 1253 661 1322 721; x_wconf 88' lang='lat' dir='ltr'>sub</span> <span class='ocrx_word' id='word_1_29' title='bbox 1337 660 1413 722; x_wconf 90' lang='lat' dir='ltr'>Dio</span> <span class='ocrx_word' id='word_1_30' title='bbox 1424 669 1461 722; x_wconf 91' lang='lat' dir='ltr'>et</span> <span class='ocrx_word' id='word_1_31' title='bbox 1474 659 1562 721; x_wconf 86' lang='lat' dir='ltr'>nudo</span> 
     </span>
     <span class='ocr_line' id='line_1_5' title="bbox 318 756 1560 843; baseline -0.006 -20"><span class='ocrx_word' id='word_1_32' title='bbox 318 761 342 823; x_wconf 88' lang='lat' dir='ltr'><strong>J</strong></span> <span class='ocrx_word' id='word_1_33' title='bbox 344 780 400 823; x_wconf 86' lang='lat' dir='ltr'>ove</span> <span class='ocrx_word' id='word_1_34' title='bbox 421 770 524 823; x_wconf 76' lang='lat' dir='ltr'>noctes</span> <span class='ocrx_word' id='word_1_35' title='bbox 543 760 686 843; x_wconf 83' lang='lat' dir='ltr'>exegerit,</span> <span class='ocrx_word' id='word_1_36' title='bbox 705 759 926 841; x_wconf 74' lang='lat' dir='ltr'>fortissimeque</span> <span class='ocrx_word' id='word_1_37' title='bbox 944 767 1049 822; x_wconf 86' lang='lat' dir='ltr'>eontra</span> <span class='ocrx_word' id='word_1_38' title='bbox 1062 758 1167 821; x_wconf 90' lang='lat' dir='ltr'>Gallos</span> <span class='ocrx_word' id='word_1_39' title='bbox 1179 757 1406 839; x_wconf 78' lang='lat' dir='ltr'>pugnaverit,</span> <span class='ocrx_word' id='word_1_40' title='bbox 1423 756 1560 837; x_wconf 87' lang='lat' dir='ltr'>pessime</span> 
     </span>
     <span class='ocr_line' id='line_1_6' title="bbox 319 853 1559 936; baseline -0.004 -18"><span class='ocrx_word' id='word_1_41' title='bbox 319 866 420 918; x_wconf 86' lang='lat' dir='ltr'>temen</span> <span class='ocrx_word' id='word_1_42' title='bbox 438 856 457 918; x_wconf 75' lang='lat' dir='ltr'>a</span> <span class='ocrx_word' id='word_1_43' title='bbox 475 855 592 918; x_wconf 86' lang='lat' dir='ltr'>oivibus</span> <span class='ocrx_word' id='word_1_44' title='bbox 610 864 818 918; x_wconf 83' lang='lat' dir='ltr'>remuneratus</span> <span class='ocrx_word' id='word_1_45' title='bbox 836 864 892 931; x_wconf 91' lang='lat' dir='ltr'>est,</span> <span class='ocrx_word' id='word_1_46' title='bbox 905 875 975 917; x_wconf 88' lang='lat' dir='ltr'>eum</span> <span class='ocrx_word' id='word_1_47' title='bbox 988 862 1109 936; x_wconf 87' lang='lat' dir='ltr'>paratus</span> <span class='ocrx_word' id='word_1_48' title='bbox 1122 863 1237 916; x_wconf 78' lang='lat' dir='ltr'>cetero</span> <span class='ocrx_word' id='word_1_49' title='bbox 1253 853 1319 934; x_wconf 90' lang='lat' dir='ltr'>qui</span> <span class='ocrx_word' id='word_1_50' title='bbox 1335 861 1427 914; x_wconf 85' lang='lat' dir='ltr'>esset</span> <span class='ocrx_word' id='word_1_51' title='bbox 1441 861 1475 914; x_wconf 89' lang='lat' dir='ltr'>et</span> <span class='ocrx_word' id='word_1_52' title='bbox 1489 872 1559 913; x_wconf 88' lang='lat' dir='ltr'>san·</span> 
     </span>
     <span class='ocr_line' id='line_1_7' title="bbox 319 949 1558 1034; baseline -0.004 -21"><span class='ocrx_word' id='word_1_53' title='bbox 319 952 443 1034; x_wconf 82' lang='lat' dir='ltr'>guinem</span> <span class='ocrx_word' id='word_1_54' title='bbox 466 952 564 1034; x_wconf 87' lang='lat' dir='ltr'>potius</span> <span class='ocrx_word' id='word_1_55' title='bbox 584 952 737 1032; x_wconf 83' lang='lat' dir='ltr'>vitamque</span> <span class='ocrx_word' id='word_1_56' title='bbox 756 971 847 1033; x_wconf 89' lang='lat' dir='ltr'>quam</span> <span class='ocrx_word' id='word_1_57' title='bbox 867 952 971 1013; x_wconf 88' lang='lat' dir='ltr'>urbem</span> <span class='ocrx_word' id='word_1_58' title='bbox 994 950 1129 1025; x_wconf 90' lang='lat' dir='ltr'>reddere,</span> <span class='ocrx_word' id='word_1_59' title='bbox 1153 950 1303 1010; x_wconf 87' lang='lat' dir='ltr'>maxime</span> <span class='ocrx_word' id='word_1_60' title='bbox 1330 967 1415 1010; x_wconf 88' lang='lat' dir='ltr'>eum</span> <span class='ocrx_word' id='word_1_61' title='bbox 1435 949 1558 1009; x_wconf 87' lang='lat' dir='ltr'>videret</span> 
     </span>
     <span class='ocr_line' id='line_1_8' title="bbox 318 1044 1555 1111; baseline -0.005 -1"><span class='ocrx_word' id='word_1_62' title='bbox 318 1050 471 1110; x_wconf 85' lang='lat' dir='ltr'>civitatem</span> <span class='ocrx_word' id='word_1_63' title='bbox 490 1048 589 1110; x_wconf 82' lang='lat' dir='ltr'>adhuc</span> <span class='ocrx_word' id='word_1_64' title='bbox 611 1049 651 1110; x_wconf 82' lang='lat' dir='ltr'>ad</span> <span class='ocrx_word' id='word_1_65' title='bbox 671 1069 765 1111; x_wconf 89' lang='lat' dir='ltr'>unum</span> <span class='ocrx_word' id='word_1_66' title='bbox 785 1048 874 1110; x_wconf 87' lang='lat' dir='ltr'>faeile</span> <span class='ocrx_word' id='word_1_67' title='bbox 894 1058 1025 1109; x_wconf 85' lang='lat' dir='ltr'>m&#39;ensem</span> <span class='ocrx_word' id='word_1_68' title='bbox 1044 1045 1314 1108; x_wconf 85' lang='lat' dir='ltr'>sufficientissimo</span> <span class='ocrx_word' id='word_1_69' title='bbox 1333 1053 1491 1107; x_wconf 80' lang='lat' dir='ltr'>comeatu</span> <span class='ocrx_word' id='word_1_70' title='bbox 1510 1044 1555 1104; x_wconf 92' lang='lat' dir='ltr'>in·</span> 
     </span>
     <span class='ocr_line' id='line_1_9' title="bbox 319 1142 1554 1226; baseline -0.003 -19"><span class='ocrx_word' id='word_1_71' title='bbox 319 1154 473 1217; x_wconf 80' lang='lat' dir='ltr'>structam,</span> <span class='ocrx_word' id='word_1_72' title='bbox 488 1154 678 1226; x_wconf 78' lang='lat' dir='ltr'>speraretque</span> <span class='ocrx_word' id='word_1_73' title='bbox 692 1146 842 1226; x_wconf 89' lang='lat' dir='ltr'>suppetias</span> <span class='ocrx_word' id='word_1_74' title='bbox 855 1145 886 1205; x_wconf 92' lang='lat' dir='ltr'>in</span> <span class='ocrx_word' id='word_1_75' title='bbox 900 1142 1068 1225; x_wconf 88' lang='lat' dir='ltr'>propinquo</span> <span class='ocrx_word' id='word_1_76' title='bbox 1081 1164 1153 1205; x_wconf 87' lang='lat' dir='ltr'>esse.</span> <span class='ocrx_word' id='word_1_77' title='bbox 1196 1144 1242 1204; x_wconf 93' lang='lat' dir='ltr'>In</span> <span class='ocrx_word' id='word_1_78' title='bbox 1259 1162 1406 1205; x_wconf 78' lang='lat' dir='ltr'>excessu</span> <span class='ocrx_word' id='word_1_79' title='bbox 1421 1164 1464 1204; x_wconf 88' lang='lat' dir='ltr'>ex</span> <span class='ocrx_word' id='word_1_80' title='bbox 1479 1144 1554 1203; x_wconf 88' lang='lat' dir='ltr'>urbe</span> 
     </span>
     <span class='ocr_line' id='line_1_10' title="bbox 318 1238 1552 1322; baseline -0.001 -20"><span class='ocrx_word' id='word_1_81' title='bbox 318 1250 425 1322; x_wconf 83' lang='lat' dir='ltr'>proeter</span> <span class='ocrx_word' id='word_1_82' title='bbox 438 1240 496 1302; x_wconf 84' lang='lat' dir='ltr'>trie</span> <span class='ocrx_word' id='word_1_83' title='bbox 509 1248 656 1301; x_wconf 87' lang='lat' dir='ltr'>tormenta</span> <span class='ocrx_word' id='word_1_84' title='bbox 671 1241 778 1302; x_wconf 81' lang='lat' dir='ltr'>bellice</span> <span class='ocrx_word' id='word_1_85' title='bbox 791 1241 916 1322; x_wconf 86' lang='lat' dir='ltr'>majora,</span> <span class='ocrx_word' id='word_1_86' title='bbox 931 1239 1033 1300; x_wconf 88' lang='lat' dir='ltr'>omnia</span> <span class='ocrx_word' id='word_1_87' title='bbox 1044 1238 1160 1319; x_wconf 88' lang='lat' dir='ltr'>reliqua</span> <span class='ocrx_word' id='word_1_88' title='bbox 1172 1240 1362 1301; x_wconf 81' lang='lat' dir='ltr'>victoribus</span> <span class='ocrx_word' id='word_1_89' title='bbox 1379 1238 1488 1301; x_wconf 85' lang='lat' dir='ltr'>Gallis</span> <span class='ocrx_word' id='word_1_90' title='bbox 1506 1258 1552 1301; x_wconf 88' lang='lat' dir='ltr'>re·</span> 
     </span>
     <span class='ocr_line' id='line_1_11' title="bbox 318 1334 1550 1418; baseline -0.002 -21"><span class='ocrx_word' id='word_1_91' title='bbox 318 1335 454 1418; x_wconf 87' lang='lat' dir='ltr'>linquere</span> <span class='ocrx_word' id='word_1_92' title='bbox 467 1338 519 1411; x_wconf 85' lang='lat' dir='ltr'>(en</span> <span class='ocrx_word' id='word_1_93' title='bbox 534 1335 553 1396; x_wconf 75' lang='lat' dir='ltr'>d</span> <span class='ocrx_word' id='word_1_94' title='bbox 566 1336 693 1409; x_wconf 81' lang='lat' dir='ltr'>nivibus,</span> <span class='ocrx_word' id='word_1_95' title='bbox 707 1356 744 1397; x_wconf 85' lang='lat' dir='ltr'>en</span> <span class='ocrx_word' id='word_1_96' title='bbox 759 1338 797 1398; x_wconf 89' lang='lat' dir='ltr'>ab</span> <span class='ocrx_word' id='word_1_97' title='bbox 811 1336 884 1417; x_wconf 91' lang='lat' dir='ltr'>ipsis</span> <span class='ocrx_word' id='word_1_98' title='bbox 895 1334 1002 1410; x_wconf 83' lang='lat' dir='ltr'>Gallis,</span> <span class='ocrx_word' id='word_1_99' title='bbox 1015 1336 1191 1416; x_wconf 76' lang='lat' dir='ltr'>ambigitur)</span> <span class='ocrx_word' id='word_1_100' title='bbox 1201 1336 1317 1397; x_wconf 80' lang='lat' dir='ltr'>eoacti</span> <span class='ocrx_word' id='word_1_101' title='bbox 1333 1344 1426 1411; x_wconf 91' lang='lat' dir='ltr'>sunt,</span> <span class='ocrx_word' id='word_1_102' title='bbox 1439 1336 1461 1397; x_wconf 77' lang='lat' dir='ltr'>b</span> <span class='ocrx_word' id='word_1_103' title='bbox 1473 1334 1550 1396; x_wconf 82' lang='lat' dir='ltr'>eivi-</span> 
     </span>
     <span class='ocr_line' id='line_1_12' title="bbox 318 1430 1547 1515; baseline -0.001 -22"><span class='ocrx_word' id='word_1_104' title='bbox 318 1433 373 1493; x_wconf 90' lang='lat' dir='ltr'>bus</span> <span class='ocrx_word' id='word_1_105' title='bbox 393 1433 427 1493; x_wconf 95' lang='lat' dir='ltr'>id</span> <span class='ocrx_word' id='word_1_106' title='bbox 447 1430 560 1492; x_wconf 81' lang='lat' dir='ltr'>fectum</span> <span class='ocrx_word' id='word_1_107' title='bbox 580 1452 643 1494; x_wconf 89' lang='lat' dir='ltr'>esse</span> <span class='ocrx_word' id='word_1_108' title='bbox 662 1432 740 1495; x_wconf 91' lang='lat' dir='ltr'>illud</span> <span class='ocrx_word' id='word_1_109' title='bbox 760 1440 938 1515; x_wconf 83' lang='lat' dir='ltr'>argumento</span> <span class='ocrx_word' id='word_1_110' title='bbox 957 1440 1012 1506; x_wconf 84' lang='lat' dir='ltr'>est,</span> <span class='ocrx_word' id='word_1_111' title='bbox 1034 1432 1117 1513; x_wconf 92' lang='lat' dir='ltr'>quod</span> <span class='ocrx_word' id='word_1_112' title='bbox 1137 1432 1226 1494; x_wconf 87' lang='lat' dir='ltr'>Galli</span> <span class='ocrx_word' id='word_1_113' title='bbox 1250 1434 1324 1494; x_wconf 93' lang='lat' dir='ltr'>duo</span> <span class='ocrx_word' id='word_1_114' title='bbox 1346 1440 1407 1495; x_wconf 85' lang='lat' dir='ltr'>aut</span> <span class='ocrx_word' id='word_1_115' title='bbox 1429 1433 1490 1493; x_wconf 89' lang='lat' dir='ltr'>tria</span> <span class='ocrx_word' id='word_1_116' title='bbox 1509 1452 1547 1493; x_wconf 90' lang='lat' dir='ltr'>ex</span> 
     </span>
     <span class='ocr_line' id='line_1_13' title="bbox 317 1525 1546 1611; baseline -0.002 -22"><span class='ocrx_word' id='word_1_117' title='bbox 317 1527 481 1608; x_wconf 80' lang='lat' dir='ltr'>meJ&#39;oribus</span> <span class='ocrx_word' id='word_1_118' title='bbox 494 1530 648 1590; x_wconf 84' lang='lat' dir='ltr'>tormentis</span> <span class='ocrx_word' id='word_1_119' title='bbox 662 1550 730 1609; x_wconf 78' lang='lat' dir='ltr'>que</span> <span class='ocrx_word' id='word_1_120' title='bbox 741 1530 836 1611; x_wconf 85' lang='lat' dir='ltr'>Regis</span> <span class='ocrx_word' id='word_1_121' title='bbox 849 1529 1065 1611; x_wconf 73' lang='lat' dir='ltr'>Hispaniarum</span> <span class='ocrx_word' id='word_1_122' title='bbox 1077 1527 1211 1609; x_wconf 76' lang='lat' dir='ltr'>insignia</span> <span class='ocrx_word' id='word_1_123' title='bbox 1225 1527 1453 1607; x_wconf 74' lang='lat' dir='ltr'>praeferebant</span> <span class='ocrx_word' id='word_1_124' title='bbox 1466 1525 1546 1586; x_wconf 92' lang='lat' dir='ltr'>ultro</span> 
     </span>
     <span class='ocr_line' id='line_1_14' title="bbox 317 1622 1542 1705; baseline 0 -22"><span class='ocrx_word' id='word_1_125' title='bbox 317 1632 420 1703; x_wconf 87' lang='lat' dir='ltr'>postea</span> <span class='ocrx_word' id='word_1_126' title='bbox 434 1623 575 1684; x_wconf 85' lang='lat' dir='ltr'>Dueenm</span> <span class='ocrx_word' id='word_1_127' title='bbox 589 1624 733 1687; x_wconf 86' lang='lat' dir='ltr'>miserint.</span> <span class='ocrx_word' id='word_1_128' title='bbox 776 1625 931 1705; x_wconf 87' lang='lat' dir='ltr'>Hispanus</span> <span class='ocrx_word' id='word_1_129' title='bbox 941 1622 1026 1685; x_wconf 89' lang='lat' dir='ltr'>miles</span> <span class='ocrx_word' id='word_1_130' title='bbox 1035 1624 1068 1684; x_wconf 89' lang='lat' dir='ltr'>in</span> <span class='ocrx_word' id='word_1_131' title='bbox 1078 1624 1162 1685; x_wconf 90' lang='lat' dir='ltr'>exitu</span> <span class='ocrx_word' id='word_1_132' title='bbox 1170 1643 1231 1683; x_wconf 90' lang='lat' dir='ltr'>suo</span> <span class='ocrx_word' id='word_1_133' title='bbox 1243 1624 1409 1684; x_wconf 77' lang='lat' dir='ltr'>ducentos</span> <span class='ocrx_word' id='word_1_134' title='bbox 1419 1641 1542 1703; x_wconf 87' lang='lat' dir='ltr'>quoque</span> 
     </span>
     <span class='ocr_line' id='line_1_15' title="bbox 317 1718 1541 1800; baseline -0.002 -19"><span class='ocrx_word' id='word_1_135' title='bbox 317 1719 341 1781; x_wconf 88' lang='lat' dir='ltr'><strong>J</strong></span> <span class='ocrx_word' id='word_1_136' title='bbox 343 1740 454 1781; x_wconf 87' lang='lat' dir='ltr'>uvenes</span> <span class='ocrx_word' id='word_1_137' title='bbox 467 1721 506 1782; x_wconf 85' lang='lat' dir='ltr'>ed</span> <span class='ocrx_word' id='word_1_138' title='bbox 519 1740 603 1783; x_wconf 87' lang='lat' dir='ltr'>arma</span> <span class='ocrx_word' id='word_1_139' title='bbox 616 1722 740 1785; x_wconf 83' lang='lat' dir='ltr'>ferenda</span> <span class='ocrx_word' id='word_1_140' title='bbox 750 1722 952 1792; x_wconf 81' lang='lat' dir='ltr'>maturrimoe,</span> <span class='ocrx_word' id='word_1_141' title='bbox 965 1720 1080 1794; x_wconf 88' lang='lat' dir='ltr'>eduxit,</span> <span class='ocrx_word' id='word_1_142' title='bbox 1096 1719 1149 1800; x_wconf 92' lang='lat' dir='ltr'>qui</span> <span class='ocrx_word' id='word_1_143' title='bbox 1163 1718 1318 1781; x_wconf 82' lang='lat' dir='ltr'>Patriam</span> <span class='ocrx_word' id='word_1_144' title='bbox 1333 1719 1541 1798; x_wconf 85' lang='lat' dir='ltr'>nativumque</span> 
     </span>
     <span class='ocr_line' id='line_1_16' title="bbox 319 1814 1537 1898; baseline -0.002 -21"><span class='ocrx_word' id='word_1_145' title='bbox 319 1814 416 1877; x_wconf 86' lang='lat' dir='ltr'>solum</span> <span class='ocrx_word' id='word_1_146' title='bbox 430 1816 564 1878; x_wconf 86' lang='lat' dir='ltr'>deserere</span> <span class='ocrx_word' id='word_1_147' title='bbox 577 1817 756 1893; x_wconf 85' lang='lat' dir='ltr'>maluerunt,</span> <span class='ocrx_word' id='word_1_148' title='bbox 769 1838 860 1898; x_wconf 88' lang='lat' dir='ltr'>quam</span> <span class='ocrx_word' id='word_1_149' title='bbox 874 1816 1042 1879; x_wconf 87' lang='lat' dir='ltr'>dominatui</span> <span class='ocrx_word' id='word_1_150' title='bbox 1055 1814 1215 1877; x_wconf 83' lang='lat' dir='ltr'>Gallorum</span> <span class='ocrx_word' id='word_1_151' title='bbox 1231 1816 1369 1897; x_wconf 82' lang='lat' dir='ltr'>subjiei.</span> <span class='ocrx_word' id='word_1_152' title='bbox 1416 1814 1537 1875; x_wconf 79' lang='lat' dir='ltr'>Insole-</span> 
     </span>
     <span class='ocr_line' id='line_1_17' title="bbox 319 1910 1537 1984; baseline -0.002 -13"><span class='ocrx_word' id='word_1_153' title='bbox 319 1932 387 1972; x_wconf 89' lang='lat' dir='ltr'>rum</span> <span class='ocrx_word' id='word_1_154' title='bbox 400 1910 608 1973; x_wconf 84' lang='lat' dir='ltr'>deliberationi</span> <span class='ocrx_word' id='word_1_155' title='bbox 625 1935 697 1975; x_wconf 93' lang='lat' dir='ltr'>num</span> <span class='ocrx_word' id='word_1_156' title='bbox 717 1915 790 1975; x_wconf 87' lang='lat' dir='ltr'>urbe</span> <span class='ocrx_word' id='word_1_157' title='bbox 804 1914 897 1984; x_wconf 87' lang='lat' dir='ltr'>exire,</span> <span class='ocrx_word' id='word_1_158' title='bbox 911 1933 949 1974; x_wconf 90' lang='lat' dir='ltr'>an</span> <span class='ocrx_word' id='word_1_159' title='bbox 968 1913 1001 1973; x_wconf 91' lang='lat' dir='ltr'>in</span> <span class='ocrx_word' id='word_1_160' title='bbox 1019 1931 1055 1974; x_wconf 84' lang='lat' dir='ltr'>ea</span> <span class='ocrx_word' id='word_1_161' title='bbox 1067 1911 1231 1973; x_wconf 86' lang='lat' dir='ltr'>subsistere</span> <span class='ocrx_word' id='word_1_162' title='bbox 1246 1911 1374 1972; x_wconf 87' lang='lat' dir='ltr'>vellent</span> <span class='ocrx_word' id='word_1_163' title='bbox 1387 1910 1453 1971; x_wconf 91' lang='lat' dir='ltr'>duo</span> <span class='ocrx_word' id='word_1_164' title='bbox 1467 1918 1537 1969; x_wconf 89' lang='lat' dir='ltr'>eunt</span> 
     </span>
     <span class='ocr_line' id='line_1_18' title="bbox 318 2005 1533 2090; baseline -0.004 -21"><span class='ocrx_word' id='word_1_165' title='bbox 318 2027 434 2069; x_wconf 84' lang='lat' dir='ltr'>menses</span> <span class='ocrx_word' id='word_1_166' title='bbox 448 2008 523 2069; x_wconf 87' lang='lat' dir='ltr'>dati.</span> <span class='ocrx_word' id='word_1_167' title='bbox 565 2008 647 2071; x_wconf 84' lang='lat' dir='ltr'>Galli</span> <span class='ocrx_word' id='word_1_168' title='bbox 662 2011 789 2073; x_wconf 81' lang='lat' dir='ltr'>deviotae</span> <span class='ocrx_word' id='word_1_169' title='bbox 803 2010 871 2070; x_wconf 92' lang='lat' dir='ltr'>urbi</span> <span class='ocrx_word' id='word_1_170' title='bbox 887 2009 949 2071; x_wconf 92' lang='lat' dir='ltr'>duo</span> <span class='ocrx_word' id='word_1_171' title='bbox 964 2010 1110 2090; x_wconf 88' lang='lat' dir='ltr'>equitum,</span> <span class='ocrx_word' id='word_1_172' title='bbox 1131 2028 1184 2069; x_wconf 91' lang='lat' dir='ltr'>sex</span> <span class='ocrx_word' id='word_1_173' title='bbox 1196 2007 1350 2089; x_wconf 89' lang='lat' dir='ltr'>pediturn</span> <span class='ocrx_word' id='word_1_174' title='bbox 1366 2005 1468 2067; x_wconf 89' lang='lat' dir='ltr'>millia</span> <span class='ocrx_word' id='word_1_175' title='bbox 1479 2024 1533 2085; x_wconf 90' lang='lat' dir='ltr'>pro</span> 
     </span>
     <span class='ocr_line' id='line_1_19' title="bbox 318 2102 1532 2184; baseline -0.001 -21"><span class='ocrx_word' id='word_1_176' title='bbox 318 2103 458 2184; x_wconf 74' lang='lat' dir='ltr'>praesidio</span> <span class='ocrx_word' id='word_1_177' title='bbox 471 2104 686 2183; x_wconf 83' lang='lat' dir='ltr'>imposuerunt,</span> <span class='ocrx_word' id='word_1_178' title='bbox 700 2107 780 2169; x_wconf 85' lang='lat' dir='ltr'>nives</span> <span class='ocrx_word' id='word_1_179' title='bbox 794 2126 898 2167; x_wconf 92' lang='lat' dir='ltr'>omnes</span> <span class='ocrx_word' id='word_1_180' title='bbox 908 2125 978 2166; x_wconf 92' lang='lat' dir='ltr'>mox</span> <span class='ocrx_word' id='word_1_181' title='bbox 991 2105 1082 2166; x_wconf 86' lang='lat' dir='ltr'>armis</span> <span class='ocrx_word' id='word_1_182' title='bbox 1093 2104 1307 2178; x_wconf 86' lang='lat' dir='ltr'>nudaverunt,</span> <span class='ocrx_word' id='word_1_183' title='bbox 1317 2122 1393 2183; x_wconf 81' lang='lat' dir='ltr'>quae</span> <span class='ocrx_word' id='word_1_184' title='bbox 1407 2102 1532 2183; x_wconf 87' lang='lat' dir='ltr'>quidem</span> 
     </span>
     <span class='ocr_line' id='line_1_20' title="bbox 277 2186 1529 2280; baseline -0.004 -21"><span class='ocrx_word' id='word_1_185' title='bbox 277 2186 282 2194; x_wconf 72' lang='grc'>’</span> <span class='ocrx_word' id='word_1_186' title='bbox 316 2218 430 2260; x_wconf 86' lang='lat' dir='ltr'>meroes</span> <span class='ocrx_word' id='word_1_187' title='bbox 443 2199 606 2262; x_wconf 82' lang='lat' dir='ltr'>debebatur</span> <span class='ocrx_word' id='word_1_188' title='bbox 618 2211 679 2263; x_wconf 88' lang='lat' dir='ltr'>tam</span> <span class='ocrx_word' id='word_1_189' title='bbox 693 2202 764 2264; x_wconf 83' lang='lat' dir='ltr'>fidis</span> <span class='ocrx_word' id='word_1_190' title='bbox 777 2202 908 2263; x_wconf 90' lang='lat' dir='ltr'>bostium</span> <span class='ocrx_word' id='word_1_191' title='bbox 921 2200 1050 2276; x_wconf 88' lang='lat' dir='ltr'>usseolis,</span> <span class='ocrx_word' id='word_1_192' title='bbox 1064 2210 1098 2262; x_wconf 91' lang='lat' dir='ltr'>ut</span> <span class='ocrx_word' id='word_1_193' title='bbox 1110 2199 1226 2280; x_wconf 88' lang='lat' dir='ltr'>quippe</span> <span class='ocrx_word' id='word_1_194' title='bbox 1240 2198 1299 2279; x_wconf 89' lang='lat' dir='ltr'>qui</span> <span class='ocrx_word' id='word_1_195' title='bbox 1321 2195 1465 2257; x_wconf 87' lang='lat' dir='ltr'>Domino</span> <span class='ocrx_word' id='word_1_196' title='bbox 1475 2213 1529 2255; x_wconf 88' lang='lat' dir='ltr'>suo</span> 
     </span>
     <span class='ocr_line' id='line_1_21' title="bbox 318 2292 1528 2380; baseline -0.006 -24"><span class='ocrx_word' id='word_1_197' title='bbox 318 2292 422 2357; x_wconf 87' lang='lat' dir='ltr'>fideles</span> <span class='ocrx_word' id='word_1_198' title='bbox 436 2314 496 2356; x_wconf 90' lang='lat' dir='ltr'>non</span> <span class='ocrx_word' id='word_1_199' title='bbox 510 2296 638 2370; x_wconf 81' lang='lat' dir='ltr'>fuerant,</span> <span class='ocrx_word' id='word_1_200' title='bbox 646 2297 796 2379; x_wconf 90' lang='lat' dir='ltr'>quomodo</span> <span class='ocrx_word' id='word_1_201' title='bbox 810 2297 893 2360; x_wconf 85' lang='lat' dir='ltr'>oredi</span> <span class='ocrx_word' id='word_1_202' title='bbox 906 2305 1044 2380; x_wconf 87' lang='lat' dir='ltr'>poterant</span> <span class='ocrx_word' id='word_1_203' title='bbox 1052 2295 1146 2359; x_wconf 90' lang='lat' dir='ltr'>tidem</span> <span class='ocrx_word' id='word_1_204' title='bbox 1158 2303 1343 2358; x_wconf 85' lang='lat' dir='ltr'>servaturos</span> <span class='ocrx_word' id='word_1_205' title='bbox 1353 2292 1394 2354; x_wconf 91' lang='lat' dir='ltr'>iis</span> <span class='ocrx_word' id='word_1_206' title='bbox 1403 2292 1459 2373; x_wconf 89' lang='lat' dir='ltr'>qui</span> <span class='ocrx_word' id='word_1_207' title='bbox 1469 2309 1528 2350; x_wconf 88' lang='lat' dir='ltr'>non</span> 
     </span>
     <span class='ocr_line' id='line_1_22' title="bbox 319 2389 749 2457; baseline 0.007 -6"><span class='ocrx_word' id='word_1_208' title='bbox 319 2389 414 2453; x_wconf 91' lang='lat' dir='ltr'>multo</span> <span class='ocrx_word' id='word_1_209' title='bbox 428 2400 497 2453; x_wconf 88' lang='lat' dir='ltr'>ante</span> <span class='ocrx_word' id='word_1_210' title='bbox 510 2391 608 2455; x_wconf 87' lang='lat' dir='ltr'>hostes</span> <span class='ocrx_word' id='word_1_211' title='bbox 622 2394 749 2457; x_wconf 84' lang='lat' dir='ltr'>fuerant.</span> 
     </span>
    </p>

    <p class='ocr_par' dir='ltr' id='par_1_3' title="bbox 320 2485 1524 2762">
     <span class='ocr_line' id='line_1_23' title="bbox 360 2485 1524 2574; baseline -0.002 -28"><span class='ocrx_word' id='word_1_212' title='bbox 360 2485 440 2548; x_wconf 82' lang='lat' dir='ltr'>Hoeo</span> <span class='ocrx_word' id='word_1_213' title='bbox 458 2488 557 2550; x_wconf 84' lang='lat' dir='ltr'>subita</span> <span class='ocrx_word' id='word_1_214' title='bbox 571 2499 601 2550; x_wconf 91' lang='lat' dir='ltr'>et</span> <span class='ocrx_word' id='word_1_215' title='bbox 618 2490 706 2570; x_wconf 91' lang='lat' dir='ltr'>plane</span> <span class='ocrx_word' id='word_1_216' title='bbox 722 2493 870 2574; x_wconf 85' lang='lat' dir='ltr'>insperata</span> <span class='ocrx_word' id='word_1_217' title='bbox 888 2491 1017 2553; x_wconf 82' lang='lat' dir='ltr'>civitatis</span> <span class='ocrx_word' id='word_1_218' title='bbox 1032 2486 1226 2573; x_wconf 80' lang='lat' dir='ltr'>expugnatio,</span> <span class='ocrx_word' id='word_1_219' title='bbox 1249 2486 1357 2550; x_wconf 84' lang='lat' dir='ltr'>Gallis</span> <span class='ocrx_word' id='word_1_220' title='bbox 1379 2502 1524 2567; x_wconf 79' lang='lat' dir='ltr'>magnum</span> 
     </span>
     <span class='ocr_line' id='line_1_24' title="bbox 320 2579 1521 2666; baseline -0.001 -26"><span class='ocrx_word' id='word_1_221' title='bbox 320 2579 475 2660; x_wconf 78' lang='lat' dir='ltr'>gaudium,</span> <span class='ocrx_word' id='word_1_222' title='bbox 492 2579 637 2662; x_wconf 86' lang='lat' dir='ltr'>Hispanis</span> <span class='ocrx_word' id='word_1_223' title='bbox 655 2592 760 2646; x_wconf 88' lang='lat' dir='ltr'>ooutra</span> <span class='ocrx_word' id='word_1_224' title='bbox 778 2584 907 2647; x_wconf 90' lang='lat' dir='ltr'>multum</span> <span class='ocrx_word' id='word_1_225' title='bbox 924 2583 1039 2646; x_wconf 83' lang='lat' dir='ltr'>luctum</span> <span class='ocrx_word' id='word_1_226' title='bbox 1057 2583 1183 2665; x_wconf 86' lang='lat' dir='ltr'>peperit,</span> <span class='ocrx_word' id='word_1_227' title='bbox 1203 2582 1440 2666; x_wconf 81' lang='lat' dir='ltr'>magnificeque</span> <span class='ocrx_word' id='word_1_228' title='bbox 1461 2579 1521 2640; x_wconf 87' lang='lat' dir='ltr'>Pa·</span> 
     </span>
     <span class='ocr_line' id='line_1_25' title="bbox 322 2673 1374 2762; baseline 0.006 -26"><span class='ocrx_word' id='word_1_229' title='bbox 322 2673 401 2737; x_wconf 86' lang='lat' dir='ltr'>risiis</span> <span class='ocrx_word' id='word_1_230' title='bbox 414 2693 502 2756; x_wconf 91' lang='lat' dir='ltr'>super</span> <span class='ocrx_word' id='word_1_231' title='bbox 514 2674 571 2738; x_wconf 85' lang='lat' dir='ltr'>heo</span> <span class='ocrx_word' id='word_1_232' title='bbox 584 2676 711 2742; x_wconf 79' lang='lat' dir='ltr'>victorie</span> <span class='ocrx_word' id='word_1_233' title='bbox 723 2679 742 2742; x_wconf 71' lang='lat' dir='ltr'>d</span> <span class='ocrx_word' id='word_1_234' title='bbox 754 2681 880 2743; x_wconf 86' lang='lat' dir='ltr'>summis</span> <span class='ocrx_word' id='word_1_235' title='bbox 893 2678 1064 2761; x_wconf 80' lang='lat' dir='ltr'>infimisque</span> <span class='ocrx_word' id='word_1_236' title='bbox 1077 2679 1301 2762; x_wconf 89' lang='lat' dir='ltr'>triumphatum</span> <span class='ocrx_word' id='word_1_237' title='bbox 1316 2685 1374 2742; x_wconf 86' lang='lat' dir='ltr'>est.</span> 
     </span>
    </p>
   </div>
   <div class='ocr_carea' id='block_1_3' title="bbox 0 0 1618 4700">
    <p class='ocr_par' dir='ltr' id='par_1_4' title="bbox 0 0 1618 4700">
     <span class='ocr_line' id='line_1_26' title="bbox 0 0 1618 4700; baseline 0 1"><span class='ocrx_word' id='word_1_238' title='bbox 0 0 1618 4700; x_wconf 95' lang='lat' dir='ltr'> </span> 
     </span>
    </p>
   </div>
  </div>
 </body>
</html>
