3225 4700
483 341 892 413 ITINERARIUM.
1224 347 1288 411 245

82 492 165 555 item
185 492 219 554 in
240 492 297 555 hoc
320 492 499 575 Principum
520 507 670 561 convectu
690 499 848 561 tractando
866 497 1120 578 consultandcque
1139 496 1210 573 siut,
1231 518 1287 558 nec

83 590 238 651 ulteriore
252 589 449 670 explicatione
463 591 610 675 indigere,
626 595 754 656 maxime
768 615 837 656 cum
852 594 948 656 cuivis
964 615 1138 656 commones
1159 595 1287 657 necessi·

86 694 169 747 tates
184 686 312 747 nimium
328 705 416 765 quam
430 695 508 749 notae
522 688 593 763 sint,
607 690 683 751 nihil
698 692 838 752 omnious
853 692 916 753 Sua
929 692 1068 753 Oaesarea
1082 691 1227 775 Majestas
1235 694 1289 774 ju-

87 783 220 855 dicavit,
235 790 342 863 praeter
356 802 391 842 ea
404 802 472 863 quae
481 784 547 865 jam
561 785 651 846 dictis
663 786 891 849 convocatoriis
911 788 1033 850 Litteris
1050 798 1192 852 contenta
1207 797 1288 865 sunt,

87 880 218 959 insuper
241 878 296 939 hoc
320 878 386 939 loco
406 880 495 941 etiarn
516 882 654 944 omnibus
672 883 872 958 Electoribus,
893 884 1098 966 Principibus,
1113 895 1143 948 et
1155 887 1290 949 Statibus

89 976 321 1055 absentiumque
336 974 524 1037 consiliariis
539 987 568 1039 et
584 978 706 1062 Legatis
719 979 823 1060 paucis
835 979 944 1041 iterum
958 999 1133 1061 proponere.

135 1070 160 1131 J
161 1091 210 1131 am
225 1090 303 1151 saepe
321 1072 411 1133 dictis
432 1071 630 1147 Electoribus‚
652 1076 858 1157 Principibus,
877 1087 907 1137 et
927 1077 1068 1148 Statibus,
1087 1078 1167 1138 sicut
1185 1087 1216 1139 et
1234 1080 1286 1139 ab·

90 1168 226 1229 sentium
246 1165 435 1229 consiliariis
455 1178 485 1229 et
506 1170 626 1251 legatis
647 1172 719 1233 satis
739 1180 845 1232 notum
865 1180 920 1245 est,
941 1190 1002 1253 qua
1021 1172 1136 1234 ratione
1157 1173 1290 1235 Serenia-

90 1265 201 1339 simus,
217 1262 458 1339 Potentissimus,
473 1284 508 1325 ac
522 1266 743 1329 Invictissimus
759 1267 906 1349 Princeps
919 1288 955 1330 ac
970 1267 1122 1331 Dominus
1136 1269 1289 1333 Dominus

93 1364 324 1424 Fraorunnnus
340 1362 388 1422 11.
405 1364 611 1425 Romanorum
627 1364 797 1445 Imperator
812 1362 981 1447 Hungariae
996 1374 1026 1425 et
1040 1364 1196 1426 Bohemiae
1210 1365 1289 1439 Rex,

93 1461 167 1523 Suae
182 1460 330 1521 Caesareoe
344 1458 514 1541 Majestatis
528 1459 616 1522 hodie
633 1460 785 1543 regnantis
798 1459 1044 1522 honoratissimus
1064 1460 1215 1522 Dominus
1228 1462 1289 1522 Pa·
1356 1527 1358 1530 ,

92 1577 165 1618 rens
178 1565 210 1618 et
229 1556 438 1618 Praedeceaeor
456 1556 488 1617 in
508 1557 641 1638 Imperio
660 1556 862 1618 Sanctissimae
879 1558 1041 1631 memorie,
1060 1558 1158 1619 dsuae
1177 1557 1291 1638 Mcjes·

91 1654 167 1715 tatis
179 1652 318 1713 inchoato
332 1652 464 1733 Imperio
479 1652 523 1714 nil
537 1653 634 1734 potius
648 1673 764 1734 semper
775 1651 1005 1713 clementissime
1018 1672 1054 1713 ac
1068 1654 1154 1733 plane
1168 1663 1290 1735 paterne

93 1749 259 1824 curaverit,
280 1768 371 1829 quam
392 1758 426 1811 ut
446 1748 571 1810 Sacrum
591 1748 765 1810 Romanum
784 1748 964 1828 Imperium,
984 1746 1147 1827 aliqnando
1166 1751 1289 1813 tandem

93 1856 167 1928 post
180 1855 277 1907 tantae
290 1846 392 1908 turbes
405 1848 444 1908 ad
457 1866 592 1907 securam
606 1865 721 1927 pacem,
736 1854 766 1906 ct
782 1853 967 1906 constantem
981 1844 1112 1923 quietem
1128 1846 1243 1922 reduci,
1261 1858 1292 1909 et

95 1944 205 2005 fideles
219 1944 284 2022 ejus
296 1942 459 2016 Electores,
472 1942 631 2023 Principes
641 1962 675 2003 ac
691 1941 793 2003 Status
803 1940 988 2023 gravissimis
997 1940 1141 2003 bellorum
1153 1944 1293 2005 oneribus

95 2039 240 2101 eximiae
254 2039 373 2100 liberari
388 2048 507 2119 possent
515 2060 525 2115 ;
546 2039 629 2119 quod
643 2038 740 2119 ipsum
755 2058 809 2119 per
821 2040 922 2098 varios
935 2037 1107 2097 Electorum
1125 2045 1156 2099 et
1171 2037 1292 2099 Princi-

97 2156 175 2219 pum
195 2134 367 2195 Conventus
387 2154 505 2197 summa
533 2155 602 2195 cum
623 2134 782 2216 diligentia
801 2142 833 2195 et
851 2132 999 2193 indefessa
1017 2142 1199 2214 paternaque
1220 2154 1294 2195 cura

97 2230 309 2295 ardentissimo
323 2232 462 2305 intendit,
476 2253 513 2294 ac
527 2231 675 2314 imprimis
689 2231 732 2292 nil
742 2230 827 2291 aliud
837 2230 1028 2304 desideravit,
1039 2248 1130 2309 qnam
1143 2238 1178 2290 ut
1190 2250 1293 2292 omnes

99 2328 262 2410 Principes
275 2328 306 2390 in
321 2328 354 2390 id
368 2329 580 2404 consentirent,
594 2329 676 2410 quod
690 2348 745 2390 sua
757 2328 897 2390 Cesarea
910 2326 1055 2409 Majestas
1073 2346 1143 2388 cum
1159 2325 1292 2390 Serenia-

97 2427 176 2488 simo
191 2424 330 2488 Saxonioe
345 2427 433 2488 Duce
448 2447 482 2486 ac
500 2425 637 2487 Electore
655 2427 749 2486 Anno
765 2425 852 2486 1635.
895 2424 1005 2505 Pragae
1019 2424 1082 2506 egit
1094 2432 1124 2483 et
1137 2424 1293 2486 conclusit.

141 2522 263 2582 Interea
277 2542 347 2584 vero
365 2533 521 2604 postquam
540 2542 594 2582 sua
611 2541 695 2582 sacra
713 2520 851 2581 Cesarea
872 2520 1017 2600 Majestas
1034 2519 1293 2582 clementissimus

101 2618 256 2680 Dominus
276 2628 375 2679 noster
396 2617 549 2698 praemissa
567 2626 709 2678 consueta
728 2616 824 2698 Regis
845 2617 1050 2678 Romanorum
1068 2625 1098 2676 et
1116 2635 1171 2696 per
1192 2636 1294 2679 conse·

100 2735 197 2797 quens
212 2713 406 2795 Imperatoris
420 2712 554 2794 legitimo
572 2711 738 2787 Electione,
754 2712 994 2773 molestissimam
1009 2711 1133 2792 Imperii
1147 2713 1294 2792 guberua-

99 2813 215 2874 ticnem
230 2809 369 2889 suscepit,
384 2829 445 2870 non
463 2809 563 2870 miuus
576 2807 702 2868 sollicite
717 2807 843 2882 curavit,
858 2828 947 2888 quam
962 2817 997 2869 ut
1004 2809 1095 2888 juxto
1109 2808 1293 2891 Progensem

100 2907 185 2990 pacis
203 2905 450 2988 compositionem
467 2924 557 2986 quam
577 2905 707 2986 primum
722 2904 854 2966 Comitia
867 2906 1026 2966 convocari
1039 2914 1168 2986 possent,
1182 2904 1213 2964 in
1227 2906 1296 2985 qni·

100 3007 157 3066 bus
170 3003 347 3065 fidelissimo
362 3002 546 3074 Electorum,
556 3001 747 3081 Principum,
756 3020 791 3063 ac
802 3010 933 3062 statuum
942 3000 1077 3062 Consilio
1084 3011 1114 3062 et
1121 3001 1296 3082 adjumento

101 3101 185 3162 dicta
197 3098 367 3181 pacificatio
380 3098 551 3160 omnimode
568 3099 606 3158 ab
623 3098 761 3159 omnibus
779 3106 994 3179 acceptaretur,
1009 3097 1107 3157 omnis
1128 3097 1296 3160 diffidentia

101 3197 182 3257 inter
195 3203 329 3276 caputet
342 3194 476 3254 membra
489 3192 659 3273 plenissime
677 3193 843 3267 tolleretur,
858 3194 1017 3273 omniaque
1030 3193 1183 3274 possibilia
1196 3197 1296 3256 media

102 3292 326 3366 adhiberentur,
340 3299 374 3352 ut
388 3290 482 3351 exteri
502 3289 650 3372 Regesne
672 3287 833 3369 Principes
846 3289 919 3350 illoc
933 3289 1163 3365 adducerentur,
1179 3301 1213 3353 ut
1225 3293 1294 3352 sub·

102 3389 172 3450 letis
192 3409 230 3451 ex
249 3387 382 3468 Imperio
402 3386 503 3460 armis,
523 3386 590 3466 paci
609 3385 729 3448 tandem
752 3385 854 3447 locum
875 3385 1096 3464 relinquerent;
1126 3395 1215 3467 atque
1236 3388 1294 3448 hoc

103 3485 196 3546 modo
207 3483 358 3564 quidquid
371 3483 410 3543 ad
426 3483 643 3563 promotionem
656 3481 764 3542 horum
778 3481 967 3543 comitiorum
980 3491 1011 3541 et
1024 3482 1219 3544 remotionem
1232 3503 1296 3543 om·

103 3581 190 3642 nium
209 3579 430 3642 obstaculorum
450 3597 569 3640 auream
592 3597 696 3658 paoem
716 3577 955 3658 impedientium,
976 3577 1157 3637 conduceret
1176 3597 1213 3637 ex
1233 3577 1296 3638 solo

16 3681 17 3706 ¹
104 3696 206 3738 amore
220 3675 324 3756 patriar
338 3675 472 3754 (remotis
486 3672 542 3736 hac
556 3673 621 3734 vice
640 3673 765 3756 privatis
778 3674 924 3756 cujusque
935 3672 1056 3753 juribus
1070 3691 1106 3734 ac
1120 3672 1301 3750 commodis)

105 3773 232 3854 quisque
246 3771 303 3832 sibi
317 3772 355 3833 ob
368 3771 470 3833 oculos
481 3779 613 3851 poneret.
