3225 4700
489 346 910 417 ITINERARIUM.
1232 354 1289 420 171

74 510 162 570 quos
181 494 329 576 captivos
344 497 596 579 comprehendere
610 508 725 582 posset:
747 500 799 582 qui
818 519 882 561 rem
898 501 1015 563 naviter
1028 510 1169 565 executus
1182 504 1293 586 magns

73 606 155 695 pum
168 587 272 651 laude
280 591 412 653 bostium
422 594 612 676 manipulum
625 596 723 660 fudit:
743 606 777 658 ut
787 598 868 659 edim
882 596 1028 659 intellexit
1036 598 1291 681 Coniugsmarok·

75 702 149 744 sum
174 696 309 749 centum
327 688 444 769 equites
459 710 529 752 cum
550 692 694 774 magistro
716 694 852 774 equitum
868 694 908 757 ad
927 694 1115 757 Haseliinam
1132 696 1291 767 dimisisse,

76 787 115 840 ut
129 782 322 860 praesidinm
336 784 398 847 illis
415 786 587 849 Goesureum
603 790 751 869 perderet,
766 788 816 852 vel
830 790 870 851 ad
887 790 1070 853 deditionem
1089 802 1218 875 cogeret,
1234 790 1290 853 bos

76 876 262 957 majoribus
277 880 386 942 animis
401 901 493 961 quam
508 883 622 945 viribus
638 884 774 947 adoritur
794 894 904 961 noster,
929 888 1123 967 mactatisque
1143 886 1287 968 pluribus,

77 984 220 1037 coeteros
232 975 385 1048 officiales,
398 977 546 1059 imprimis
556 979 739 1063 Magistrum
748 981 885 1061 equitum
894 981 924 1042 in
936 983 1136 1064 captivitatem
1146 982 1289 1055 admittit,

77 1068 192 1149 itaque
207 1072 318 1133 liberat
330 1074 551 1157 quinquaginta
562 1076 693 1138 militum
704 1077 909 1139 Ooesareorum
922 1078 1107 1159 prasidium,
1117 1078 1198 1157 quod
1206 1079 1286 1160 jam·

72 1164 147 1243 jam
159 1166 206 1229 de
220 1167 376 1230 deditione
387 1171 505 1252 agebat,
519 1173 681 1253 praedaque
694 1172 806 1256 insigni
819 1182 943 1234 onustus
956 1173 1035 1235 redit
1047 1173 1205 1235 Veehtam.

124 1261 211 1323 Non
221 1263 325 1326 miuus
332 1276 419 1327 atrox
428 1286 519 1348 quum
530 1268 695 1350 prostituta
702 1268 837 1331 audaciae
848 1268 964 1331 facinus
971 1268 1047 1330 illud
1061 1278 1115 1344 est,
1126 1269 1209 1349 quod
1220 1268 1288 1330 Erf-

79 1358 200 1420 fordiae
214 1360 378 1443 contigisse
390 1362 409 1422 d
422 1362 496 1424 siris
508 1362 571 1425 lide
583 1364 684 1447 dignis
697 1364 826 1427 relatum
839 1374 891 1427 est.
934 1365 1053 1447 Agebut
1069 1365 1100 1426 in
1118 1364 1200 1426 dicta
1216 1364 1288 1425 urhe

81 1454 272 1517 adolescens
286 1457 436 1540 vigesium
453 1460 618 1521 secundum
636 1480 728 1543 agenr
745 1481 869 1534 annum,
886 1462 935 1523 cni
951 1482 1060 1523 nomen
1078 1461 1102 1523 J
1103 1480 1213 1523 oannes
1223 1462 1288 1522 Au·

82 1551 219 1631 gustin;
241 1552 292 1614 hic
305 1573 344 1614 un
358 1554 476 1616 occulto
489 1557 636 1619 daemonis
648 1556 803 1632 instinctu,
818 1576 856 1616 an
870 1568 971 1637 aperto
984 1556 1138 1619 hominum
1153 1557 1287 1629 consilio,

82 1646 208 1722 nescio,
233 1646 371 1730 glsdium
389 1650 422 1711 in
437 1659 541 1713 aurato
558 1650 666 1734 capulo
682 1652 826 1725 licitatur,
844 1661 875 1713 et
893 1653 944 1713 nbi
961 1652 999 1714 de
1016 1652 1116 1734 precio
1137 1654 1288 1724 convenit,

84 1743 219 1817 coemit,
238 1764 275 1804 uc
289 1746 343 1806 abs
360 1766 444 1808 mora
461 1748 702 1810 Gubernatorem
717 1747 849 1809 civitatis
867 1746 1033 1807 Dominum
1047 1748 1084 1808 ds
1099 1746 1188 1809 Goltn
1206 1749 1288 1810 domi

84 1856 154 1899 snm
164 1840 288 1920 quierit,
297 1842 522 1925 alloquiumque
533 1844 681 1926 postulnt3
703 1864 773 1904 cum
782 1843 854 1905 verb
865 1843 903 1904 ob
913 1842 1044 1923 corporis
1055 1842 1288 1905 imbecillitatem

86 1944 170 1995 tunc
194 1936 270 1998 forti
291 1936 370 1999 adiri
389 1959 450 1999 non
470 1960 556 2021 posse
580 1940 736 2016 intellexit,
759 1960 830 2001 mox
851 1937 999 2001 colonelli
1018 1937 1185 2011 Vicarium,
1206 1949 1290 2001 extra

86 2032 206 2092 urbem
226 2033 257 2093 in
277 2042 372 2095 cestro
393 2036 524 2116 quodam
546 2035 706 2118 degentem
726 2035 839 2117 alloqui
860 2034 944 2116 petit,
967 2054 1035 2095 curn
1057 2052 1129 2095 vero
1149 2044 1179 2095 et
1202 2034 1287 2096 illum

89 2126 191 2188 domo
203 2128 234 2189 iu
247 2130 351 2191 urbem
365 2150 516 2213 egressum
530 2132 684 2213 comperit,
699 2132 843 2193 contiuuo
856 2130 999 2212 sequitur,
1014 2150 1140 2210 eumque
1153 2130 1287 2212 exinopi-

89 2234 169 2283 nato
186 2225 290 2285 stricto
306 2246 448 2287 mucrone
462 2226 608 2299 adoritur,
624 2227 821 2307 vulneratque
838 2226 933 2287 tribus
945 2224 1052 2290 ictibus
1065 2246 1119 2306 per
1132 2235 1288 2307 utramque

89 2319 262 2382 mamillam
281 2321 314 2382 in
331 2322 467 2406 inguine,
485 2322 555 2385 dein
578 2323 723 2385 famulum
742 2324 877 2406 ejusdem
896 2321 978 2384 circa
996 2320 1074 2383 latus
1092 2331 1194 2404 aperto
1211 2323 1286 2385 ostio

88 2417 229 2478 animam
257 2418 392 2480 emittere
419 2419 518 2502 cogit:
548 2420 653 2481 eodem
677 2420 788 2482 dehinc
815 2418 945 2502 percitus
970 2418 1079 2480 Oestro
1103 2417 1287 2500 Magistrum

89 2515 233 2592 equitnm
247 2514 353 2575 Kuorr
370 2515 410 2577 ad
424 2517 533 2577 ostium
548 2517 655 2577 domus
671 2536 734 2578 suae
751 2517 894 2578 otiantem
911 2515 975 2577 vita
992 2515 1085 2590 exuit,
1104 2514 1287 2596 militemque

89 2629 154 2671 uon
173 2611 282 2692 procul
300 2611 372 2673 inde
388 2613 559 2694 vagantein,
578 2633 634 2694 per
646 2611 801 2674 brachium
816 2612 922 2673 educto
936 2631 1005 2672 euse
1019 2619 1171 2672 cruentat:
1193 2610 1286 2672 alium

90 2706 229 2789 denique
241 2708 409 2783 officialem,
422 2708 477 2789 qui
489 2709 530 2770 ad
542 2709 723 2791 capiendum
736 2708 990 2788 vinciendumque
1002 2727 1205 2789 percussorem
1218 2727 1285 2768 san-

91 2805 270 2884 guinarium
282 2815 432 2868 tantorum
444 2805 588 2881 virorum,
602 2815 734 2882 venerut,
749 2804 912 2867 crudeliter
925 2804 1049 2866 saneim.
1078 2805 1111 2866 A
1120 2823 1191 2885 quo,
1206 2815 1285 2866 atro-

91 2899 225 2962 cissimis
243 2902 333 2963 etium
350 2901 492 2964 adhibitis
505 2902 661 2964 tormentis
678 2901 806 2983 exprimi
823 2920 977 2982 nunquam
995 2899 1092 2982 potnit
1109 2921 1164 2961 cur
1181 2901 1214 2962 id
1233 2911 1284 2962 aut

91 2998 184 3079 cujus
197 2997 343 3062 instinctu
355 2998 481 3059 fecisset.
511 2997 677 3060 Tormenta
685 3016 806 3079 quoque
818 2996 943 3059 immoto
955 2997 1016 3059 t'ere
1026 2995 1112 3058 vultu
1124 2995 1202 3056 miri
1214 3016 1284 3059 cum

91 3093 241 3172 patieutis
259 3094 411 3167 sustinuit,
433 3113 562 3174 cumque
579 3093 599 3155 i
616 3093 752 3174 Syudico
772 3093 854 3154 urbis
875 3093 1126 3175 presentibusque
1147 3092 1283 3174 plurimis

92 3189 272 3252 officialibus
291 3191 324 3250 in
347 3191 454 3272 Bnrgo
474 3189 597 3271 Cyriaci
620 3191 752 3273 graviter
774 3190 1004 3262 examinaretur,
1026 3187 1110 3248 aliud
1129 3208 1282 3268 nunquam

93 3283 191 3348 fassus
202 3299 258 3358 est,
269 3306 361 3368 quam
373 3287 456 3368 quod
470 3286 530 3348 Dei
538 3287 626 3368 jussu
639 3285 755 3348 facinus
768 3285 846 3347 illud
859 3305 1015 3368 aggressus
1028 3291 1113 3346 esset.
1149 3282 1282 3363 Ideoque

93 3380 189 3444 altera
197 3383 221 3445 J
224 3382 276 3444 ulii
286 3385 326 3445 ad
334 3382 515 3465 supplicium
528 3383 653 3444 eductus
663 3395 718 3458 at,
732 3393 763 3444 et
775 3381 972 3444 candentibus
981 3380 1111 3463 primum
1121 3378 1283 3462 forcipibus

94 3477 235 3556 laniatus,
246 3481 317 3542 dein
330 3482 428 3562 capite
441 3478 556 3561 plexus,
567 3479 696 3561 denique
710 3479 742 3539 iu
753 3488 882 3560 quatuor
894 3487 991 3561 partes
1003 3485 1100 3540 sectus
1112 3495 1283 3557 suspensus·

93 3595 155 3656 que
169 3585 225 3637 est.

135 3671 244 3734 Simile
261 3669 373 3733 fuctum
389 3670 480 3754 paulo
495 3680 565 3734 ante
582 3691 643 3734 nou
665 3672 769 3752 procul
791 3671 918 3734 Parisiis
936 3669 1080 3734 accidisse
1099 3677 1283 3750 compertum
1311 3695 1313 3702 ·
