3225 4700
511 340 920 411 ITINERARIUM.
1242 344 1305 409 211

102 496 217 552 vestra
230 489 364 569 videant,
377 512 432 555 uos
446 509 502 557 uec
515 496 571 559 sub
579 496 748 571 exordium,
763 515 821 559 uec
828 496 885 558 sub
896 495 1023 572 exitum,
1032 495 1065 557 in
1078 494 1306 558 confirmatione

104 584 241 649 Pacifici
253 596 399 652 tractatus
412 590 493 653 illius
507 592 654 655 ullatenus
676 592 829 656 obstacula
845 592 1000 674 posuisse:
1025 601 1170 655 testamur
1185 610 1305 673 quoque

101 702 212 744 coram
234 686 330 748 oculis
355 686 478 749 Divina
504 686 686 770 Majestatis,
710 687 793 767 quod
812 685 873 748 huc
892 705 987 766 usqua
1010 687 1094 748 omni
1114 685 1307 749 contentione

102 790 220 852 nosue,
235 782 266 844 in
281 782 339 846 boc
350 785 466 847 mundo
479 784 522 846 nil
537 782 647 866 potius,
661 803 754 865 qnam
765 803 872 865 paoem
884 784 1096 865 optaverimus,
1107 784 1158 847 rel
1174 784 1304 845 maxime

100 876 146 937 ob
157 878 366 959 gravissimam
380 900 483 943 curam
496 880 584 941 nobis
597 880 823 942 incumbentem
839 878 921 941 circa
938 878 1038 943 filium
1050 889 1186 944 nostmm
1205 879 1304 941 mino·

101 990 243 1050 munem,
259 976 309 1037 cui
318 976 478 1058 (quoniam
491 977 556 1057 ejus
569 975 693 1038 tutelam
703 974 905 1058 suscepimus)
914 994 969 1037 suo
979 985 1113 1059 tempore
1123 976 1304 1059 responden·

100 1070 185 1131 dnrn
210 1070 277 1147 erit,
304 1072 340 1133 si'
355 1092 416 1153 qua
437 1072 603 1135 commodis
628 1071 710 1135 illius
730 1072 926 1135 obstaremus.
969 1074 1096 1135 Utinam
1120 1074 1225 1135 saltem
1251 1092 1306 1155 per

101 1166 378 1250 Magantinanssm
400 1178 562 1233 bacatum
582 1170 672 1251 plena
691 1190 751 1252 pax
776 1170 809 1231 in
829 1179 923 1232 totam
940 1170 1083 1233 afflictam
1106 1169 1303 1233 Germaniam

101 1267 212 1329 reduci
229 1268 382 1348 potuisset,
402 1278 482 1331 certe
502 1268 624 1331 anobis
643 1269 728 1332 nulla
740 1289 875 1350 unquam
898 1278 1023 1343 remota,
1040 1267 1159 1329 nullum
1177 1264 1303 1346 impedi·

100 1372 242 1425 mentum
261 1364 375 1439 inisset,
395 1365 560 1448 injecturut
590 1367 644 1429 sed
666 1366 922 1449 quemadmodum
943 1366 1019 1428 mibi
1036 1383 1155 1449 semper
1175 1362 1304 1426 dubium

99 1460 173 1535 fuit,
189 1479 228 1519 an
241 1460 431 1539 particularis
443 1460 618 1545 hujusmodi
631 1456 775 1526 mactmus
788 1462 1003 1547 scaturiginem
1013 1472 1075 1525 tam
1088 1460 1207 1525 cruenti
1219 1456 1301 1533 belli,

99 1576 143 1617 ex
161 1572 223 1636 qua
234 1556 300 1637 jam
319 1567 381 1619 tota
399 1558 566 1620 Germania
577 1560 753 1634 inundatur,
764 1561 916 1623 obsanare
928 1570 959 1623 et
971 1561 1120 1637 cohibere,
1133 1567 1303 1622 exterorum

100 1653 286 1737 Principum
300 1656 379 1717 vires
391 1656 529 1737 frangere
539 1665 571 1719 et
580 1654 764 1740 propulsare,
776 1660 807 1719 et
822 1656 1019 1720 universalem
1029 1677 1135 1739 pacem
1147 1656 1227 1735 (sine
1240 1671 1302 1734 qna

100 1752 295 1832 particularis
305 1750 517 1833 tranquillitas,
528 1753 746 1836 qualiscunque
759 1754 884 1817 demum
896 1754 946 1830 sit,
960 1772 1064 1815 secura
1077 1754 1238 1815 consistere
1248 1770 1301 1811 ne·

105 1848 188 1928 quit,
203 1850 285 1929 quod
298 1850 449 1909 vanarum
462 1846 627 1911 Nationum
637 1850 791 1914 luculenta
802 1849 940 1932 exempla
951 1847 1071 1911 abunde
1080 1850 1222 1931 probant)
1234 1846 1303 1907 red·

101 1944 179 2005 ders
198 1955 228 2008 et
247 1944 380 2007 stabilire
397 1944 529 2026 possint3
562 1945 605 2008 ita
622 1955 792 2029 temporum
811 1947 921 2009 borum
941 1956 1050 2019 motus,
1069 1942 1302 2027 quoquomodo

101 2058 273 2122 possumus,
287 2042 319 2103 in
331 2040 468 2103 meliores
478 2060 573 2104 annos
584 2051 616 2105 et
628 2045 745 2125 aptiora
762 2055 899 2126 tempora
915 2042 993 2106 ferra
1010 2044 1165 2106 debemus.
1208 2041 1300 2102 Hanc

102 2156 182 2200 vero
192 2139 233 2201 ud
244 2146 430 2201 mactantem
444 2138 574 2219 quietam
588 2149 620 2202 et
632 2140 833 2203 universalem
845 2160 951 2222 pacem
965 2141 998 2202 in
1012 2139 1177 2203 Germania
1188 2138 1302 2201 stabili·

102 2236 216 2297 endam
233 2234 455 2297 murimimam
473 2243 505 2297 et
523 2236 637 2319 regiam
659 2238 752 2313 viam,
776 2256 832 2319 pro
848 2247 950 2300 nostra
966 2237 1168 2320 simplicitate,
1185 2236 1301 2299 indica·
1391 2278 1397 2289 -

101 2350 214 2394 mutus.
256 2332 291 2394 Si
310 2332 408 2415 primo
429 2330 587 2396 Generalis
607 2333 749 2396 amnistia
768 2342 988 2416 procuraretur,
1009 2334 1127 2417 privata
1139 2333 1300 2397 commoda

99 2441 328 2512 reponerentur,
342 2429 447 2510 patriae
459 2429 670 2492 communibus
688 2431 776 2494 rebus
797 2431 992 2513 particularia
1011 2431 1213 2493 emolumenta
1233 2441 1300 2513 post

100 2526 294 2600 haberentur,
308 2525 390 2588 bisce
402 2525 548 2588 lrellorum
563 2527 694 2589 motibus
707 2527 811 2608 inique
820 2527 928 2600 ablata,
943 2528 1072 2592 maxime
1085 2528 1188 2590 viduis
1199 2538 1230 2590 et
1242 2548 1298 2609 pu·

100 2623 185 2706 pillis
198 2624 433 2699 restituerentur,
448 2621 619 2706 Religionis
631 2633 663 2686 et
675 2623 749 2686 fidei
763 2641 811 2686 res
824 2625 857 2686 in
876 2623 1003 2707 pristini
1019 2625 1156 2688 libertate
1175 2625 1298 2688 inacte

100 2719 354 2802 relinquerentur,
362 2720 586 2783 consututionas
595 2721 720 2804 Imperii
731 2721 925 2798 salutaresad
935 2721 1067 2784 debitam
1078 2721 1298 2783 observantium

99 2825 349 2890 restaurarentur,
358 2817 549 2878 necessitates
561 2815 688 2898 Imperii
700 2814 902 2878 Generalibus
911 2815 1052 2879 comitiis
1061 2815 1196 2878 omnium
1206 2815 1299 2877 Prin·

100 2913 205 2994 cipum
220 2921 250 2975 et
263 2921 395 2976 statuum
402 2915 492 2995 juxta
506 2911 631 2993 antiqua
646 2913 719 2994 jura
732 2921 979 2994 proponerentur,
996 2921 1029 2974 et
1045 2912 1297 2986 examinarentur,

100 3009 295 3071 difficultates
305 3029 425 3090 qnoque
437 3009 585 3091 cujusque
598 3009 710 3072 ibidem
723 3009 902 3072 audirentur
915 3019 945 3072 et
961 3009 1092 3092 benigne
1109 3007 1298 3090 disputaren-

101 3117 171 3168 tur:
191 3125 246 3188 per
258 3127 325 3187 quse
339 3107 488 3190 imprimis
495 3105 662 3189 justissima
674 3105 888 3188 omnipotentis
898 3105 960 3167 Dei
970 3104 1026 3182 ira,
1038 3106 1120 3168 unde
1130 3125 1234 3168 omnes
1244 3107 1299 3169 hus

101 3203 287 3264 calamitates
300 3202 450 3286 proficisci
463 3203 554 3265 nimis
572 3223 663 3284 quarn
677 3212 792 3266 certum
805 3213 861 3279 est,
880 3211 1050 3284 pacaretur,
1064 3201 1122 3263 orti
1141 3211 1172 3264 et
1185 3203 1251 3284 jum
1265 3203 1298 3264 in

101 3317 224 3360 omnam
237 3317 329 3382 prope
344 3301 496 3382 Europam
508 3299 613 3362 diffusi
626 3309 726 3362 motus
739 3307 770 3362 et
783 3298 973 3374 differentias,
987 3298 1014 3358 si
1031 3318 1092 3360 nou
1105 3299 1229 3361 omnino
1241 3299 1299 3362 tol·

102 3394 247 3472 letantur,
272 3397 378 3460 saltem
402 3398 590 3480 aliquatenus
610 3397 831 3480 mitigarentur,
854 3395 966 3457 exteris
987 3394 1183 3476 Principibus
1201 3397 1299 3458 omnis

102 3511 177 3552 aun
194 3493 412 3556 movendorum
430 3505 461 3556 at
478 3493 752 3556 continuandorum
773 3492 920 3555 bellorum
940 3490 1103 3568 tolleretur,
1126 3492 1299 3554 Romanum

104 3587 270 3669 Imperium
286 3589 449 3652 indiuisum
463 3591 496 3651 in
509 3589 633 3670 antiqno
644 3589 746 3672 rigore
756 3595 991 3662 conservaretur,
1002 3589 1169 3670 perieulum
1180 3610 1300 3671 quoque

102 3684 220 3745 externi
243 3684 436 3763 Dominatus,
458 3686 477 3749 a
496 3684 604 3748 uestris
624 3685 903 3762 Domiuatiouibus,
924 3685 1105 3767 inpropriis
1125 3685 1231 3747 litteris
1255 3684 1299 3746 al-
