3225 4700
349 344 416 409 310
746 336 1149 407 rrrunnuaruu.

348 492 463 554 mature
476 491 656 574 cogitarunt,
670 492 779 572 quibus
790 492 904 553 viribus
918 491 1039 553 obviare
1051 489 1173 553 vellent.
1208 489 1257 551 Ao
1271 485 1393 570 insuper
1407 489 1449 551 de
1464 493 1544 549 nort
1591 526 1592 529 =

347 588 499 670 republict
510 589 589 650 iuter
599 608 631 650 se
643 588 821 650 stabilienda
834 588 959 651 consilia
972 596 1174 670 susceperunt,
1189 606 1277 667 quem
1295 585 1417 647 unicum
1434 587 1542 647 crede·

347 683 419 745 bant
430 685 552 746 modum
565 684 712 746 evadendi
725 687 742 746 ὲ
753 684 832 767 regis
843 685 1016 746 dominatu:
1036 694 1126 765 atque
1139 691 1173 745 ut
1185 684 1251 745 haeo
1264 683 1388 745 consilis
1401 685 1540 745 securim
1591 702 1592 763 ι

345 778 539 858 procederent
545 789 575 841 et
586 779 690 841 fortius
697 779 909 855 stabilirentur,
920 780 953 841 in
963 779 1107 842 auxilinm
1117 798 1240 841 evocare
1252 778 1421 841 Galliarum
1433 800 1538 861 regem

345 874 570 950 constituerunt,
585 875 640 937 sub
656 876 742 957 cujus
756 876 939 957 protectione
957 896 988 937 se
1005 885 1084 937 tutos
1104 876 1165 938 fore
1185 875 1404 937 arbitrabantur
1413 898 1422 953 ς
1446 890 1536 956 atque

344 978 379 1031 ut
393 959 499 1032 Gallus
512 972 661 1053 suppetias
674 992 734 1033 non
747 981 881 1055 negaret,
895 970 998 1033 diffisis
1011 971 1244 1033 catalaunorum
1257 971 1446 1047 constantiae,
1460 972 1534 1034 duas

344 1068 373 1129 ei
395 1068 575 1130 munitiones
597 1068 677 1129 intra
698 1087 835 1150 regnum,
864 1088 919 1149 pro
941 1068 1097 1129 securitate
1120 1067 1265 1149 tantisper
1290 1066 1476 1145 obtulerunt,
1498 1088 1532 1128 ac

343 1164 460 1225 obsides
477 1164 509 1224 in
530 1162 645 1226 Gallias
658 1164 802 1224 miserunt
814 1164 893 1225 viros
908 1164 985 1225 inter
998 1162 1123 1239 olerum,
1136 1162 1260 1239 nobiles,
1276 1172 1306 1224 et
1327 1163 1408 1225 cives
1421 1165 1532 1244 prima·

343 1259 404 1321 rios
410 1280 421 1335 3
456 1259 522 1340 conj
527 1266 650 1320 orarunt
668 1258 800 1341 insuper,
821 1258 904 1321 dicto
924 1266 1117 1334 sacramento,
1138 1258 1219 1340 quod
1242 1258 1357 1319 nullam
1378 1268 1448 1339 post
1476 1259 1531 1323 bac

342 1355 510 1434 pactionem
524 1374 593 1416 oum
607 1352 825 1434 Hispaniarum
838 1374 909 1436 rege
922 1354 1077 1416 admittere
1090 1354 1213 1428 vellent,
1227 1374 1317 1435 seque
1330 1355 1531 1436 jurejurando

342 1450 522 1533 obligarunt,
537 1459 571 1511 ut
583 1447 635 1511 ille
646 1449 842 1511 candentibus
858 1449 1020 1532 forcipibus
1037 1449 1069 1510 in
1086 1448 1196 1511 irrastm
1214 1448 1386 1511 minutatim
1403 1449 1530 1512 divelle·

342 1554 434 1620 retur,
449 1554 501 1606 aut
512 1545 598 1606 virus
605 1546 638 1606 iu
649 1564 757 1627 rogum
767 1544 943 1606 ustulandua
954 1544 1161 1627 conjiceretur,
1172 1545 1225 1626 qui
1236 1545 1350 1626 primus
1361 1564 1529 1607 sermonem

340 1641 380 1703 de
392 1640 487 1721 pactis
498 1660 568 1702 oum
581 1640 666 1723 Rege
681 1640 840 1723 Hispania
853 1642 1049 1723 suscipiendis
1062 1641 1094 1702 in
1108 1639 1290 1721 colloquium
1305 1640 1414 1702 inferre
1424 1641 1529 1704 fuisset

339 1755 436 1798 ausus.
478 1736 569 1799 Unde
582 1757 643 1799 non
656 1736 714 1799 fuit
725 1737 848 1799 difficile
863 1737 1021 1799 Franciam
1034 1737 1074 1799 ad
1086 1736 1198 1799 auxilia
1210 1737 1333 1799 ferenda
1343 1756 1527 1817 permovere.
1591 1762 1592 1805 ι

340 1831 460 1893 Interea
472 1852 509 1893 ex
522 1833 569 1894 his
582 1841 612 1895 et
624 1832 770 1895 similibus
783 1832 850 1894 aliis
862 1830 1059 1915 liquidissime
1073 1834 1200 1915 patebat,
1215 1832 1335 1913 quantis
1347 1832 1425 1893 odiis
1437 1834 1527 1895 cau·

338 1926 421 1988 launi
434 1927 466 1989 in
480 1926 596 2011 Regem
609 1947 697 1991 snum
709 1937 915 2005 exaestuarent,
929 1930 1069 2011 quodque
1082 1928 1187 1990 amicae
1201 1928 1397 1999 conditiones,
1409 1929 1441 1991 in
1453 1950 1525 2010 quaa

339 2023 555 2106 Hispaniarum
569 2024 636 2086 Rex
647 2026 746 2087 denuo
758 2025 892 2087 animum
906 2025 1090 2101 intendebat,
1104 2026 1185 2107 apud
1204 2024 1329 2087 furiosos
1346 2026 1466 2087 nullum
1480 2046 1525 2088 ea-

337 2125 402 2177 sent
415 2124 574 2197 repertura
587 2116 704 2179 locum:
725 2136 764 2177 ne
777 2127 877 2178 tumen
893 2137 945 2178 rex
958 2116 1087 2179 defuisse
1100 2127 1131 2178 et
1145 2136 1207 2179 sura
1225 2115 1390 2179 clementiae
1408 2127 1439 2179 et
1457 2120 1525 2179 sub-

300 2276 302 2280 ,
337 2211 467 2273 ditorum
490 2211 666 2288 commodis,
688 2212 773 2294 argui
795 2221 904 2293 posset,
927 2212 966 2274 ad
984 2232 1134 2273 summum
1158 2211 1341 2273 Pontificem
1363 2212 1524 2275 Urbanum

336 2306 433 2369 VIII.
454 2306 519 2389 ejus
538 2306 667 2368 nominis
685 2306 785 2369 literas
804 2306 967 2389 expedivit,
987 2308 1096 2388 quibus
1114 2326 1199 2370 suam
1220 2308 1416 2371 Sanctitatem
1436 2310 1523 2373 enixe

336 2405 469 2486 rogabat,
482 2411 516 2465 ut
529 2403 650 2486 prount
663 2414 795 2485 paterna,
816 2389 875 2483 qua
892 2413 969 2466 esset
985 2403 1017 2464 in
1037 2403 1180 2465 Ecclesia
1197 2403 1369 2466 orthodoxa
1388 2405 1521 2467 subditos

334 2520 407 2561 cura
418 2501 610 2562 mediatorem
623 2509 725 2582 ageret
738 2500 815 2561 inter
827 2501 966 2562 adversas
980 2509 1086 2580 partes,
1097 2509 1126 2560 et
1136 2500 1267 2562 subditos
1277 2519 1331 2562 suo
1342 2501 1405 2582 regi
1415 2521 1520 2562 recou-

334 2595 466 2658 oiliaretr
488 2596 520 2656 in
533 2615 624 2676 quam
638 2616 700 2657 rem
714 2596 869 2658 &manas
882 2595 1025 2658 Pontifex
1036 2615 1155 2678 operam
1169 2615 1253 2658 suam
1266 2596 1380 2678 prolixe
1392 2597 1517 2671 addixit.

334 2693 387 2754 sed
398 2711 467 2752 cum
479 2711 632 2753 successus
644 2711 703 2752 non
716 2693 909 2773 responderet
921 2691 1009 2767 rotis,
1026 2711 1118 2754 novas
1134 2692 1242 2754 iterum
1261 2695 1361 2774 copies
1378 2693 1410 2754 in
1430 2695 1518 2756 obsti·

333 2796 418 2850 natos
431 2787 561 2869 disponit
573 2787 699 2848 educere
716 2786 882 2868 Hispanus,
900 2786 981 2850 houd
1000 2787 1129 2868 aequiora
1146 2807 1235 2868 quam
1249 2789 1304 2850 sub
1321 2789 1442 2852 initIum
1461 2791 1517 2852 for·

332 2893 424 2959 tuua3
444 2903 514 2944 narn
527 2882 635 2963 sepius
647 2901 717 2942 oum
731 2881 817 2944 clade
830 2883 849 2945 b
862 2881 1036 2945 CatalaunIs
1053 2881 1208 2964 Gallisque
1224 2885 1276 2964 qui
1284 2885 1351 2965 jam
1367 2887 1516 2968 suppetias

332 2981 471 3054 tulerant,
491 2977 627 3059 repulsus
645 2985 700 3040 est.
742 2975 926 3040 Gravissime
944 2988 1045 3040 autem
1071 2977 1201 3060 Hispani
1223 2989 1377 3042 senserunt
1399 2981 1514 3043 cladem

331 3095 421 3156 quam
445 3075 464 3137 d
487 3073 759 3136 Barcinoneueibus
780 3081 969 3155 occeperunt.
1010 3071 1234 3136 convocaverat
1255 3075 1322 3136 Rex
1342 3074 1513 3138 Catholicae

331 3188 450 3232 omnem
463 3169 578 3231 militia
590 3169 693 3231 florem
707 3189 761 3250 per
775 3169 964 3250 Hispaniam,
982 3175 1046 3230 tum
1064 3169 1096 3229 in
1115 3186 1220 3250 campo
1239 3178 1300 3231 tum
1318 3171 1351 3232 in
1369 3172 1513 3253 presidiis

331 3273 479 3346 agentem
496 3265 577 3327 huno
594 3273 630 3327 ut
648 3266 798 3327 auxiorem
819 3265 959 3326 educeret
975 3271 1079 3326 contra
1095 3262 1203 3340 hostes,
1222 3265 1372 3327 exciverat
1387 3267 1477 3328 etium
1494 3271 1510 3329 b

331 3359 441 3442 Belgio
452 3360 584 3442 legiones
596 3359 757 3444 plusculas,
771 3369 802 3423 et
814 3359 893 3422 inter
905 3379 954 3422 eas
966 3359 1166 3440 hyberuorum
1179 3360 1347 3441 manipulos
1357 3364 1509 3443 exquibus

330 3457 467 3520 omnibus
481 3457 598 3536 justum
614 3456 797 3519 conflaverat
816 3455 989 3531 exercitum,
1009 3475 1099 3536 quem
1116 3455 1264 3536 prefectis
1281 3476 1351 3518 oum
1368 3468 1507 3540 potestate

329 3554 456 3616 ducibus
474 3561 556 3614 recta
572 3561 677 3614 contra
695 3551 932 3614 Barcinonenses
949 3551 993 3614 ire
1003 3551 1113 3632 jussit:
1138 3553 1191 3632 qui
1209 3551 1283 3614 dum
1300 3554 1461 3616 animosior
1476 3556 1505 3617 iu

328 3650 441 3714 hostem
454 3657 555 3712 movet
566 3649 599 3710 iu
612 3648 763 3731 propriam
777 3647 872 3712 ruisse
888 3646 1006 3710 ruinam
1023 3667 1055 3710 se
1068 3648 1134 3711 serb
1151 3659 1291 3712 amarat:
1315 3669 1386 3712 nam
1405 3651 1505 3714 Barci-
