3225 4700
750 530 906 640 ἔθλ-
962 501 1177 614 ,2⁴1
1433 524 1547 635 ²2².
1809 498 1919 606 ³11
2180 517 2292 628 212
2549 515 2650 600 ’.ῃ
2931 601 2956 617 .

1558 812 1624 885 C
1639 811 1708 885 A
1722 810 1781 885 P
1798 809 1868 885 U
1880 810 1948 886 T
2017 808 2076 885 L
2091 810 2186 884 X.

1264 961 1370 1029 De
1395 960 1575 1027 rebus
1597 962 1791 1050 gestis
1819 959 1907 1026 ad
1939 956 2466 1044 Wofenbuthum.

735 1161 827 1301 ,¹³-
827 1305 831 1313 ¹
907 1189 1020 1313 χή,
1048 1246 1096 1285 sp.
1152 1142 1191 1293 Ϊ
1243 1242 1390 1305 pora
1428 1221 1739 1305 negotium
1777 1219 2023 1282 omnino
2057 1238 2370 1300 operosum
2411 1227 2473 1279 et
2502 1217 2752 1279 minime
2786 1227 3074 1299 opportu-

1108 1329 1124 1341 ““
1244 1338 1412 1392 ιιιιιιι,
1441 1318 1684 1398 quando
1710 1313 2277 1378 Wolfenbuthanam
2296 1313 2668 1375 obsidionem
2693 1313 2895 1374 moliti
2915 1323 3075 1373 sunt.

1076 1390 1188 1542 ἶ
1251 1415 1431 1477 Enim
1461 1434 1607 1476 vero
1633 1423 2030 1496 proeterquam
2059 1411 2223 1493 quod
2248 1419 2442 1473 castro
2469 1410 2560 1471 illi
2584 1410 2824 1472 abunde
2843 1419 2978 1471 erat
3003 1413 3077 1472 ab

748 1562 751 1565 ,
948 1574 956 1581 ,
1246 1510 1440 1572 omnis
1475 1510 1711 1593 generis
1743 1517 2018 1572 comeatu
2052 1506 2382 1590 provisum,
2409 1504 2852 1567 sufficientem
2833 1525 3080 1586 insuper

688 1586 1035 1692 receperat
1015 1542 1346 1669 defensioni
1370 1607 1646 1681 militem,
1675 1606 1776 1668 cui
1802 1626 1943 1667 cum
1969 1604 2222 1685 imperio
2240 1603 2558 1685 praefectus
2577 1603 2771 1665 fuerat
2799 1601 3079 1665 Rausch·

688 1704 1010 1785 enbergius
1037 1702 1132 1764 vir
1157 1702 1406 1764 consilio
1431 1711 1491 1765 et
1516 1703 1699 1764 armis
1724 1701 2218 1784 promptissimus.
2275 1695 2454 1770 Quod
2480 1700 2592 1761 etsi
2623 1698 3080 1781 Luneburgicos

689 1820 810 1861 non
833 1799 1075 1871 latebat,
1103 1799 1404 1862 desiderio
1430 1808 1630 1861 tamen
1646 1798 2091 1880 recuperande
2127 1796 2520 1859 haereditariae
2556 1796 2805 1857 ditionis
2840 1795 3080 1857 accensi

689 1896 1060 1958 obsidionem
1097 1896 1343 1957 omnino
1374 1897 1847 1978 prosequendam
1884 1904 2011 1957 toto
2045 1902 2266 1956 conatu
2304 1900 2621 1976 putarunt:
2672 1891 3080 1954 existimantes

694 1992 860 2054 tanto
895 1991 1188 2075 gloriosus
1224 1992 1352 2053 fore
1385 1991 1647 2067 vincere,
1688 1991 1914 2072 quanto
1950 1989 2361 2073 gloriosiorem
2389 1989 2551 2051 nacti
2584 1988 2835 2051 fuissent
2867 1988 3082 2050 adver-

693 2088 937 2162 sarium,
988 2097 1048 2150 et
1094 2086 1292 2150 locum
1344 2088 1726 2150 munitiorem
1780 2087 2176 2167 suscepissent
2217 2086 2708 2169 expugnandum.
2794 2085 3084 2168 Improbo
3174 2110 3175 2113 ¹

698 2184 883 2266 igitur
907 2184 1106 2246 labore
1134 2193 1194 2246 et
1218 2184 1517 2247 indefesso
1537 2184 1758 2260 studio,
1783 2184 2025 2245 mutatis
2047 2183 2349 2246 interdum
2372 2182 2748 2259 stationibus,
2766 2191 2829 2245 et
2846 2182 3082 2267 pffltis

701 2278 760 2338 in
792 2278 988 2360 plures
1012 2279 1310 2341 laboribus
1327 2278 1470 2341 illuc
1492 2299 1679 2361 usque
1698 2281 2001 2363 negotium
2026 2281 2452 2362 perduxerunt,
2477 2287 2543 2340 ut
2563 2298 2854 2360 aquarum
2873 2277 3080 2342 illuvie

698 2385 887 2436 totum
912 2387 1173 2439 castrum
1194 2377 1523 2454 inundarit,
1550 2378 1700 2439 adeo
1726 2386 1794 2439 ut
1819 2377 2223 2460 praesidiarius
2249 2377 2422 2438 miles
2445 2396 2566 2436 non
2593 2375 2710 2436 nisi
2730 2376 2793 2436 in
2814 2374 3077 2437 editiori-

700 2473 809 2532 bus
835 2473 980 2534 locis
1007 2474 1311 2535 continere
1338 2494 1400 2535 se
1426 2484 1640 2555 posset.
1723 2473 1806 2534 Et
1829 2473 1972 2535 licet
1994 2474 2071 2534 ob
2107 2473 2410 2555 angustias
2436 2470 2818 2533 habitationis
2850 2471 3076 2533 incom-

709 2569 968 2629 modisse
995 2570 1259 2651 degeret,
1291 2589 1402 2631 nec
1430 2570 1539 2631 diu
1564 2570 1871 2632 videretur
1897 2571 2073 2632 rebus
2100 2571 2187 2631 ita
2211 2569 2501 2630 stantibus
2529 2589 2699 2650 posse
2730 2569 3073 2652 perdurare3

706 2664 933 2725 invicta
957 2673 1155 2726 tamen
1183 2666 1465 2747 patientia
1494 2667 1718 2727 ducum
1745 2685 2089 2728 communes
2116 2665 2382 2727 miserias
2408 2685 2548 2726 cum
2583 2665 2859 2746 gregario
2892 2665 3076 2725 milite

707 2759 1128 2841 perferentium
1155 2771 1216 2822 et
1242 2760 1643 2823 obsidentium
1670 2762 1986 2845 proefracta
2008 2761 2262 2822 audacia
2286 2761 2350 2822 in
2378 2761 2700 2842 perniciem
2718 2761 3072 2822 obsessorum

712 2867 836 2917 tam
867 2857 1063 2920 valide
1089 2867 1150 2918 et
1176 2858 1419 2919 cordate
1446 2859 1749 2920 ruentium
1772 2858 2228 2932 existimulabat,
2259 2867 2325 2918 ut
2347 2867 2611 2919 extrema
2639 2858 2834 2939 potius
2856 2857 3071 2938 perpeti

711 2953 1052 3028 resolveret,
1082 2973 1263 3035 quam
1290 2953 1479 3014 furori
1506 2965 1567 3014 et
1594 2952 1916 3015 calamitati
1943 2954 2178 3015 cedere.
2261 2954 2584 3016 Eminebat
2607 2955 2761 3016 inter
2778 2954 3069 3035 praesidia·

712 3050 831 3112 rios
855 3060 1001 3111 tunc
1028 3049 1178 3110 forte
1216 3050 1289 3109 ab
1326 3050 1513 3110 animi
1549 3049 1901 3110 fortitudine
1927 3069 2236 3131 nunquam
2264 3050 2406 3111 satis
2432 3049 2766 3111 laudandus
2799 3051 3070 3131 equestris

717 3147 1005 3226 manipuli
1049 3145 1337 3207 Centurio
1375 3143 1943 3225 (Immerniichtern‚
1987 3165 2092 3205 seu
2129 3145 2374 3207 familiae
2407 3145 2665 3227 proprio,
2693 3165 2797 3206 seu
2838 3145 2874 3205 a
2910 3147 3067 3206 sociis

717 3240 927 3300 affecto
954 3241 1275 3324 agnomine
1305 3241 1698 3317 vocitabatur)
1727 3240 1833 3320 qui
1859 3260 2016 3321 saepe
2043 3242 2261 3324 saepius
2289 3250 2482 3303 castro
2507 3242 2776 3314 emissus,
2795 3262 2899 3323 per
2914 3243 3067 3304 cuui-

716 3335 882 3396 culos
919 3357 1371 3416 nonnunquam,
1414 3336 1767 3418 plerumque
1800 3347 2005 3418 aperto
2050 3358 2282 3420 campo,
2325 3337 2640 3399 vellicabat
2683 3337 2924 3415 hostem,
2965 3359 3063 3399 nec

718 3451 982 3512 unquam
1011 3432 1243 3495 redibat
1268 3432 1579 3514 inglorius,
1608 3432 1755 3512 quin
1775 3433 1873 3495 vel
1892 3435 2160 3515 captivos
2178 3437 2505 3507 reduceret,
2529 3433 2626 3495 vel
2645 3453 2846 3495 ensem
2864 3436 3060 3496 recenti

714 3524 974 3586 hostium
1001 3526 1291 3606 sanguine
1323 3525 1632 3586 rubentem
1659 3525 1922 3587 referret.
1981 3527 2188 3589 Rebus
2212 3530 2373 3591 hunc
2393 3530 2456 3590 in
2478 3532 2724 3593 modum
2751 3531 3060 3592 constitutis

714 3621 1057 3685 metuebant
1092 3621 1279 3702 copiae
1320 3621 1633 3694 Caesareoe,
1670 3643 1745 3682 ne
1782 3642 1900 3701 qua
1937 3623 2124 3685 nimia
2161 3627 2510 3689 necessitate
2546 3638 2941 3709 premerentur
2969 3628 3059 3689 ob-
