3225 4700
516 334 924 405 ITINERARIUM.
1268 344 1310 409 99

81 480 181 547 nelli
203 482 325 561 siclos,
350 484 522 563 Deveroun
548 488 720 567 corrasehi,
743 500 775 553 et
795 490 918 554 Meider
935 509 967 551 sc
988 489 1021 551 in
1037 489 1164 553 candem
1182 488 1312 554 insulam

82 582 271 645 transmitti
292 602 362 645 cum
383 585 446 645 suis
466 583 592 663 faciunt,
610 606 738 668 cumque
761 587 878 649 duabus
896 586 1034 648 noctibus
1058 586 1125 648 istic
1144 585 1309 664 latuissent,

82 680 302 741 commodum
315 680 481 762 operientes
494 689 621 763 tempus,
635 684 765 745 canendi
780 703 819 744 ex
832 682 995 765 improviso
1010 681 1168 745 classicum
1180 682 1309 745 hostem·

84 796 164 857 qne
179 777 327 853 terrendi,
341 777 467 839 militem
483 798 571 840 suum
586 779 679 860 qulm
694 788 818 862 possunt
832 778 975 841 latissime
991 778 1151 862 explicant,
1165 789 1196 841 et
1210 780 1308 861 primo

87 874 231 953 quidem
241 873 421 957 Dragonum
431 886 545 937 turmas
554 875 679 957 aliquot,
691 884 757 937 tum
768 876 893 957 equites,
905 886 1054 958 postremo
1065 876 1223 960 Dragones
1235 877 1310 939 alios

89 970 261 1050 pedestres
278 970 322 1032 ita
337 970 489 1046 ordinant,
503 980 537 1033 ut
554 971 648 1053 copie
661 972 837 1034 viderentur
853 972 947 1052 duplo
964 972 1102 1055 majores,
1115 982 1206 1053 atque
1219 972 1263 1035 sic
1275 973 1309 1035 in

89 1065 224 1129 hostem
237 1076 322 1140 eunt,
334 1086 463 1149 eumque
477 1067 508 1129 iu
522 1065 626 1151 fugam
642 1076 832 1129 convertunt.
872 1068 1002 1130 tuntum
1016 1078 1063 1130 cst
1075 1068 1203 1130 militem
1216 1088 1309 1132 navos

91 1162 243 1247 fidesque
264 1164 398 1225 nancisci
420 1164 533 1225 Duces.
575 1163 646 1226 Hoc
667 1164 763 1226 ausim
785 1185 842 1247 ego
863 1164 902 1226 de
923 1164 1078 1228 Germano
1102 1165 1197 1227 milite
1218 1166 1308 1227 etiam

86 1259 225 1341 juratus
232 1280 373 1336 asserere,
378 1259 530 1322 fortiorem
539 1260 591 1322 illo
596 1260 677 1323 haud
685 1259 820 1342 reperiri,
826 1259 851 1321 si
857 1260 947 1323 modo
953 1258 1010 1321 fidi
1016 1260 1176 1323 Generalis
1184 1262 1309 1324 ductum

93 1356 257 1419 obtineatr
278 1356 328 1419 laic
342 1357 423 1419 enim
436 1356 510 1417 dum
523 1357 673 1439 proposita
684 1356 884 1437 conclusaque
897 1356 1023 1419 consilia
1034 1356 1128 1438 quium
1142 1378 1214 1419 mox
1225 1378 1309 1420 exse-

93 1452 220 1533 quitur,
233 1452 361 1516 militem
376 1452 498 1515 habebit
512 1453 551 1515 ad
567 1472 622 1515 sua
637 1450 763 1533 imperia
777 1461 960 1533 promptum,
974 1474 1069 1530 secus,
1084 1454 1110 1514 si
1126 1453 1247 1516 differat
1261 1454 1309 1537 ig-

94 1551 224 1612 naviam
243 1552 276 1612 iu
290 1549 452 1611 Teutonico
468 1548 568 1610 animo
586 1548 730 1611 causabit.
771 1548 804 1610 N
805 1567 845 1609 on
860 1549 967 1611 attinet
982 1549 1118 1632 pluribus
1132 1550 1166 1612 id
1181 1550 1308 1612 demon·

93 1656 198 1709 strare
208 1645 363 1729 exemplis,
374 1644 463 1706 habet
472 1645 565 1707 lector
576 1643 700 1706 tmulto
713 1651 845 1725 tempore
854 1644 1080 1726 experientiam,
1089 1666 1180 1726 quam
1194 1648 1308 1710 nobiles

94 1764 183 1825 saepe
196 1743 346 1805 exercitus
356 1742 493 1804 funditus
505 1740 659 1821 perierint,
673 1740 798 1801 Ducum
807 1740 995 1801 solummodo
1009 1742 1208 1804 cunctatione.
1237 1742 1307 1815 Quo

93 1841 250 1923 majorem
263 1848 393 1901 meretur
405 1837 526 1899 laudem
542 1846 679 1897 strenuus
695 1836 758 1897 dux
773 1835 914 1910 Bredaw,
925 1835 979 1917 qui
996 1836 1147 1917 quidquid
1163 1837 1227 1919 egit
1244 1838 1306 1901 fide

94 1946 130 1997 et
150 1936 305 1997 celeritate
324 1943 403 1996 recte
423 1933 548 2015 peregit,
569 1932 654 2014 queis
673 1930 738 1993 sine
756 1930 881 1992 maximi
901 1931 991 1993 etiam
1011 1932 1104 1993 duces
1120 1953 1159 1995 ne
1174 1935 1306 2016 gregarii

94 2034 227 2114 quidem
239 2031 344 2094 militis
357 2039 508 2092 merentur
522 2049 642 2091 nomeu.
686 2028 748 2090 Sed
761 2029 800 2090 ad
815 2028 936 2090 Ducem
951 2028 1157 2090 Florentinum
1172 2041 1303 2092 reverta·

93 2150 170 2191 mur
183 2128 238 2209 qui
251 2148 283 2190 se
295 2128 336 2189 ad
348 2126 587 2210 Wolgastianam
599 2124 852 2209 expugnationem
869 2124 1066 2187 senissimum
1079 2126 1210 2189 ostendit
1224 2127 1304 2189 mili·

95 2236 180 2287 tem:
207 2232 365 2307 postquam
387 2221 467 2283 enim
489 2222 528 2283 dc
548 2220 721 2284 necessariis
740 2221 880 2283 omnibus
900 2222 941 2283 ad
961 2242 1028 2282 eam
1050 2223 1302 2305 expugnationem

95 2320 310 2407 prospexisset,
320 2318 490 2401 duplexque
498 2318 757 2402 propugnaculum
767 2318 798 2380 in
807 2338 895 2381 usum
903 2317 1079 2380 bellicorum
1087 2328 1302 2384 tormentorum

93 2419 266 2502 wa,
276 2416 456 2499 navigioque
470 2413 606 2496 pluscula
614 2415 768 2498 compingi
778 2423 922 2490 curasset,
932 2413 964 2475 in
978 2434 1107 2495 quorum
1115 2415 1212 2478 monte
1221 2437 1301 2478 cras·

92 2518 193 2578 siores
203 2533 313 2576 asseres
325 2512 459 2594 undique
471 2511 633 2594 perforatos
646 2511 722 2594 erigi
736 2511 864 2583 curavit,
875 2510 929 2592 qui
938 2520 970 2572 et
978 2531 1046 2572 suos
1059 2508 1253 2573 defenderent
1262 2513 1300 2574 ab

91 2611 202 2676 hostili
219 2609 427 2692 ejaculatioue‚
441 2615 471 2670 et
483 2627 543 2669 non
562 2607 742 2689 impedirent
759 2607 798 2670 ad
815 2607 1026 2691 ejaculandum
1039 2608 1072 2669 in
1088 2605 1195 2684 hostes,
1207 2619 1299 2690 ponte

89 2709 230 2789 denique
245 2707 335 2770 etiam
352 2704 516 2767 stratuisset
530 2703 670 2766 lacunam
688 2703 785 2780 illam,
795 2723 865 2786 qne
880 2703 959 2766 inter
973 2703 1125 2766 civitatem
1142 2705 1181 2766 ad
1197 2725 1298 2768 arcem

91 2806 217 2869 aditum
235 2803 421 2885 prohibebat,
444 2799 523 2862 nond
544 2799 722 2862 Decembris
744 2801 800 2863 snb
822 2820 918 2862 seram
939 2821 1106 2884 vesperam,
1126 2810 1158 2863 et
1179 2800 1299 2863 decimi

89 2901 232 2984 ejusdem
245 2899 399 2963 matutinis
414 2897 505 2972 horis,
519 2905 581 2958 tam
595 2896 724 2958 ferocem
738 2896 799 2978 qut
813 2897 976 2980 majoribus
990 2896 1157 2972 tormentis,
1169 2897 1232 2979 qui
1247 2897 1297 2960 lis-

90 2999 166 3063 tulis
179 2997 357 3074 minoribus,
372 2996 443 3058 fecit
454 2995 612 3076 impeturn,
624 3003 658 3056 ut
669 2991 799 3056 hostium
812 3013 901 3056 nemo
916 2994 1040 3056 auderet
1051 2994 1101 3056 vel
1113 2993 1264 3057 tantillum
1277 2993 1295 3056 t

91 3095 216 3160 meniis
233 3093 414 3176 prominere.
455 3091 519 3152 Ubi
535 3091 607 3152 vero
626 3091 701 3152 Dux
715 3089 875 3152 Florentia
892 3091 969 3153 vidit
986 3091 1094 3154 bonam
1112 3091 1294 3154 clathrorcm

91 3203 210 3275 partem
223 3211 287 3253 esse
300 3190 468 3273 disjectam,
482 3189 522 3250 ad
533 3186 778 3250 refocillationem
791 3186 898 3248 militis
911 3187 974 3250 vini
986 3188 1198 3270 cerevisiaeque
1213 3187 1296 3251 dolia

90 3291 210 3370 aliquot
226 3285 360 3368 expromi
373 3285 474 3366 jussit,
491 3285 599 3367 quibus
616 3283 712 3365 epotis
727 3282 838 3344 milites
851 3282 1053 3360 animosiores,
1066 3285 1123 3346 sub
1137 3305 1292 3367 vesperam

90 3387 229 3468 ejusdem
238 3382 338 3448 adhuc
351 3381 413 3443 dici
424 3380 566 3443 fortalitia
578 3381 721 3442 scandere
734 3387 965 3461 ceperuntque
978 3379 1075 3462 primo
1084 3381 1186 3444 statim
1197 3381 1291 3445 insul·

91 3493 127 3544 tu
148 3481 198 3565 (ut
218 3500 310 3563 supro
331 3479 461 3556 dictum)
483 3476 679 3560 occuptruut,
700 3475 858 3540 trucidatis
879 3477 1020 3538 trecentis
1041 3479 1289 3542 adversariorum.

91 3580 247 3661 ceperum
259 3587 333 3639 tunc
350 3575 473 3656 quidem
487 3573 658 3637 colonellos
673 3583 743 3649 tres,
757 3571 1017 3635 Vim-colonellas
1030 3576 1174 3656 quinque,
1187 3572 1289 3656 vigili·

90 3695 177 3740 arum
188 3674 355 3740 Praefectos
362 3671 488 3738 totidem
498 3677 529 3736 et
537 3669 738 3754 quadraginta
746 3668 880 3752 quinque
889 3668 1080 3752 capitaneos,
1089 3671 1201 3734 vexilla
1211 3668 1288 3732 obti-
