3225 4700
634 312 720 380 38
1421 301 2226 374 ITINERARIUM

636 478 758 531 tem
782 465 939 527 inter
965 481 1187 544 paucos
1219 459 1415 522 fidum
1442 458 1694 533 Caesari,
1731 467 1791 520 et
1828 457 2074 540 plenum
2110 454 2376 517 masculo
2410 453 2615 516 animo
2639 451 3039 516 Waltberuui

639 563 985 635 Deveroux,
1025 568 1171 620 tunc
1207 556 1490 638 temporis
1523 565 1741 618 turmae
1779 555 1887 616 uni
1915 553 2288 636 praefectum,
2320 572 2426 614 seu
2454 551 2878 633 Capitaneum,
2916 551 3041 631 qui

634 681 802 722 suam
831 657 1144 719 Walthero
1187 674 1429 736 operam
1483 652 1895 714 fidelissimam
1944 649 2200 712 addixit.
2285 649 2427 710 Hoc
2470 650 2742 730 adjutore
2779 666 3047 709 securus

637 756 877 832 Butler,
913 754 1172 815 libenter
1205 771 1376 813 suam
1406 750 1737 832 Legionem
1766 747 2267 810 Wallensteinicis
2293 746 2481 827 copiis
2508 747 2739 829 Egram
2773 745 3042 807 commi-

636 853 948 937 grantibus
973 850 1273 934 adjunxit.

767 1317 783 1334 ‚
1037 1196 1135 1307 211
1270 1257 1298 1270 τ
1409 1219 1564 1332 222
1782 1198 1940 1301 2:22
2153 1181 2391 1329 23³5&-
2465 1187 2670 1298 ’,τῇ
2845 1199 2932 1319 52·

1550 1608 1939 1687 CAPUT
2007 1611 2104 1684 X.

1031 1853 1136 1922 De
1166 1855 1598 1944 Amplitudine
1627 1865 1688 1922 et
1719 1852 1967 1943 Pomp&
1999 1853 2380 1920 Fridlandiae
2414 1852 2633 1921 Ducis.

784 2433 800 2447 ,
945 2377 1036 2461 ζ,
1195 2379 1370 2439 donis
1401 2377 1501 2438 hic
1525 2378 1623 2438 vir
1659 2386 1873 2438 auctus
1909 2384 2056 2451 erat,
2084 2388 2156 2439 ut
2187 2378 2303 2439 sibi
2340 2378 2633 2459 aequalem
2670 2377 2743 2439 ea
2768 2388 3026 2459 tempes-

652 2509 664 2529 ,
723 2465 756 2497 *¹*
808 2501 824 2521 ι
905 2501 921 2521 ·‹
1033 2473 1061 2505 ⁴¹
1193 2484 1312 2536 tate
1338 2476 1442 2535 vix
1469 2495 1723 2555 usquam
1750 2474 2055 2556 reperiret.
2138 2476 2489 2537 Accedebat
2516 2474 2581 2536 in
2608 2474 2769 2536 bello
2794 2475 3024 2556 optime

632 2571 1110 2633 administrando
1149 2571 1493 2646 dexteritas,
1527 2572 1603 2632 ob
1648 2592 1831 2652 quam
1869 2571 1984 2633 sibi
2022 2571 2279 2633 Caesaris
2314 2571 2580 2633 favorem
2618 2573 2837 2635 meruit
2878 2575 3027 2634 sane

631 2665 1043 2729 luculentum:
1089 2669 1341 2730 aderant
1365 2668 1481 2750 ipsi
1510 2668 1743 2729 divitiae
1770 2676 1833 2729 et
1855 2667 2247 2748 pecuniarum
2262 2668 2357 2730 vis
2384 2668 2665 2744 maxima,
2684 2688 2821 2748 quae
2841 2668 3028 2731 hodie

632 2784 871 2825 omnem
907 2764 1203 2826 mundum
1238 2766 1488 2841 animat,
1526 2772 1588 2825 et
1619 2764 1922 2845 principes
1957 2766 2254 2847 gubernat
2284 2765 2613 2828 universos.
2697 2765 2798 2827 De
2827 2766 3026 2828 admi-

631 2862 839 2922 randis
891 2862 1021 2945 ejus
1063 2862 1242 2943 juxta
1293 2869 1355 2922 et
1403 2861 1750 2943 spectandis
1805 2860 2345 2922 substructionibus
2394 2861 2484 2924 nil
2534 2871 2801 2945 tangam,
2853 2865 3025 2928 edes

629 2956 898 3037 loquitur
922 2979 1103 3040 quam
1135 2958 1356 3042 Pragae
1383 2979 1620 3020 summo
1644 2959 1791 3019 luxu
1818 2959 2127 3019 excitavit.
2212 2958 2369 3020 Haee
2397 2980 2500 3020 sex
2524 2959 2691 3021 ostiis
2718 2960 3026 3023 latissimis

631 3055 899 3116 admittit
924 3055 1292 3136 dimittitque
1319 3056 1604 3131 advenas,
1638 3054 1951 3116 conclavia
1976 3055 2040 3116 in
2068 3055 2139 3117 ed
2167 3056 2339 3138 Rege
2366 3056 2573 3139 digna,
2598 3057 2738 3119 aula
2761 3058 3027 3132 exterior

633 3150 1083 3231 opulentissimo
1125 3152 1282 3214 fastu
1323 3162 1385 3214 et
1419 3152 1741 3215 laxissimis
1777 3152 2019 3233 spaciis,
2058 3153 2428 3234 picturarum
2473 3173 2712 3235 quoque
2753 3153 3030 3217 artificiis

634 3246 904 3308 illustris.
965 3248 1122 3310 Inde
1150 3249 1212 3310 in
1240 3259 1376 3311 ante
1407 3251 1728 3312 Cameram
1756 3249 1853 3331 (ut
1874 3255 2117 3325 vocant)
2147 3260 2315 3331 pater
2340 3251 2538 3313 aditus
2562 3273 2699 3332 quae
2726 3273 2871 3317 amo
2896 3262 3026 3315 tou

633 3354 860 3424 quanta
885 3344 1097 3427 fulget.
1185 3346 1354 3409 Hinc
1387 3348 1508 3408 itur
1543 3347 1625 3408 ad
1660 3346 1945 3408 conclave
1974 3346 2371 3409 Wallenstein
2407 3348 2643 3411 curioso
2675 3350 2852 3432 plane
2873 3349 3026 3410 arti-

633 3439 821 3502 ficum
848 3442 1017 3504 cultu
1043 3443 1458 3524 conspicuum.
1542 3444 1649 3505 Ad
1689 3443 1805 3504 hoc
1834 3444 2209 3505 excubabant
2232 3464 2467 3526 semper
2493 3455 2713 3527 praeter
2738 3446 3020 3528 ephebos,

635 3558 786 3619 quos
825 3540 1180 3600 numerabat
1210 3540 1540 3620 plusculos,
1569 3560 1693 3602 uno
1728 3540 2057 3621 eodemque
2097 3560 2303 3602 omnes
2330 3540 2539 3605 habitu
2567 3554 2819 3625 opertos,
2851 3544 3032 3624 quin·

633 3637 924 3721 quaginta
961 3636 1262 3701 Satellites
1303 3638 1527 3721 optime
1563 3638 1802 3715 armati,
1840 3637 2257 3721 elegantiaque
2296 3640 2619 3723 principali
2659 3641 2897 3704 vestiti:
2941 3641 3026 3703 ad
