3225 4700
477 361 917 437 lTlNllRARIUM
1222 378 1281 439 113

73 518 217 592 vultum,
229 528 336 582 excute
355 529 457 596 sones,
472 529 503 583 et
521 529 692 584 convertere
710 523 750 583 cd
771 523 939 584 Dominum
959 524 1059 585 Danu
1077 534 1174 587 tuum.
1218 525 1280 587 Sed

72 616 143 676 mei
157 616 289 678 instituti
302 638 417 679 memor
428 617 500 679 alibi
514 618 716 680 Ecclesiasten
729 639 836 702 agsm3
858 619 907 681 blc
922 618 1121 684 Historicum.

119 711 199 773 Hoc
219 720 351 795 tempore
374 714 584 776 Serenissimus
606 714 754 797 Princeps
774 735 811 776 ac
832 716 984 777 Dominus
1003 718 1159 781 Johauues
1177 719 1279 781 Iand-

73 810 181 889 grarii
204 810 431 873 Durmstadiaui
452 811 569 883 Frater,
590 810 738 894 Princeps
754 812 847 874 variis
866 824 1030 875 naturast
1051 815 1112 876 Dei
1132 815 1219 877 donis
1238 814 1278 875 ad

75 916 257 985 portentum
275 907 404 984 dotatus,
425 906 604 969 Generulem
622 916 769 983 nostrum,
783 928 839 989 pro
857 907 892 970 ed
911 928 971 989 qua
986 920 1032 972 est
1046 910 1229 972 humanitate
1244 910 1277 971 iu

74 1002 221 1063 ordinem
235 1002 405 1079 militarem,
420 1004 534 1067 invisit.
577 1004 719 1065 Mirabile
733 1004 790 1067 fuit
802 1027 839 1067 ex
851 1006 908 1067 bic
923 1006 1104 1089 Principum
1116 1006 1196 1068 linei
1209 1007 1277 1069 nul·

74 1097 145 1157 lum
158 1098 263 1173 fuisse,
278 1100 330 1179 qui
344 1109 448 1161 contra
461 1120 546 1164 susm
560 1100 729 1163 Caesuream
745 1101 947 1183 Majestatem,
966 1101 1173 1183 (quantumris
1190 1104 1276 1165 Reli-

72 1196 173 1276 gione
188 1197 225 1257 ab
236 1216 271 1257 eo
282 1197 479 1272 discederent,
491 1205 522 1258 et
534 1197 687 1270 affinitate,
699 1198 936 1280 cognationeque
949 1199 1069 1260 arctiori
1080 1218 1150 1261 cum
1160 1198 1276 1263 Saxone

73 1291 210 1371 aliisque
224 1292 397 1354 Germania
411 1292 607 1374 Principibus
621 1301 727 1354 contra
740 1293 902 1373 imperium
915 1303 988 1355 tuuc
1001 1294 1081 1356 bella
1094 1296 1277 1378 gerentibus,

73 1390 220 1469 proxime
244 1390 433 1465 accederent)
457 1408 541 1451 arma
563 1389 731 1470 sumpserit.
774 1390 928 1453 Videbunt
953 1390 1069 1453 scilicet
1091 1392 1276 1474 sagacissimi

74 1484 244 1567 Principes
265 1486 490 1567 Imperatorem,
512 1486 650 1566 quamvis
668 1486 708 1546 od
724 1494 842 1566 tempus
858 1487 1003 1568 supprimi
1017 1496 1127 1569 posset,
1145 1488 1276 1569 opprimi
1318 1482 1322 1487 ’

73 1592 184 1643 tamen
202 1603 262 1643 nou
281 1602 376 1663 posse.
418 1582 490 1643 Nou
508 1581 604 1643 multi>
623 1590 689 1662 post
707 1582 884 1643 durantibus
901 1584 1065 1645 etiamnum
1084 1584 1166 1647 hisce
1180 1585 1276 1647 turbis

73 1678 105 1738 iu
118 1679 270 1760 Imperio,
278 1679 301 1740 J
303 1678 439 1740 uuiorem
448 1678 556 1739 horum
567 1677 747 1759 Principum
758 1678 888 1738 Romam
898 1678 1030 1739 adeundi
1039 1679 1161 1740 incessit
1169 1680 1274 1754 libido,

73 1794 142 1854 quo
156 1784 192 1835 ut
200 1776 285 1835 veuit
298 1774 458 1857 Religioue
470 1784 535 1835 tum
547 1772 607 1834 loci
620 1781 685 1834 tum
699 1773 855 1835 homiuum
866 1782 974 1848 motus,
989 1773 1104 1855 ejurati
1116 1774 1222 1836 haeresi
1235 1776 1276 1836 ud

18 1934 24 1943 ,
74 1870 276 1933 orthodoxam
291 1881 321 1933 et
334 1871 485 1951 antiquam
501 1871 591 1932 rediit
605 1868 781 1931 Ecclesiam.

116 1966 233 2029 Mense
246 1968 269 2028 J
270 1967 332 2028 ulio
346 1966 455 2029 Comes
467 1967 490 2028 J
492 1966 623 2029 ohannes
644 1965 723 2027 Gon
742 1966 954 2049 Ligisticurum
973 1977 1138 2027 turmarum
1158 1966 1275 2028 Mares·

74 2062 208 2138 chullus,
219 2083 289 2124 cum
301 2064 389 2124 Duce
400 2063 438 2124 de
448 2062 560 2124 Sevelli
569 2083 639 2125 eum
650 2062 744 2124 multo
756 2063 889 2124 exercitu
899 2064 940 2124 ud
950 2063 1110 2124 Brisacum
1120 2063 1275 2125 obsidione

73 2160 271 2222 liberandum
282 2159 427 2233 exierunt,
440 2158 552 2240 optime
566 2158 682 2221 annoni
695 2168 726 2220 et
739 2158 831 2220 aruris
840 2159 988 2221 instructi.
1021 2158 1133 2221 Savelli
1143 2161 1275 2241 primum

75 2276 191 2339 agmen
214 2256 324 2319 ducere
340 2256 442 2337 jussus
463 2264 517 2330 est,
538 2256 735 2336 subsequente
755 2276 826 2317 curu
844 2256 960 2336 reliquo
980 2257 1114 2317 exercitu
1132 2258 1222 2331 Gon,
1243 2266 1275 2319 ut

74 2355 150 2418 verb
161 2353 378 2436 impedimenta
388 2363 418 2414 et
428 2363 610 2414 commeatus
619 2353 762 2414 securiori
776 2352 950 2414 incederent
959 2352 1019 2428 vit,
1031 2353 1109 2414 inter
1121 2356 1274 2436 utriusque

75 2463 195 2512 turmas
208 2450 262 2511 illa
272 2447 343 2510 vehi
353 2448 520 2510 voluerunt.
563 2449 636 2510 Nou
649 2457 785 2531 poterant
799 2457 966 2509 nostrorum
981 2448 1106 2510 consilia
1118 2471 1187 2510 cum
1199 2452 1274 2531 pub·

75 2546 139 2608 lica
153 2553 251 2608 essent
262 2553 293 2606 et
306 2551 419 2626 aperta,
430 2545 522 2606 latere
536 2545 692 2607 Wimariae
709 2545 829 2606 Ducem
846 2545 1048 2620 Bernardum,
1058 2545 1111 2624 qui
1125 2567 1186 2606 uou
1199 2548 1275 2607 otio·

74 2663 128 2704 sus
150 2641 248 2717 miles,
270 2662 374 2702 omues
398 2663 467 2703 cum
487 2642 548 2704 suis
571 2641 709 2703 Ducibus
733 2642 803 2703 iniit
820 2642 949 2703 rationes
964 2650 995 2702 et
1010 2641 1126 2713 modos,
1145 2639 1273 2701 cedendi

74 2749 208 2812 nostros,
230 2747 259 2800 et
278 2746 477 2799 commeatum
496 2738 666 2800 divertendi
683 2737 743 2800 alib
760 2747 920 2818 autequam
937 2737 1036 2798 locum
1053 2735 1271 2816 contingerent,

74 2855 169 2916 quem
180 2834 376 2898 destindreut.
419 2835 541 2896 Direxit
554 2833 654 2915 itaque
663 2842 812 2896 tormenta
824 2833 926 2895 omnia
937 2833 1045 2894 bellica
1057 2833 1090 2893 in
1100 2832 1274 2913 prodromos

75 2931 193 2994 Sevelli
211 2931 322 3012 copias,
336 2949 372 2992 uc
386 2951 456 2992 mox
475 2951 545 2992 cum
559 2930 752 2992 selectissimo
767 2929 863 2991 milite
880 2930 1083 2991 advenarium
1094 2927 1151 2989 sibi
1164 2947 1272 3009 agmen

74 3035 306 3113 aggressusest,
321 3028 439 3088 turbato
453 3025 590 3088 nonnihil
610 3026 739 3088 militum
757 3036 927 3086 nostrorum
945 3025 1068 3086 ordine:
1089 3023 1142 3105 qui
1152 3022 1224 3083 verb
1239 3032 1273 3084 ut

75 3147 105 3186 se
127 3125 227 3186 Ducis
243 3123 290 3185 sui
309 3123 427 3186 hortatu
445 3121 677 3206 recollegissent,
696 3122 813 3184 fortiter
832 3121 910 3182 hosti
929 3121 1069 3202 deinceps
1090 3119 1271 3191 restiterunt,

77 3225 302 3304 coligeruutque
317 3220 505 3301 aliquantum
521 3219 600 3281 retrb
618 3239 737 3280 movere
754 3218 873 3299 pedem.
915 3217 1006 3288 Quod
1024 3217 1050 3278 si
1065 3216 1113 3277 bie
1134 3214 1272 3275 festinato

76 3329 111 3380 ut
126 3318 273 3379 debuerat
285 3317 429 3379 adfuisset
445 3337 516 3377 cum
529 3315 646 3397 reliquo
658 3315 754 3376 milite
767 3315 790 3375 J
790 3328 902 3404 oannes
916 3313 1006 3385 Gon,
1021 3331 1068 3374 res
1080 3311 1191 3393 optime
1204 3331 1271 3390 pro-

77 3434 199 3476 cessura
211 3413 334 3489 fuisset3
356 3411 508 3493 hostisque
519 3413 582 3472 siue
596 3412 689 3474 dubio
703 3431 807 3472 caesue.
850 3409 910 3471 Sed
920 3409 1062 3491 quoniam
1074 3407 1124 3469 vel
1137 3409 1200 3488 ipse
1214 3407 1272 3467 sibi

77 3511 135 3572 soli
151 3509 335 3571 liberationis
356 3508 543 3570 Briscceusis
562 3507 682 3570 laudem
704 3526 843 3590 arrogare
859 3506 988 3579 volebat,
1006 3504 1137 3585 aliosque
1157 3523 1219 3584 prae
1239 3523 1271 3564 se

79 3606 290 3670 contemnebat
304 3605 417 3680 Duces,
433 3604 481 3665 vel
494 3606 585 3678 certe,
599 3603 681 3685 quod
694 3603 818 3684 quidem
833 3612 906 3664 tuuc
919 3611 1056 3663 constans
1068 3599 1150 3662 furna
1162 3599 1271 3668 aiebat,

81 3723 150 3766 cum
168 3702 254 3764 hoste
271 3699 450 3775 colludebut,
470 3700 570 3761 studio
591 3701 700 3762 alicubi
719 3699 838 3762 hoesisse
857 3707 987 3780 putetur,
1008 3707 1040 3759 et
1058 3695 1174 3778 optisse
1194 3694 1272 3756 hanc

695 3819 715 3862 Q
