3225 4700
326 335 385 401 148
724 329 1126 397 ITINERARIUM.

323 510 416 573 pecus
432 488 452 549 b
469 506 523 549 sua
540 485 689 548 destinato
705 486 819 549 famma
835 488 944 550 vestito
963 483 1052 549 rubro
1065 486 1259 567 operimenta,
1273 485 1426 568 limbaque
1441 484 1520 547 flavo

324 588 478 669 variegata
499 584 675 646 ducebatur.
723 584 894 646 Duodecim
915 584 1004 666 primi
1027 583 1103 644 muli
1122 584 1265 665 gerebant
1278 591 1391 665 tapetes
1405 585 1523 645 murice

325 682 435 745 tinctos
451 682 484 742 iu
502 682 612 762 quibus
629 680 761 764 insignia
778 681 950 743 visebantur
968 700 1041 742 auro
1058 688 1241 762 argentoque
1259 678 1400 754 illustria,
1417 688 1450 741 et
1466 700 1525 740 acu

327 777 454 859 pictoria
472 787 534 839 arte
551 778 723 858 conspicua.
769 776 903 839 Secundi
919 778 1034 839 ordinis
1049 776 1124 841 muli
1137 776 1273 838 ferebant
1286 777 1472 858 operimenta
1486 798 1526 837 cx

326 874 387 937 tela
404 874 594 936 Damascena
607 875 709 950 rubra,
726 893 797 936 cum
812 874 961 937 similibus
977 873 1162 956 superiorum
1178 871 1347 956 insignibus
1365 872 1525 956 principis.

325 971 420 1032 'l'ertii
433 971 548 1033 ordinis
561 971 696 1053 stragula
707 980 793 1033 eraut
804 992 843 1033 ex
856 970 1021 1033 holoserica
1033 972 1123 1032 rubra
1136 969 1287 1031 fimbriata
1300 969 1398 1031 aureis
1411 970 1527 1033 limbis.

327 1066 436 1139 Quarti
452 1067 565 1129 ordinis
583 1068 659 1130 muli
677 1067 772 1148 aperti
786 1076 873 1129 eraut
883 1068 943 1129 tela
953 1068 1088 1149 preciosa
1100 1087 1173 1128 aura
1185 1067 1216 1127 iu
1231 1075 1442 1149 sumptuosum
1457 1088 1527 1148 pre·

326 1163 407 1224 cium
421 1164 582 1240 elaborata,
594 1163 718 1226 suffulta
726 1163 849 1244 byssina
858 1163 917 1225 tela
927 1165 1042 1247 duplici
1052 1166 1154 1239 mbea,
1165 1164 1384 1246 operimentum
1392 1164 1528 1245 quodvis

325 1280 363 1322 ex
372 1259 420 1322 his
430 1259 821 1342 estimabaturoctingentis
831 1260 978 1323 coronatis
988 1262 1095 1323 aureis.
1132 1260 1289 1322 Malorum
1300 1261 1399 1341 quarti
1409 1262 1528 1323 ordinis

325 1357 451 1417 vestitus
463 1355 546 1416 mille
559 1356 709 1417 coronatis
718 1356 817 1418 aureis
826 1358 1013 1433 censebatur,
1025 1368 1146 1440 eratqrw
1156 1378 1194 1419 ex
1203 1356 1262 1419 tela
1273 1377 1363 1419 auree
1371 1356 1454 1419 flava
1464 1367 1527 1419 tam

325 1452 471 1513 laboriose
482 1451 658 1531 composita,
674 1460 708 1513 ut
719 1454 891 1515 viderentur
905 1453 1011 1537 figuras
1025 1456 1057 1515 in
1071 1454 1124 1517 illa
1132 1454 1301 1529 elaboratas,
1311 1454 1400 1536 pictor
1412 1456 1526 1536 potins,

327 1567 417 1628 quam
439 1557 540 1622 texte,
559 1547 786 1611 suffulciebatur
798 1550 921 1632 iusuper
933 1550 1108 1614 holoserico.
1147 1550 1309 1627 Mnliaues,
1323 1553 1530 1633 sequebantur

327 1643 488 1706 duodecim
502 1643 610 1706 hastati
623 1645 743 1723 milites,
754 1667 830 1728 quos
838 1647 985 1711 lateranas
994 1658 1114 1725 vacant,
1127 1648 1270 1710 inauratis
1280 1648 1409 1711 accincti
1418 1668 1528 1710 secuu-

327 1740 402 1800 dum
420 1740 498 1802 letus
515 1742 646 1817 ensibus,
665 1743 836 1825 vestituque
854 1744 958 1807 amicti
976 1746 1110 1828 precioso
1125 1746 1217 1806 rubro
1234 1745 1384 1829 argenteis
1396 1744 1529 1807 fimbriis

327 1835 484 1898 illustrata.
535 1836 612 1900 Max
632 1841 833 1904 succedebant
853 1851 966 1923 septem
988 1842 1149 1903 lubicinus
1169 1842 1318 1923 mgenteis
1335 1841 1415 1903 tubis
1434 1842 1528 1905 dulce

328 1952 434 2014 panna
444 1933 670 2007 acaineutes,ex
677 1936 757 1997 tubis
765 1937 1187 2020 iusigniaprincipisinaurea
1194 1937 1407 2021 telaacupicta
1413 1940 1528 2022 depen-

327 2028 450 2101 debant,
463 2028 521 2110 ipsi
533 2050 605 2091 vera
618 2031 778 2094 Tubicines
790 2033 892 2096 induti
902 2044 988 2096 eraut
996 2035 1101 2097 habitu
1110 2035 1225 2097 muriae
1233 2034 1327 2111 ebria,
1338 2036 1527 2097 insidebant·

327 2143 387 2204 que
400 2126 485 2204 equis
497 2125 586 2209 lange
595 2129 840 2210 generosissimis.
862 2130 930 2192 Has
940 2132 1107 2213 excipiebat
1119 2132 1246 2194 eximius
1255 2131 1342 2195 milas
1355 2133 1393 2194 de
1407 2132 1528 2195 Gliuits

327 2219 481 2301 ipsiusque
502 2223 646 2304 principis
666 2224 798 2286 militum
819 2233 949 2289 turrmam
971 2229 1096 2306 ducens,
1121 2238 1256 2291 ornnem
1275 2229 1419 2291 uniformi
1440 2238 1526 2291 veste

328 2316 416 2378 talari
429 2320 446 2379 ὲ
458 2319 573 2381 murice
585 2320 767 2398 rubricante,
776 2322 836 2385 viri
848 2343 951 2386 omues
961 2325 993 2386 iu
1004 2326 1095 2388 armis
1105 2326 1289 2408 spectabiles,
1299 2334 1330 2388 et
1341 2324 1527 2388 Germanica

331 2414 436 2476 rabare
449 2417 550 2477 torosi.
593 2417 715 2480 Harum
729 2419 857 2503 vestigia
870 2423 1045 2503 premebant
1057 2423 1126 2484 duae
1139 2431 1247 2484 turmae
1258 2423 1336 2496 aliae,
1347 2443 1384 2484 ex
1395 2423 1527 2485 Pantili-

331 2515 380 2571 cia
396 2510 597 2574 Helvetarum
618 2514 765 2592 Quardia,
777 2527 813 2578 ut
825 2526 944 2594 vocant,
959 2519 1034 2580 muli
1048 2519 1120 2582 item
1134 2519 1449 2582 Eminentissimorum
1460 2521 1527 2581 Da-

329 2607 482 2668 minarum
489 2610 699 2684 cardinalium,
709 2632 833 2694 operasa
840 2623 920 2677 veste
930 2616 1143 2698 superbientes,
1153 2637 1280 2679 sanares
1292 2617 1406 2698 singuli
1418 2618 1526 2699 praeie-

330 2703 435 2766 rebant
452 2704 666 2770 Cardiualitias
685 2708 812 2771 Galeras
831 2710 1033 2775 Dominarum
1050 2732 1183 2776 suarum.
1233 2713 1294 2775 His
1310 2713 1428 2796 bterga
1442 2713 1527 2777 ibant

331 2800 455 2862 comites
469 2802 601 2865 duodeni
613 2803 722 2885 ephebi
735 2806 859 2882 nobiles,
873 2809 966 2870 rubea
980 2819 1060 2871 veste
1073 2810 1221 2892 argenteis
1231 2809 1357 2871 fimbriis
1366 2809 1525 2886 illustrata,

331 2905 418 2977 grata
435 2897 592 2960 oculorum
609 2899 741 2962 ludibria
758 2903 872 2980 eximii,
891 2906 1000 2985 quibus
1007 2907 1213 2989 jungebantur
1225 2915 1354 2987 quatuor
1365 2908 1438 2988 equi
1451 2910 1526 2991 regii

331 2990 490 3076 deiugulis
505 2996 674 3057 stabulariis
689 2999 866 3062 rubentibus
879 3003 958 3085 tagis
971 3003 1096 3077 vestitis,
1109 3003 1204 3077 ducti,
1218 3002 1341 3064 aaran
1357 3013 1445 3065 eraut
1456 3005 1526 3086 equi

330 3093 480 3169 argenteis
496 3091 594 3168 solcis,
614 3093 700 3154 frena
716 3097 900 3160 mandebant
917 3118 1017 3160 aurea.
1060 3099 1323 3180 subsequebantur
1336 3120 1408 3162 mcx
1421 3101 1527 3164 Aulioi

330 3183 635 3250 eminentissimorum
648 3190 869 3274 Cardinalium,
892 3199 1072 3282 legatarum
1090 3211 1265 3281 quoquest
1288 3201 1386 3263 Italiae
1407 3201 1528 3265 Princi-

331 3298 416 3359 pum,
436 3279 515 3343 inter
531 3303 607 3364 quos
623 3287 707 3349 ibant
724 3293 764 3353 ad
780 3294 1001 3376 quinquaginta
1021 3297 1135 3359 nobiles
1157 3297 1342 3373 Germaniae,
1363 3298 1476 3380 quibus
1497 3322 1528 3364 se

331 3375 519 3439 sociaverant
540 3379 676 3446 Barones
696 3386 779 3449 Itali.
826 3390 902 3452 Post
918 3390 972 3452 has
990 3392 1073 3454 ibant
1091 3393 1239 3476 Princeps
1257 3395 1296 3457 de
1314 3394 1526 3479 carbognano,

333 3471 437 3533 Abbas
458 3471 580 3551 Savelli,
604 3478 719 3543 Paulus
741 3482 863 3562 Sarelli,
883 3497 1027 3567 praterea
1046 3490 1121 3550 Dux
1138 3492 1177 3552 de
1197 3491 1314 3565 Riccia,
1333 3491 1525 3556 Marchicues

328 3567 446 3646 Turres,
467 3570 644 3651 lastiniani,
671 3577 783 3642 Sancto
801 3581 886 3659 Vita,
906 3583 1092 3660 Facchincti,
1107 3587 1178 3649 Dan
1198 3587 1391 3652 Ferdiuaudo
1410 3589 1524 3653 Ursino

329 3664 441 3746 aliique
458 3689 518 3730 nau
537 3669 636 3733 infimi
654 3675 784 3738 nominis
797 3676 855 3739 viri
870 3683 1016 3762 generasi.
1060 3682 1145 3744 Inter
1168 3694 1318 3764 equestres
1339 3707 1456 3767 quoque
1477 3707 1525 3748 re·
