3225 4700
483 346 879 413 ITINOERARIUM.
1213 350 1278 413 355

634 503 673 564 Ρ.
688 503 726 564 Ρ.

89 597 190 659 Cum
207 599 404 661 manifestum
417 598 457 661 sit
469 600 618 675 omnibus,
633 600 725 679 qubm
739 600 839 680 ample
853 599 937 660 nobis
951 610 982 661 et
995 600 1123 663 Coronae
1136 600 1272 659 Franciae

44 694 196 755 servitia
213 696 446 757 amandissimns
463 696 550 757 nobis
567 705 713 778 cognatus
730 706 829 757 noster
845 695 1017 758 Cardinalis
1030 707 1060 758 et
1075 698 1148 757 Dux
1163 694 1274 755 Riobe·

43 789 114 849 lius
135 792 335 871 proestiterit,
352 812 502 873 quamque
521 790 680 854 fortunatis
699 802 730 853 et
748 793 859 873 optatis
879 794 1063 855 successibus
1085 794 1170 854 Deus
1185 794 1274 853 bene·

47 886 181 949 dixerit
198 891 271 969 ejus
284 890 437 959 consiliis;
458 890 572 953 nemini
581 891 707 951 dubium
719 890 849 971 relinqui
861 901 967 973 potest,
979 894 1051 973 quin
1065 893 1189 954 omnino
1203 912 1272 973 gra·

46 985 138 1045 viter
150 988 231 1067 ejus
245 986 358 1048 duobis
368 1009 405 1048 ex
419 987 474 1049 bac
482 988 545 1049 rita
552 987 716 1049 discessum
726 989 899 1063 sentiamus,
910 1009 1000 1069 quem
1010 1008 1129 1049 sensum
1138 1008 1192 1068 pro
1203 1009 1271 1050 uos·

48 1090 103 1141 tro
119 1082 158 1143 in
176 1083 284 1165 ipsum
299 1084 410 1146 affectu
423 1105 482 1146 uon
498 1094 613 1148 tantum
628 1084 684 1147 hac
695 1085 772 1161 vioe,
782 1086 835 1147 sed
846 1085 928 1146 omui
938 1086 1008 1147 vitre
1020 1096 1128 1147 nostrae
1144 1085 1272 1146 decursu

50 1180 199 1258 probare
216 1190 248 1242 et
259 1182 361 1242 testari
373 1182 518 1243 volumus.

96 1277 252 1349 Quando
264 1278 336 1339 verb
349 1280 507 1341 necessitas
520 1290 551 1341 et
563 1290 730 1360 temporum
743 1280 819 1341 ratio
832 1300 913 1341 nuuc
923 1280 1028 1362 exigit,
1040 1288 1074 1340 nt
1087 1288 1157 1340 ante
1170 1280 1271 1339 omnia

51 1373 202 1435 salntem
224 1384 255 1436 et
273 1378 500 1457 prosperitatem
516 1378 602 1459 regui
620 1377 724 1452 nostri,
742 1386 773 1438 et
787 1377 893 1438 utilem
912 1377 1137 1458 gubernationis
1156 1376 1270 1437 metho-

54 1472 139 1531 dum
166 1492 295 1533 summo
312 1473 422 1548 studio,
443 1484 474 1535 et
497 1475 621 1555 quidem
641 1473 736 1535 multb
754 1475 851 1556 magis
872 1475 963 1554 quam
985 1473 1110 1535 antehac
1135 1493 1268 1553 unquam

53 1588 226 1641 curemus,
244 1580 277 1631 ut
295 1581 394 1651 partas
414 1591 467 1651 per
486 1571 547 1632 Dei
567 1570 780 1652 omnipotentis
797 1571 925 1652 gratiam
944 1572 1093 1646 victorias,
1114 1590 1209 1651 usque
1229 1571 1269 1631 ad

55 1676 206 1745 optatam
221 1667 276 1728 sed
287 1666 407 1728 firmam
419 1677 449 1729 et
461 1677 647 1729 constantem
662 1687 766 1748 pacem
780 1668 848 1747 (qui
861 1668 931 1730 finis
945 1681 990 1730 est
1006 1670 1141 1729 oninium
1154 1678 1269 1728 nostro·

56 1783 131 1823 rum
146 1763 361 1836 consiliorum,
375 1774 406 1825 et
419 1785 474 1846 pro
486 1785 546 1845 qua
559 1765 724 1847 reparanda
738 1784 793 1825 nec
807 1765 889 1838 vitoe,
903 1786 960 1826 nec
970 1765 1110 1847 sanguini
1121 1766 1268 1846 percitum

57 1860 229 1937 volumus)
242 1879 466 1941 prosequamur.
505 1861 717 1923 conclusimus
732 1862 771 1922 ad
788 1862 914 1925 consilia
929 1872 1030 1923 nostra
1048 1862 1168 1922 eosdem
1184 1860 1270 1921 adhi-

59 1958 147 2033 bere,
164 1978 246 2039 qnos
265 1957 386 2020 virente
408 1958 507 2019 adbuc
521 1958 685 2021 Cardinale
702 1959 903 2022 adhibuimus.
944 1958 1100 2038 Imprimis
1116 1958 1186 2019 verb
1205 1958 1269 2037 ejus

59 2054 134 2115 loco
156 2063 326 2136 cognatum
342 2066 476 2117 nostrum
493 2054 686 2118 Cardinalem
706 2055 858 2118 Mazarini
879 2055 1073 2137 praeficimus,
1092 2053 1145 2133 qui
1165 2054 1269 2114 multis

61 2151 280 2212 occasionibus
290 2150 410 2213 fidelem
421 2151 562 2213 affectum
573 2173 660 2214 suum
671 2164 702 2214 et
711 2154 916 2216 dexteritatem
931 2172 999 2212 cum
1011 2150 1171 2232 prudentia
1183 2150 1269 2209 nobis

64 2252 108 2309 ita
124 2249 282 2329 probavit,
302 2259 337 2310 nt
349 2269 436 2310 curas
457 2260 573 2310 nostras
585 2250 692 2311 meritb
706 2250 737 2311 in
754 2271 824 2311 eum
839 2270 893 2311 ceu
908 2248 993 2330 regni
1007 2246 1101 2307 nostri
1114 2246 1267 2307 subditum

66 2367 219 2429 reponere
231 2347 295 2409 tuto
308 2348 464 2428 possimus.

108 2445 175 2506 Sed
186 2465 246 2505 nec
259 2445 359 2505 minus
372 2445 540 2506 curandum
560 2444 646 2505 nobis
663 2455 709 2506 est
723 2453 757 2505 ut
774 2445 876 2505 omnia
889 2443 1002 2504 foedera
1015 2462 1085 2503 cnm
1098 2441 1268 2523 conjunctis

67 2541 157 2602 nobis
181 2541 379 2622 Principibus
400 2553 430 2602 et
450 2541 586 2622 Regibus
608 2542 808 2614 stabiliantur,
831 2541 991 2620 omniaque
1013 2559 1081 2619 quae
1108 2557 1267 2599 commune

67 2637 187 2698 bonum
201 2649 346 2718 spectant,
361 2639 394 2698 in
412 2639 509 2720 primo
522 2638 626 2720 vigore
644 2647 878 2699 conserventur:
900 2637 978 2697 belle
992 2636 1031 2696 ad
1043 2656 1112 2716 quae
1125 2635 1163 2696 ab
1177 2635 1266 2695 bosti-

69 2735 126 2795 bus
140 2737 251 2797 nostris
263 2736 471 2817 compellimur
488 2736 594 2796 eodem
608 2734 734 2809 fervore,
748 2735 849 2813 quoad
865 2733 933 2793 Deo
951 2733 1080 2816 placebit
1093 2733 1186 2794 corda
1199 2731 1266 2793 bos·

70 2834 149 2893 tium
172 2845 345 2894 nostrorum
365 2833 406 2893 ad
424 2832 507 2913 pacis
527 2820 713 2892 conditiones
732 2829 877 2905 emollire,
899 2830 1121 2891 continuentur.
1164 2828 1266 2900 Quare

70 2930 212 2991 volumus
221 2940 253 2991 et
260 2929 403 3012 jubemus
412 2939 447 2989 ut
459 2948 563 2989 omnes
576 2947 669 3010 regno
679 2938 778 2988 nostro
785 2926 913 3009 subjecti
927 2926 1047 2987 eosdem
1056 2946 1087 2986 se
1095 2925 1264 2999 exhibeant,

70 3039 133 3088 tam
152 3047 227 3108 erga
243 3040 376 3088 nostram
389 3044 545 3107 personam
561 3035 591 3084 et
607 3023 792 3084 consiliarios
809 3032 925 3084 nostros
943 3021 1032 3102 quem
1050 3022 1266 3084 consoederatos

71 3125 168 3198 nobis,
186 3144 262 3206 quos
275 3122 400 3184 antebac
420 3142 536 3203 semper
550 3121 761 3202 praestiterunt,
776 3120 831 3180 &a
874 3121 975 3200 Atque
989 3118 1143 3199 hucusque
1159 3118 1266 3201 Regiae

71 3219 190 3283 litteroe.

113 3415 337 3477 Concludamns
350 3423 441 3494 caput
453 3413 509 3474 hoc
523 3412 611 3473 robus
624 3412 663 3473 ad
676 3410 805 3472 Mottam
819 3410 1047 3470 munitissimam
1062 3410 1265 3494 Lotharingiae

75 3531 173 3572 arcem
187 3513 288 3594 gestis,
302 3531 403 3572 mense
418 3509 586 3592 Septembri
599 3529 680 3568 anno
694 3507 853 3568 millesimo
870 3506 1086 3566 sexcentesimo
1099 3507 1266 3588 quadrage·

76 3609 151 3670 simo
171 3609 312 3670 secundo.
356 3607 543 3669 Obsidebant
565 3625 633 3666 eam
651 3605 735 3686 justo
758 3602 892 3664 exercitu
917 3601 1012 3677 Galli,
1039 3602 1266 3684 Archistratego

78 3703 234 3781 Hallierio,
250 3703 450 3766 Mareschallo
468 3703 578 3784 campi,
592 3712 623 3763 et
635 3702 744 3762 acriter
762 3699 947 3780 premebant,
963 3719 1054 3780 quam
1068 3711 1101 3761 ut
1117 3700 1266 3776 liberaret,
