3225 4700
282 598 329 702 ²i³
470 577 516 704 ³2²
575 645 578 646 ⁷
621 598 699 702 5121

489 892 679 970 CAPUT
714 894 869 972 XLIX.

65 1070 262 1160 Fridbergu
283 1069 477 1141 Wetteraut'oe
490 1085 522 1141 et
536 1072 812 1163 Breunseln'nmd
826 1074 1078 1143 Wrmura'ensibro
1089 1034 1291 1164 occupatore·

124 1172 299 1239 Arrrrorrsm
329 1196 448 1262 quoqtoe
479 1175 697 1263 Impetiolr'um
724 1176 938 1259 Saedt'oortrn,
971 1178 1206 1261 Samicorum,
1238 1204 1276 1246 ec

123 1275 481 1365 Brundenbnrgenrium
497 1276 667 1375 Sescentos.

95 1449 103 1544 3
265 1450 321 1606 ἕ)
347 1476 795 1543 nocussuunuunnm
809 1477 1276 1567 mgrosssuswrmnraeps

92 1627 98 1634 .
152 1615 156 1630 ι
198 1590 201 1606 ⁵
291 1613 314 1645 1,
364 1575 481 1637 tissima
498 1595 536 1637 ex
550 1582 635 1657 parte
653 1574 686 1637 iu
699 1574 926 1652 Wetteraviam,
943 1586 975 1639 et
990 1598 1060 1639 eum
1077 1576 1274 1664 Fridbergam

220 1711 253 1776 ,r
315 1699 322 1708 ι
365 1672 427 1734 suis
435 1671 569 1735 consiliis
576 1682 676 1755 aptam
685 1671 911 1748 essevidifleut,
921 1673 1275 1756 minispertentsvemut,

100 1763 153 1840 Α,
235 1757 327 1858 '6³¹³
364 1768 453 1831 ieoile
463 1768 522 1831 fuit
529 1769 596 1851 jam
609 1767 650 1830 ad
660 1768 787 1849 imperia
799 1776 954 1851 promptos
967 1770 1116 1850 ejusmodi
1128 1774 1276 1837 machinis

201 1869 223 1915 ’-
288 1875 291 1884 ’
364 1884 547 1949 expugnare,
561 1865 615 1948 qui
629 1864 708 1927 ultro
719 1873 821 1947 portas
833 1874 896 1927 tam
909 1872 1064 1947 expectato
1076 1864 1188 1949 hospiti
1200 1890 1275 1951 pau-

72 1962 156 2025 dere
165 1964 262 2045 parati
272 1970 375 2027 erautr
397 1962 490 2035 Quod
499 1982 594 2045 genus
604 1961 761 2024 homiuum
770 1961 879 2024 merito
888 1962 1043 2024 deoesoeris
1052 1962 1149 2025 amine
1157 1963 1275 2039 Ieotor,

72 2058 228 2139 quoniam
239 2059 263 2121 ii
274 2060 328 2141 qui
341 2058 515 2121 immediati
527 2058 654 2141 imperio
666 2059 804 2132 subsunt,
817 2066 881 2119 tam
893 2057 1039 2121 malevole
1055 2078 1126 2121 eum
1140 2058 1274 2123 hostibus

72 2153 248 2228 colludant,
258 2156 369 2238 quique
378 2154 572 2237 Imperatoris
582 2154 745 2238 Iegiouem
759 2174 822 2216 uno
833 2155 872 2216 ab
885 2154 957 2216 bine
967 2175 1047 2217 auno
1055 2164 1171 2217 armata
1183 2156 1273 2217 etiam

74 2270 176 2313 mauu
189 2260 293 2314 eontra
300 2252 421 2335 jussum
438 2250 568 2315 Caesaris
581 2252 656 2313 urbe
669 2250 827 2334 probibere
839 2251 937 2334 parati
951 2260 1038 2314 erant
1053 2252 1113 2313 nisi
1130 2272 1221 2335 sagax
1237 2274 1276 2315 ex

74 2369 152 2411 aree
166 2348 335 2412 Prafeotus
352 2348 526 2426 obstitisset,
540 2367 623 2410 uuue
639 2346 753 2411 nullam
767 2368 887 2431 prorsus
901 2348 963 2411 rim
975 2350 1014 2410 ab
1029 2349 1148 2431 imperii
1161 2350 1273 2432 napita-

75 2445 161 2507 libus
177 2445 310 2510 inimicis
327 2446 502 2509 sustineant.
544 2445 675 2508 Deeim0
690 2446 792 2527 itaque
809 2445 952 2508 Janunrii
969 2446 1079 2527 patulis
1097 2447 1191 2529 portis
1206 2447 1275 2509 wt-

75 2543 244 2604 marienses
256 2543 352 2626 copiae
366 2541 543 2604 intromissa
556 2549 644 2604 sunt:
666 2540 771 2603 dedita
783 2541 857 2602 urbs
871 2540 959 2602 boile
973 2539 1033 2604 init
1046 2543 1186 2625 Burgum
1200 2564 1275 2624 quo-

75 2659 141 2720 que
154 2639 321 2700 neema
330 2659 386 2722 ope
394 2659 432 2701 ae
440 2639 607 2700 sufficiente
617 2637 713 2700 milito
723 2636 900 2700 destitutum
910 2637 949 2698 ad
959 2638 1143 2700 deditionem
1155 2659 1273 2721 eogere,

76 2735 130 2798 vel
143 2735 244 2818 potius
255 2735 443 2818 persuadere.
486 2734 644 2798 Insidebat
656 2732 772 2795 dietum
787 2734 929 2816 Burgum
942 2733 1125 2816 capitaneus
1138 2737 1274 2818 quidam,

76 2851 152 2893 oum
165 2831 386 2915 quinquaginta
397 2842 433 2894 ut
445 2830 541 2913 aliqui
553 2840 699 2906 asserum,
710 2829 761 2892 vel
773 2838 809 2892 ut
820 2829 874 2892 alii
886 2851 957 2892 eum
964 2832 1157 2913 paucioribus
1170 2855 1276 2916 grega-

78 2927 136 2990 riis
151 2927 308 3006 militibus,
322 2929 373 2992 oui
385 2929 480 2991 dubio
491 2927 597 3010 procul
614 2947 675 2990 uon
693 2926 858 2989 admodum
874 2928 1004 2990 arduum
1018 2928 1122 2991 fuisset
1138 2929 1276 3010 aliquan·

76 3025 180 3088 tulum
199 3024 330 3088 bostium
350 3025 573 3088 sollicitationes
593 3023 729 3106 rejiosre,
747 3031 801 3086 aut
820 3023 966 3105 impetum
986 3025 1143 3088 contrariis
1161 3027 1275 3089 viribus

78 3121 256 3205 propulsare
275 3122 429 3205 tantisper,
444 3122 544 3203 quoad
559 3119 727 3182 subsidium
744 3119 868 3182 aliunde
884 3120 989 3184 fuisset
1001 3122 1190 3184 submissum.
1230 3126 1276 3188 At

78 3238 140 3280 neo
153 3217 204 3282 blo
217 3218 281 3300 ipse
294 3219 349 3281 diu
361 3218 541 3302 tergiversat
552 3227 607 3294 est,
618 3217 673 3279 sed
685 3235 777 3299 quam
789 3237 863 3277 mox
874 3217 990 3280 exitum
1002 3237 1073 3280 cum
1085 3220 1147 3282 suis
1159 3231 1276 3301 paetus,

79 3314 183 3377 looum
196 3314 358 3397 oaeoeroqui
371 3323 435 3377 arte
447 3323 479 3378 el
491 3323 599 3377 natura
611 3313 731 3376 abunde
745 3313 906 3389 munitum,
914 3314 947 3375 in
960 3313 1091 3376 bostium
1100 3325 1275 3397 potestatem

80 3412 221 3475 tradidit.
263 3411 411 3484 Quamvis
425 3411 490 3492 ipse
502 3419 616 3493 postea,
628 3429 737 3472 verene
751 3428 790 3471 an
803 3409 889 3492 pallii
901 3409 1032 3493 ignavia
1043 3431 1106 3474 sua
1115 3412 1276 3475 obtexendi

82 3510 194 3592 gratia,
205 3511 317 3584 neseio,
329 3509 428 3592 Burgi
444 3507 603 3583 Demiuos,
613 3505 694 3568 uiros
706 3505 831 3583 nobiles,
840 3515 871 3568 et
883 3506 1030 3588 imprimis
1043 3516 1177 3572 strenas
1190 3511 1277 3572 ineu·

83 3606 198 3668 severit
210 3605 293 3687 quod
310 3604 411 3668 loeum
425 3604 444 3666 a
457 3603 624 3666 neeemmio
639 3605 788 3678 e'omeatu,
802 3611 834 3665 et
850 3604 1113 3668 armamentarium
1126 3605 1146 3667 i
1161 3605 1279 3686 reliqua

85 3702 267 3778 munitione,
281 3722 342 3785 qua
360 3701 424 3764 sine
443 3699 520 3763 nibil
538 3699 678 3762 effoetum
696 3699 796 3773 datur,
813 3707 924 3762 temere
938 3699 1138 3763 destituerint.
1180 3701 1227 3765 Ut
1244 3712 1279 3766 ut
