3225 4700
335 304 400 368 356
733 300 1136 369 ITINERARIUM.

337 454 550 517 Sereuissimus
561 455 765 539 Lothariugiae
776 456 849 517 Dux
861 455 988 518 Carolus
998 455 1099 517 valide
1110 455 1258 517 incubuit.
1289 454 1428 515 Exeunte
1441 452 1548 534 igitur

338 554 478 631 Augusto
498 573 569 613 eum
589 553 683 634 copiis
703 554 764 614 suis
788 552 1003 635 profectionem
1026 552 1156 615 Mottam
1178 572 1281 613 versus
1300 550 1442 624 instituit,
1471 570 1548 609 cum

339 646 448 721 Gallis,
462 649 611 729 siquidem
625 661 777 731 promptos
789 651 829 712 ad
845 670 928 711 arma
941 650 1093 732 reperiret,
1108 660 1315 733 pugnaturum
1336 647 1374 709 de
1390 666 1455 727 que
1470 666 1548 705 cum

336 742 382 804 illi
400 745 542 807 certiores
554 756 652 808 esseut
670 745 791 821 redditi,
806 746 904 807 solutu
917 745 1016 807 subitb
1035 747 1190 808 obsidione
1210 744 1358 806 securiora
1371 742 1440 805 loca
1463 744 1549 823 peti·

338 849 436 900 erunt.

380 936 450 997 Non
465 937 567 999 deerat
577 949 649 999 tunc
657 940 779 1020 quidem
793 940 983 1023 Iotharingis
993 940 1111 1001 enimus
1121 937 1320 1021 persequendi
1335 935 1547 1007 Hallierium,

339 1044 369 1092 et
382 1052 419 1093 ex
434 1032 508 1114 fuga
521 1036 692 1097 retrahendi
701 1036 742 1098 ad
755 1057 898 1120 pugnam,
908 1037 977 1098 edm
991 1036 1061 1099 verb
1072 1036 1187 1118 equites
1200 1036 1335 1097 excitatis
1347 1047 1377 1095 et
1387 1034 1417 1093 iu
1432 1032 1549 1114 plures

338 1129 404 1189 dies
417 1130 597 1193 continuatis
607 1133 763 1195 itineribus
776 1133 845 1195 fessi
859 1134 1051 1215 desperarent
1060 1134 1177 1214 assequi
1191 1132 1365 1215 fugientem.
1379 1130 1547 1191 tantillum

339 1225 449 1303 quietis
461 1228 518 1288 sibi
532 1229 731 1303 indulserunt,
745 1240 776 1291 et
790 1251 862 1291 mox
878 1230 1077 1312 exploratores
1091 1230 1237 1291 miserunt
1250 1230 1302 1310 qui
1320 1239 1548 1309 cognoscerent

338 1322 377 1382 de
392 1322 551 1385 Gallorum
564 1326 634 1396 situ,
650 1336 680 1387 et
697 1347 823 1387 numero
839 1326 980 1402 militurn,
995 1327 1048 1408 qui
1069 1336 1103 1387 ut
1117 1325 1246 1408 primum
1265 1334 1347 1387 certa
1365 1325 1481 1385 nuncia
1500 1324 1546 1384 de

339 1418 478 1479 omnibus
500 1420 675 1492 retulerunt,
695 1423 814 1484 monuit
836 1422 1040 1506 Lotbariugiae
1062 1422 1131 1483 Dux
1150 1442 1229 1497 suos,
1249 1431 1282 1483 ut
1301 1421 1342 1482 ud
1362 1421 1417 1482 iter
1436 1440 1546 1501 quan·

340 1513 452 1574 tumvlo
466 1515 644 1598 intempeste
660 1528 758 1594 nocte,
773 1529 805 1581 et
822 1519 899 1581 coelo
918 1518 1031 1601 pluvio,
1048 1518 1287 1601 prosequendum
1300 1538 1331 1579 se
1348 1517 1547 1599 expedirent,

339 1618 428 1688 atque
447 1612 581 1675 animose
597 1624 703 1675 contra
717 1614 834 1677 bostem
854 1616 1058 1697 procederent.
1098 1616 1168 1677 Non
1184 1615 1272 1677 latuit
1290 1614 1343 1676 illa
1359 1613 1548 1675 acceleratio

342 1704 538 1785 Bellienum,
552 1710 633 1773 unde
643 1732 680 1773 ex
688 1712 998 1794 alterafluminisripa
1006 1724 1104 1775 castra
1113 1724 1240 1775 metatus
1248 1721 1303 1782 est,
1313 1720 1342 1773 et
1354 1711 1391 1772 ed
1400 1730 1544 1793 pugnam

339 1802 537 1883 sedisposuit.
581 1807 757 1890 lotharingi
776 1808 896 1870 iuterim
910 1820 1119 1891 proemcupsto
1133 1809 1210 1870 rudo
1228 1809 1387 1889 trejectum
1405 1804 1544 1867 moliun-

339 1909 399 1975 tur,
421 1912 453 1962 et
472 1916 577 1964 contra
597 1903 711 1965 bostem
733 1904 831 1985 plenis
851 1904 1020 1987 agminibus
1040 1916 1171 1978 movent,
1192 1905 1411 1984 fortissimeque
1426 1924 1542 1985 aggre-

340 1997 476 2070 diuntur,
495 2001 570 2062 adeo
586 2010 621 2061 ut
637 2002 734 2081 primu
752 2000 851 2063 stetim
871 2001 1075 2081 impressione,
1090 2001 1255 2081 equitatum
1272 1999 1431 2063 Gallorum
1443 2000 1541 2060 dissi-

339 2095 450 2175 pariut,
478 2107 509 2157 et
536 2097 568 2156 iu
592 2095 800 2158 effusissimum
828 2098 931 2179 iugem
957 2097 1165 2179 compulerint.
1211 2099 1260 2158 Ac
1288 2118 1357 2158 mox
1384 2098 1543 2157 renovatis

340 2192 448 2253 animis
461 2194 567 2254 eadem
580 2193 754 2255 fortitudine
774 2195 807 2254 iu
824 2194 990 2275 peditatum
1008 2194 1138 2264 irruunt,
1151 2194 1206 2275 qui
1222 2192 1390 2255 exoneratis
1402 2192 1539 2273 simplici

338 2289 405 2352 vice
418 2288 538 2366 fistulis,
552 2310 637 2352 arma
649 2290 714 2352 eine
726 2310 812 2352 mora
829 2290 949 2373 abjecit,
963 2310 998 2352 ec
1011 2310 1042 2352 se
1059 2291 1163 2373 paucis
1172 2289 1313 2372 exceptis,
1323 2290 1376 2370 qui
1386 2288 1541 2350 beneficio

338 2386 433 2467 sylves
453 2387 525 2470 iuga
545 2388 637 2469 elapsi
658 2397 738 2462 suut,
759 2407 823 2450 sese
841 2387 1004 2448 victoribus
1025 2387 1215 2448 dediderunt
1257 2386 1389 2448 Obtenta
1408 2397 1480 2448 suut
1498 2409 1537 2448 ea

339 2485 529 2564 expeditione
541 2505 617 2565 pene
630 2483 732 2545 omnia
746 2483 905 2545 Gallorum
919 2483 1016 2566 signa,
1031 2493 1093 2544 tam
1107 2482 1255 2563 equestria
1267 2482 1356 2563 quam
1372 2483 1536 2564 pedestria,

339 2580 403 2639 und
421 2600 491 2640 cum
513 2579 746 2661 impedimentis,
766 2601 835 2662 qum
856 2579 961 2641 militis
979 2579 1092 2660 rupinus
1112 2580 1256 2661 permissa
1276 2590 1356 2640 suut.
1399 2579 1538 2660 Reperta

340 2674 398 2736 fuit
410 2675 489 2737 inter
506 2697 554 2736 res
572 2675 646 2736 alies
660 2675 752 2736 fascia
768 2676 890 2741 eaerulei
910 2675 1018 2737 coloris
1037 2675 1141 2748 serica,
1163 2695 1200 2736 ex
1216 2695 1277 2756 que
1291 2675 1441 2756 pendebat
1456 2697 1536 2738 crux

340 2773 737 2853 aurea,ordinisetequitum
745 2771 1534 2853 sanctiSpiritussymbolum,eamadMuresoballum

340 2870 440 2952 campi
454 2869 574 2931 Hallier
587 2880 734 2951 spectasse
747 2880 886 2930 constans
898 2869 979 2929 fama
991 2867 1059 2938 fuit,
1073 2887 1164 2949 quum
1178 2889 1268 2929 uuam
1283 2887 1320 2929 ex
1334 2869 1418 2930 omni
1429 2871 1535 2950 praeda

341 2965 537 3029 Serenissimo
548 2965 749 3029 DuciCarolo
757 2965 941 3027 obtulerunt:
963 2963 1533 3048 cuisufficiebatgloriaetstratohoste,

340 3073 371 3124 et
385 3063 485 3125 Motta
498 3063 654 3125 obsidione
667 3064 786 3144 penitus
795 3075 942 3143 exempta.
