3225 4700
332 306 396 371 324
723 307 1123 375 ITINERARIUM.

376 461 466 532 Quod
480 460 551 520 dum
565 460 638 521 facit
651 458 795 520 immanes
806 459 959 521 thesauros
971 478 1009 519 ex
1022 457 1134 539 prosdis
1147 458 1273 556 colligit.

374 556 594 618 Convasaverut
601 556 754 637 praecipua
763 555 868 636 patriae
881 553 1018 616 nobilitas
1031 553 1092 614 nna
1105 574 1175 616 cum
1185 555 1265 616 clero
1275 551 1526 636 preciosissimam

334 651 546 732 supellectilem
560 672 655 726 suam,
670 652 852 725 existimans,
868 652 998 713 hostium
1016 649 1232 732 depraedationi
1246 648 1369 729 eripere,
1384 655 1417 707 et
1429 646 1464 705 in
1481 654 1526 705 tu·

334 747 410 808 tiora
422 747 488 808 loca
499 748 644 809 avehere:
665 748 718 809 sed
729 747 794 808 baec
807 768 868 809 non
882 746 977 808 multb
991 757 1057 828 post
1074 748 1106 807 in
1124 744 1286 807 adversarii
1300 743 1404 805 militis
1418 762 1527 802 manus

332 842 441 903 incidit
454 862 490 903 ac
503 843 638 904 funditus
647 864 770 903 excussa
782 852 940 925 ereptaque
954 853 1008 918 est,
1017 844 1098 923 capti
1108 842 1343 923 quoqueOomcs
1357 840 1394 900 de
1408 837 1527 898 Hoditz

333 948 364 999 ct
374 938 523 1001 Dominus
533 941 571 1000 de
580 938 776 1001 Herberstain
790 960 859 1001 cum
874 940 1010 1021 plurimis
1024 940 1090 999 aliis
1103 939 1191 1019 primi
1207 937 1339 999 subsellii
1352 935 1444 996 viris:
1468 954 1525 993 nec

334 1035 429 1097 multb
448 1046 516 1116 post
536 1038 611 1097 itum
632 1045 737 1098 contra
756 1036 956 1109 Olomutium,
978 1035 1186 1118 Episcopalem
1206 1036 1237 1095 in
1250 1032 1391 1095 Moravia
1409 1032 1523 1103 sedem,

333 1152 423 1211 quam
436 1133 514 1194 inter
527 1133 670 1208 triduum,
682 1134 876 1213 quantumvis
888 1133 1014 1195 viriliter
1026 1140 1274 1216 propugnaretur,
1288 1129 1438 1210 sequentis
1450 1148 1525 1188 con-

334 1229 498 1291 ditionibus
513 1230 602 1291 Sueci
616 1230 769 1291 deditione
782 1230 983 1291 obtinuerunt.

373 1326 569 1388 Conditiones
586 1326 732 1387 dedendae
746 1325 887 1387 Civitatis
901 1325 1110 1388 Olomucensis
1127 1332 1223 1406 pectre
1238 1324 1317 1385 inter
1331 1322 1523 1383 leonardum

336 1421 550 1497 Dorstensobn,
565 1431 595 1481 et
609 1421 790 1483 Generalem
803 1423 1050 1485 Commissarinm
1064 1422 1212 1484 Moravioe
1225 1419 1393 1481 Antonium
1408 1418 1524 1479 Minis-

336 1527 399 1578 tum
413 1517 663 1577 Gubernatorem.
703 1517 852 1580 Olomutii
870 1523 906 1578 14
919 1519 943 1581 J
945 1520 1009 1580 unii
1022 1519 1114 1581 Anno
1131 1519 1217 1578 1642.

375 1611 403 1671 I.
424 1612 540 1672 Eodem
554 1612 604 1673 die
617 1612 840 1675 commendans
853 1613 935 1674 urbis
950 1612 1084 1690 Miniati,
1094 1614 1149 1674 sub
1159 1613 1262 1673 horam
1272 1611 1386 1673 scilicet
1395 1620 1522 1683 sextam,

332 1708 497 1790 precipuas
510 1708 651 1770 stationes
666 1709 792 1771 Succico
805 1710 895 1771 militi
908 1710 1003 1771 cedet.

373 1804 421 1864 ΙΙ.
442 1804 548 1866 Altero
561 1826 631 1865 mox
646 1806 697 1866 die
710 1805 809 1867 dictus
823 1805 974 1867 Dominus
988 1803 1217 1867 commissarius
1226 1802 1359 1877 Miniati,
1374 1803 1437 1865 una
1449 1822 1520 1864 curn

332 1902 473 1981 praesidio
487 1911 548 1961 tarn
561 1902 695 1983 peditum
709 1922 800 1983 quam
820 1902 955 1981 equitum
969 1902 1113 1981 (exceptis
1127 1897 1300 1982 maingis)
1313 1919 1383 1961 cum
1396 1920 1520 1961 consus

332 1998 370 2059 tis
383 1997 622 2077 armis,pulvere,
637 1997 734 2080 globis
746 1998 905 2079 plumbeis,
913 1997 1086 2059 ardentibus
1100 1997 1261 2072 fomitibus,
1271 1997 1325 2057 lec.
1340 1996 1521 2059 sufficienter

331 2094 487 2167 instructo,
502 2093 601 2174 pausis
613 2093 742 2169 vexillis,
756 2094 967 2155 comitantibus
985 2092 1205 2173 impedimentis
1222 2102 1253 2154 et
1269 2093 1363 2173 equis,
1378 2094 1453 2154 urbe
1471 2115 1522 2157 ex.

331 2190 426 2253 cedat,
467 2188 720 2251 Dorstensobnius
737 2198 837 2250 autem
855 2189 1051 2252 sufficientem
1064 2188 1179 2251 salvum
1194 2190 1375 2251 conductum
1382 2190 1520 2253 Burnum

332 2306 426 2367 usque
440 2286 601 2368 praestabit,

374 2385 440 2446 111.
463 2385 613 2447 Omnibus
622 2383 712 2448 sinum
721 2381 895 2446 officialibus
903 2380 1048 2446 Caesareis
1060 2383 1234 2445 conceditur
1242 2403 1281 2444 ex
1289 2383 1360 2444 urbe
1374 2403 1444 2446 cum
1453 2383 1520 2444 aliis

334 2501 477 2563 egressus.

373 2579 431 2638 IV.
452 2577 565 2638 Omnia
576 2584 732 2652 tormenta,
742 2586 773 2638 et
784 2575 883 2656 pulvis
896 2577 1116 2652 tormentarius,
1124 2577 1260 2658 aliusque
1269 2577 1339 2642 belli
1349 2588 1518 2660 apparatus,

332 2673 385 2753 qui
398 2672 479 2734 bisce
491 2673 610 2752 punctis
623 2672 747 2733 obsessis
763 2691 824 2731 non
843 2671 1035 2750 permittitur,
1051 2672 1165 2732 sincere
1179 2673 1312 2734 tradetur
1328 2675 1520 2737 eCommen-

334 2771 442 2830 dante:
462 2779 611 2833 comeatus
623 2768 695 2830 verb
708 2767 770 2830 suis
782 2766 857 2828 locis
870 2767 1019 2828 indemnis
1032 2766 1225 2848 relinquetur.

371 2865 411 2926 V.
434 2866 496 2927 Sua
509 2866 695 2928 Excellentia
708 2863 865 2926 Generalis
876 2863 1139 2937 Dorstensobnius,
1149 2865 1324 2947 religionem
1331 2868 1519 2931 Catholicum

333 2962 518 3022 immutatam
533 2972 563 3022 et
576 2960 729 3034 illibatam,
744 2968 779 3020 nt
791 2959 849 3020 suit
863 2960 1059 3034 conservabit,
1074 2959 1232 3039 omniaque
1246 2961 1386 3022 exercitia
1396 2966 1521 3042 permit·

333 3066 377 3118 tet
389 3077 443 3118 suo
456 3057 563 3137 vigori,
576 3065 611 3118 ut
622 3066 699 3119 antea
742 3056 916 3118 Sacerdotes
929 3056 1011 3132 item,
1024 3053 1172 3131 monachi,
1186 3066 1217 3120 st
1229 3058 1383 3132 moniales,
1397 3061 1519 3142 templu,

332 3152 521 3226 monasteria,
539 3153 716 3215 nominatim
734 3152 841 3214 Patres
858 3152 996 3224 Jesuitoe,
1013 3163 1044 3214 et
1062 3153 1229 3216 Academia
1249 3173 1319 3215 cum
1339 3155 1425 3216 bonis
1447 3158 1518 3234 suis,

333 3246 480 3327 imprimis
492 3258 591 3310 autem
607 3249 798 3331 Episcopales
816 3249 955 3324 ministri,
970 3258 1000 3310 at
1016 3249 1166 3327 officiales,
1181 3251 1218 3312 ab
1236 3252 1318 3313 omni
1331 3251 1467 3316 molodia
1483 3255 1519 3317 li-

332 3343 407 3416 beri,
422 3343 495 3402 etin
506 3347 649 3406 moderno
662 3355 741 3407 statu
754 3347 862 3420 securi,
877 3346 1102 3427 permanebunt.

375 3441 437 3504 His
449 3437 555 3504 iisdem
567 3442 660 3523 pactis
673 3443 815 3522 gaudebit
829 3440 1046 3504 Monasterium
1060 3443 1196 3519 ondin,
1211 3446 1292 3508 unde
1305 3453 1336 3508 et
1347 3449 1520 3526 praesidium

333 3540 402 3600 istic
414 3538 586 3610 subsistens,
600 3537 662 3598 unb
674 3559 743 3600 cum
757 3538 1006 3601 Olomucensibus
1018 3541 1120 3603 secure
1132 3543 1326 3605 conducetur.

373 3635 433 3696 vl.
456 3635 523 3696 Etsi
538 3653 592 3694 sua
610 3624 795 3695 Excellentia
812 3645 874 3695 tam
891 3634 1016 3697 clericos
1033 3645 1063 3698 et
1080 3637 1242 3720 religiosos,
1261 3660 1351 3720 quam
1369 3641 1448 3702 viros
1466 3663 1517 3704 no-

331 3731 415 3806 biles,
437 3741 467 3794 et
485 3731 625 3814 plebeios,
639 3731 692 3809 qui
714 3729 789 3792 forts
813 3751 849 3792 eo
869 3732 1079 3816 confugissent,
1104 3734 1187 3797 nullo
1207 3735 1290 3800 illato
1313 3739 1513 3814 incommodo,
