3225 4700
632 344 750 403 100
1404 335 2225 405 ITINERARIUM.

624 498 884 551 nuerunt
919 489 1321 573 quadraginta
1359 501 1638 574 quatuor,
1676 502 1974 555 tormenta
2002 492 2219 553 bellica
2247 490 2479 573 majora
2517 486 2766 569 aliquot.
2853 487 3028 548 Visae

623 587 868 666 quidem
896 588 1182 648 dicuntur
1222 587 1499 651 Suedicae
1533 590 1761 671 aliquot
1795 610 1977 650 naves
2012 590 2078 649 in
2114 607 2463 650 succursum
2498 586 2812 647 destinatae
2840 585 3031 667 juxta

624 684 865 757 iisdum‚
910 684 1018 744 sed
1058 704 1199 745 cum
1234 685 1524 768 impetum
1559 698 1896 747 nostrorum
1938 695 2063 748 tam
2096 684 2510 747 vehementem
2544 682 2851 755 viderunt,
2896 701 3026 741 non

624 788 765 840 sunt
798 800 957 841 ausae
992 781 1236 862 propius
1271 783 1575 858 accedere,
1608 782 1909 844 succensis
1944 783 2146 863 itaque
2180 782 2246 842 in
2289 779 2487 840 insula
2515 778 2750 840 levibus
2790 778 3033 858 aliquot

625 876 965 957 tuguriolis,
987 887 1473 942 retrocesserunt.
1547 880 1671 941 Sed
1696 879 1902 960 etipse
1931 878 2247 940 Generalis
2268 876 2538 939 Bannier
2557 875 2718 936 haud
2743 874 2858 936 sibi
2889 874 3029 935 Ste-

627 971 739 1032 tini
765 972 958 1034 fidens
985 974 1300 1036 Wolinum
1330 976 1496 1037 abiit.
1581 975 1734 1036 Mox
1761 976 1838 1036 ab
1864 978 2304 1057 expugnatione
2346 972 2665 1054 imperavit
2700 970 3027 1031 Florentiae

630 1066 802 1145 Dux,
841 1079 910 1132 ut
938 1070 1002 1129 in
1043 1071 1443 1151 provisionem
1474 1072 1657 1153 hujus
1686 1072 1828 1148 loci,
1869 1072 2248 1152 militumque
2286 1069 2792 1141 sustentationem,
2818 1068 3031 1128 omnia

625 1165 810 1226 totius
833 1166 1059 1228 Insulae
1079 1186 1295 1247 pecora
1313 1167 1693 1248 Wolgastum
1715 1168 2179 1242 adducerentur,
2199 1187 2270 1228 ac
2298 1168 2409 1228 rite
2429 1166 2705 1227 omnibus
2731 1163 3033 1239 ordinatis

628 1271 927 1325 tormenta
945 1283 1052 1323 sua
1079 1262 1295 1323 bellica
1313 1262 1508 1343 primo
1531 1264 1596 1323 in
1616 1274 1811 1326 castra
1829 1264 2038 1327 reduci
2064 1266 2319 1340 curavit,
2342 1264 2484 1325 inde
2503 1282 2646 1324 vero
2668 1260 3034 1333 Daminum,

630 1358 707 1420 de
735 1379 856 1440 quo
881 1358 1214 1420 obsidendo
1241 1380 1398 1420 nova
1423 1360 1619 1422 indies
1645 1361 1896 1423 consilia
1919 1362 2318 1445 agitabantur,
2347 1360 2647 1443 profectus
2672 1367 2781 1421 est.

1039 1645 1076 1692 ³
1096 1651 1135 1700 t
1406 1628 1508 1763 232
1779 1624 1880 1734 rffit
1994 1720 2013 1730 ι
2090 1647 2248 1756 ³33
2282 1707 2287 1710 ,
2519 1619 2619 1753 τ’]

1417 1977 1801 2053 CAPUT
1870 1976 2242 2053 XXVII.

1563 2157 1669 2223 De
1704 2156 2103 2224 Pomeranic‘i.

640 2303 795 2407 ff*
828 2355 868 2419 ’τι
909 2351 957 2423 ’ᾗ
1033 2331 1036 2374 Ῑ
1322 2338 1521 2401 minus
1573 2339 1902 2422 prudenter
1942 2338 2126 2419 quam
2177 2337 2432 2411 fortiter,
2478 2334 3044 2398 Excellentissimus

1030 2467 1031 2470 ¹
1094 2467 1129 2503 -ι,
1191 2433 1490 2496 Dominus
1518 2433 1835 2495 Generalis
1861 2433 2081 2494 Comes
2105 2434 2181 2494 de
2212 2432 2419 2493 Gallas
2453 2453 2581 2493 rem
2609 2432 2883 2493 bellicam
2913 2431 3043 2493 hoc

1030 2595 1031 2598 ,
1109 2511 1133 2535 ³
1187 2537 1455 2608 tempore
1507 2528 1981 2589 administrabat.
2093 2527 2277 2587 Enim
2330 2527 2471 2589 vero
2525 2547 2664 2588 cum
2719 2528 3046 2590 Generalis

828 2599 949 2716 3⁵²3*ss
989 2633 992 2634 ’
1044 2628 1137 2696 *fii-³¹³1
1191 2622 1461 2682 Bannier
1497 2630 1732 2702 putaret
1764 2621 2060 2704 frangere,
2098 2622 2195 2682 vel
2230 2624 2392 2683 certe
2428 2631 2498 2683 ut
2538 2623 2857 2683 minimum
2898 2624 3039 2684 fati-

844 2776 848 2780 .
1093 2752 1101 2768 =
1188 2739 1330 2801 gare
1367 2717 1659 2779 caesarias
1690 2718 1891 2800 copias
1926 2739 2053 2780 sese
2088 2719 2451 2780 continendo
2481 2720 2636 2779 intra
2676 2719 3042 2780 arctissimos

639 2818 1016 2881 Pomeraniae
1052 2825 1304 2887 meatus,
1330 2814 1412 2874 ad
1445 2833 1614 2894 quos,
1650 2815 1892 2894 quoquo
1928 2835 1992 2877 se
2025 2824 2345 2892 verterent,
2382 2815 2628 2877 difficile
2662 2825 2789 2876 erat
2823 2816 3044 2876 nostris

636 2925 967 2995 penetrare,
995 2923 1130 2996 post
1153 2911 1374 2973 multas
1400 2909 1647 2990 quidem
1674 2912 1972 2974 molestias
2000 2913 2348 2987 exantlatas,
2372 2913 2435 2973 in
2463 2922 2765 2973 auctorem
2792 2912 3043 2972 tandem

637 3012 1006 3093 propositum
1027 3008 1284 3072 retorsit.
1337 3007 1669 3088 Postquam
1691 3008 1853 3068 enim
1874 3009 1954 3069 ad
1974 3008 2372 3071 Rostockium
2396 3010 2621 3070 fixisset
2645 3017 2839 3068 castra
2859 3007 3043 3068 militi

639 3117 844 3166 nostro
870 3106 1099 3185 aliquid
1132 3104 1349 3187 quietis
1381 3102 1654 3178 indulsit,
1680 3105 1887 3185 quoad
1923 3106 2289 3167 Banniricus
2319 3106 2612 3167 exercitus
2641 3105 2851 3180 lassus,
2894 3104 3046 3165 Sue-

641 3201 837 3261 tinum
864 3221 938 3261 ex
965 3201 1212 3262 latibulo
1240 3220 1346 3261 suo
1372 3199 1541 3274 exiit,
1569 3200 1794 3261 relictis
1818 3202 1981 3262 circa
2000 3201 2342 3284 Damgardt
2365 3211 2427 3264 et
2444 3201 2811 3283 Tripsesium
2840 3200 3043 3262 Uran-

640 3295 784 3376 gelii
811 3297 1019 3378 copiis,
1048 3318 1185 3379 quae
1213 3298 1273 3357 in
1301 3295 1673 3358 Caesarianas
1708 3297 2130 3381 advigilarent,
2158 3319 2297 3360 cum
2333 3299 2460 3360 sine
2497 3298 2666 3360 mora
2688 3305 2927 3360 secutus
2954 3307 3047 3357 est

645 3391 974 3454 Gallassus.
1057 3392 1298 3454 Interea
1324 3391 1388 3453 S.
1420 3393 1700 3455 Caesarea
1731 3394 2021 3476 Majestas
2057 3398 2133 3458 de
2170 3396 2361 3458 milite
2397 3416 2505 3457 suo
2541 3395 2818 3470 sollicita,
2845 3415 2923 3455 ne
2961 3395 3040 3453 ob

643 3488 953 3549 continuas
973 3488 1353 3570 diutinasque
1374 3488 1765 3572 migrationes
1784 3490 2016 3573 aliquid
2043 3492 2310 3554 hocloco
2335 3492 2699 3554 incommodi
2720 3500 3044 3573 pateretur,

643 3605 780 3647 eum
808 3584 871 3645 in
898 3583 1166 3664 hyberna
1191 3585 1409 3646 ducere
1437 3586 1681 3667 cogitat,
1703 3587 1790 3648 nil
1820 3589 2047 3649 monita
2072 3590 2148 3650 de
2176 3589 2393 3650 nostris
2414 3599 2625 3651 contra
2648 3589 2875 3650 hostem
2901 3607 3041 3647 suc-

644 3681 942 3758 cessibus3
989 3682 1097 3745 sed
1136 3681 1348 3745 Gallus
1382 3703 1525 3746 cum
1563 3682 1892 3748 Fortunam
1930 3685 2231 3749 faventem
2264 3687 2527 3763 haberet,
2563 3707 2637 3750 ea
2666 3687 2915 3751 ulterius
2950 3684 3045 3746 uti
