3225 4700
317 327 382 393 212
705 326 1110 396 rs'rNsRstM.

319 479 464 563 legatum,
489 487 653 554 caveretur,
674 478 823 560 viresque,
844 498 914 561 quse
934 479 966 540 iu
985 479 1121 561 Imperio
1140 477 1264 560 reliques
1289 478 1418 554 forent,
1442 486 1546 540 conca

319 576 462 649 Turesim,
481 574 508 637 si
530 575 654 656 quaudo
677 574 704 637 is
726 584 833 637 contra
853 574 1110 638 Christianitatem
1130 576 1250 639 hostilia
1269 597 1373 639 erma
1395 586 1545 651 moveret,

319 672 445 754 integrae
456 681 715 745 conservarentur,
728 680 760 735 et
769 672 801 734 in
815 671 1019 735 defensionem
1032 673 1244 755 objicerentur,
1256 693 1301 735 ae
1317 674 1468 755 denique
1481 674 1545 758 glo

321 768 417 831 riosus
433 787 541 850 scopus
557 768 595 831 ab
617 768 781 831 Electorali
798 768 939 853 collegio
957 777 991 832 et
1009 768 1275 833 Dominationibus
1294 770 1420 832 vestris
1433 790 1545 853 propo·

320 864 395 927 situs
407 886 461 947 per
473 865 602 947 gratiam
614 865 753 929 altissimi
765 867 854 949 plene
866 866 1077 950 attingeretur.

364 961 443 1025 Haec
460 964 562 1025 omnia
574 962 845 1045 (quemadmodum
857 962 1071 1042 subadubito)
1084 960 1327 1026 Dominatioues
1346 968 1475 1025 vestrus
1491 985 1542 1026 no

321 1057 404 1121 mine
425 1079 549 1123 suornm
573 1058 795 1142 Principalium
819 1079 938 1123 summa
957 1079 1028 1122 cum
1047 1060 1207 1143 diligentia
1226 1060 1260 1121 iu
1286 1058 1357 1121 hoc
1384 1072 1539 1127 conventu

321 1166 420 1221 restro
433 1166 598 1234 curaturae,
610 1158 653 1221 ite
663 1176 811 1235 macero,
822 1176 877 1220 nos
886 1156 1040 1221 modicum
1049 1166 1186 1220 noenum
1195 1158 1285 1239 quod
1295 1157 1334 1219 in
1345 1158 1443 1221 nobis
1452 1169 1499 1220 est
1510 1160 1539 1220 iu

316 1244 393 1315 'euru
406 1274 526 1337 quoque
538 1254 631 1317 finem
644 1254 772 1317 libenter
785 1253 974 1336 collaturam,
990 1274 1027 1316 ac
1039 1255 1131 1335 juxte
1142 1254 1237 1336 petita
1256 1264 1381 1327 vestra,
1396 1255 1455 1336 qui
1468 1275 1537 1317 con·

322 1352 490 1434 gregationi
502 1362 608 1414 rames
618 1348 758 1416 intersint
770 1350 874 1431 (modo
886 1350 1000 1417 litterae
1011 1349 1181 1413 securitatis
1198 1351 1399 1413 necessarias
1418 1372 1476 1434 pro
1495 1353 1538 1413 itu

323 1456 354 1509 et
367 1448 466 1511 reditu
479 1448 674 1527 obtinuerint)
685 1449 725 1511 de
743 1448 923 1532 legeturam,
939 1447 995 1529 qui
1007 1448 1098 1529 juxte
1116 1454 1248 1509 mentem
1271 1454 1422 1508 nostram
1442 1446 1487 1508 ita
1505 1467 1537 1508 se

322 1544 456 1608 babituri
466 1544 536 1623 siut,
550 1552 585 1607 ut
596 1566 633 1609 ex
645 1566 783 1609 sermone
796 1546 930 1629 ipsorum
943 1544 1115 1607 Germanus
1128 1551 1274 1605 uastaret
1287 1542 1334 1605 ad
1343 1562 1458 1625 pacem
1469 1564 1535 1626 pro

323 1660 434 1723 pensus
446 1640 566 1704 animus
575 1642 715 1705 omnibus
727 1643 848 1705 abunde
860 1640 995 1725 patefiat.

366 1737 539 1805 Poterimus
551 1739 597 1819 (ni
608 1739 708 1817 fallor)
721 1760 853 1823 quoque,
865 1748 995 1811 tautum,
1007 1738 1090 1819 apud
1102 1734 1219 1799 exteros
1231 1736 1413 1800 etiamnum
1424 1738 1457 1800 iu
1471 1737 1534 1799 Im·

323 1832 408 1915 perio
421 1843 452 1896 et
464 1842 570 1897 contre
583 1834 779 1899 Germaniam
792 1836 957 1900 militantes
970 1835 1141 1918 Principes,
1153 1833 1358 1916 (quibuscum
1378 1834 1530 1897 Dominus

323 1928 446 2012 Ooujux
458 1940 559 1993 noster
569 1931 763 2014 pientissimae
776 1933 930 1996 memoria
943 1934 976 1995 iu
989 1931 1131 1996 comitiis
1144 1930 1362 2012 Lipsiensibus
1382 1932 1423 1993 ab
1444 1932 1530 1993 Elee-

322 2022 435 2085 toribus
447 2022 574 2106 aliisque
588 2024 674 2087 Sacri
687 2024 819 2089 Romani
832 2024 959 2109 Imperii
972 2025 1167 2109 Principibus
1179 2037 1211 2090 et
1222 2028 1360 2091 statibus
1373 2030 1469 2092 Anno
1479 2030 1524 2091 Μ.

326 2118 531 2182 ΒΟ.ΧΧΧΙ.
544 2120 712 2196 celebretis,
724 2142 780 2204 pro
792 2121 929 2185 libertate
941 2122 1069 2204 Imperii
1080 2125 1195 2187 tuenda
1207 2134 1239 2187 et
1258 2127 1485 2204 conservanda,
1498 2149 1529 2189 se

326 2216 484 2299 obligarit,
497 2226 528 2281 et
544 2217 604 2281 buc
624 2238 719 2300 usque
737 2218 758 2281 b
776 2219 865 2281 uobis
884 2219 976 2281 etiam
994 2230 1167 2285 constanter
1177 2234 1411 2304 perseveratum
1423 2235 1478 2300 est,
1489 2226 1526 2290 ob

325 2332 433 2396 graves
445 2313 665 2397 persecutiones
677 2334 752 2398 ques
764 2336 819 2378 nos
831 2334 918 2398 seque
926 2335 963 2378 ec
972 2315 1101 2380 dilectus
1113 2316 1196 2382 filius
1204 2329 1311 2384 noster
1324 2322 1524 2399 immerentes,

327 2419 362 2474 ut
380 2410 612 2476 Dominationes
624 2421 731 2474 vestra
744 2412 879 2496 ipsemet
891 2423 1012 2490 norunt,
1025 2414 1104 2496 passi
1117 2436 1232 2494 summ,
1246 2418 1296 2482 ite
1306 2429 1344 2484 ut
1355 2441 1420 2498 uec,
1429 2420 1522 2482 adbuc

325 2508 344 2570 b
357 2507 611 2572 confoederatione
622 2529 728 2572 eornm
740 2509 898 2574 commode
910 2510 1051 2574 recedere
1067 2511 1229 2596 possimus)
1239 2525 1279 2578 ut
1292 2537 1346 2580 eos
1359 2517 1435 2580 illuc
1446 2537 1520 2579 com·

326 2605 424 2667 modis
437 2604 602 2668 rationibus
615 2605 802 2670 adducamus
816 2618 851 2670 nt
862 2627 968 2690 paoem
981 2608 1082 2692 potius
1093 2607 1230 2692 Imperio
1240 2613 1417 2694 proficuam
1435 2634 1519 2695 quam

326 2701 367 2764 ed
379 2700 535 2764 rdteriores
548 2703 649 2766 turbes
662 2704 792 2766 externis
806 2704 1001 2786 Principibus
1010 2705 1187 2781 movendas,¹
1196 2727 1285 2772 arma
1296 2711 1520 2793 amplectantur,

326 2817 397 2860 cum
411 2796 469 2880 ipsi
482 2809 567 2862 extra
575 2799 809 2862 manutersiam
819 2800 941 2884 pacifici
952 2801 1113 2886 Principes
1122 2802 1183 2867 sint
1195 2814 1227 2867 et
1236 2804 1343 2870 baberi
1355 2807 1456 2884 veliut,
1466 2825 1517 2866 nec

328 2894 412 2958 eliud
425 2895 605 2974 desiderent,
620 2915 710 2978 quem
723 2905 759 2960 ut
770 2898 868 2961 cuivis
879 2919 936 2980 pro
948 2918 1036 2981 aeqoo
1048 2909 1080 2963 et
1091 2903 1171 2964 bono
1182 2901 1323 2966 satisfiet.

346 2992 463 3070 ,Quod
486 2991 753 3058 Dominaticnibus
776 2995 885 3060 vestris
904 2997 972 3059 loco
993 2998 1130 3079 responsi
1156 2998 1254 3062 celare
1278 2999 1377 3074 uolui,
1404 3014 1513 3077 unaque

326 3108 432 3151 omnes
446 3088 507 3150 Dei
519 3089 698 3171 protectioni
711 3092 899 3155 commendo.
944 3091 1085 3156 Omellis
1101 3096 1148 3156 14.
1163 3094 1272 3158 Martii
1282 3098 1381 3160 Anao
1396 3095 1477 3158 164⁰.

735 3188 844 3250 Vestris
858 3189 1116 3252 Dominaticnibus
1127 3193 1340 3256 addictissimo

1091 3287 1222 3350 Arsanus
1235 3289 1441 3352 Emesam·

371 3374 472 3448 Quam
482 3376 576 3460 igitur
586 3397 692 3460 pacem
703 3378 898 3462 laudgravie
908 3380 1028 3446 Hassiae
1039 3383 1117 3446 inire
1127 3385 1266 3462 voluerit,
1276 3387 1325 3450 hoe
1337 3389 1403 3468 ejus
1411 3383 1509 3444 littere

329 3473 402 3536 satis
414 3473 556 3537 inuuunt.
592 3474 715 3539 Interea
727 3477 901 3539 servabatur
919 3479 1098 3544 inviolatum
1118 3481 1311 3547 armistitium
1330 3483 1408 3546 iuter
1419 3479 1509 3541 Casa·

329 3590 435 3634 reauos
448 3577 478 3634 et
492 3569 606 3635 Hessos
619 3593 672 3654 per
684 3571 910 3655 Westpheliom.
