3225 4700
476 330 897 401 ITINERARIUM.
1222 335 1279 400 181

68 478 226 563 Aigliani
249 480 367 545 Palatia
384 490 529 565 quotquot
545 484 579 545 iu
599 487 674 547 urbe
691 484 829 557 babebat,
849 504 886 545 ex
904 482 1011 566 quibus
1030 484 1132 565 opima
1149 483 1282 545 extulere

66 576 221 659 plerique
233 578 340 661 spolia.
360 579 514 642 Vicesimo
526 590 632 644 octauo
642 580 666 642 J
668 582 722 643 ulii
731 602 851 644 omnem
865 582 1028 644 exercitum
1042 580 1082 643 ad
1091 579 1283 643 laurinensis

70 672 157 734 arcis
182 675 442 758 oppugnationem
464 676 599 740 admovit
620 676 894 741 Mediolanensium
919 677 1111 741 Gubernator
1135 677 1282 759 Isgaues,

71 769 299 852 dispositisque
321 772 487 855 majoribus
513 774 668 835 tormentis
691 773 806 836 bellicis
830 794 946 837 soevum
970 773 1003 835 in
1026 774 1151 836 modum
1174 772 1282 855 quatit,

74 865 272 946 cepimetque
285 866 365 929 intra
379 888 491 950 paucos
503 869 578 943 dies,
591 870 651 930 uisi
666 868 839 931 Gardiualis
852 870 890 931 de
907 870 938 931 la
950 870 1069 932 Valette
1082 890 1194 933 novum
1207 888 1284 951 prce·

73 960 196 1024 sidium
212 962 330 1025 occulte
344 964 526 1041 immisisset,
540 984 631 1046 seque
648 965 792 1027 contiuuo
805 986 876 1028 cum
889 966 994 1027 decem
1007 966 1140 1028 millibus
1152 967 1193 1028 sd
1205 967 1284 1029 arcis

75 1056 274 1120 obsidionem
288 1060 461 1123 soluendam
474 1062 679 1136 convertisset,
694 1061 874 1143 Duoemque
884 1062 922 1125 de
938 1062 1133 1144 Iougnreville
1145 1062 1178 1123 iu
1191 1062 1284 1125 socie-

76 1164 175 1217 tatem
190 1156 379 1219 advooaoeet.

120 1251 214 1313 Galli
236 1253 332 1336 igitur
350 1253 382 1315 iu
402 1255 494 1337 opino
508 1254 620 1316 nuncio
639 1265 734 1337 captae
753 1255 836 1317 urbis
855 1255 985 1338 perculsi
1006 1255 1089 1318 illico
1108 1254 1285 1318 Guueauam

78 1348 276 1411 obsidionem
289 1370 322 1411 ro
335 1349 447 1411 infecta
458 1350 588 1427 solvunt,
604 1351 831 1433 conjunctisque
848 1352 962 1414 viribus
979 1352 1145 1415 exercitum
1159 1352 1286 1432 quinde-

79 1443 142 1505 cim
161 1446 300 1508 millium
318 1447 454 1528 peditum
470 1454 501 1508 et
517 1455 647 1529 quatuor
664 1447 794 1510 millium
812 1448 947 1528 equitum
966 1448 1110 1525 conflant,
1128 1448 1232 1531 sieque
1253 1448 1286 1509 iu

80 1540 245 1623 Hispanos
257 1552 390 1619 movent,
403 1542 557 1624 multaque
569 1543 680 1605 ferocia
692 1544 834 1606 continuo
848 1543 880 1605 in
893 1544 1005 1605 muenia
1017 1564 1122 1607 recens
1131 1553 1286 1627 occupatae

80 1639 120 1700 ab
134 1638 292 1721 Hispanis
305 1632 388 1701 urbis
400 1639 567 1713 enituntur,
581 1660 619 1701 ex
632 1659 693 1719 quo
706 1648 815 1702 conatu
829 1648 914 1701 atrox
927 1660 1031 1722 pugne
1045 1641 1196 1721 utrimque
1209 1651 1285 1718 orta,

82 1734 187 1797 Gallis
199 1756 306 1798 muros
318 1737 514 1812 tentantibus,
530 1736 677 1817 Hispanis
690 1736 806 1799 fortiter
818 1736 1022 1798 resistentibus
1038 1735 1082 1797 ita
1093 1744 1129 1796 ut
1143 1734 1228 1796 Gelli
1241 1756 1290 1798 se·

82 1832 147 1894 mel
161 1833 334 1914 iterumque
346 1852 382 1893 ac
392 1834 502 1915 aaepius
514 1833 552 1894 ab
562 1832 635 1893 urbe
647 1831 861 1913 repellerentur
872 1853 882 1907 3
903 1838 1141 1913 cogerenturqus
1154 1832 1288 1910 receptui

85 1948 211 1990 cauere.
242 1930 285 1991 Et
296 1928 369 1990 licet
379 1927 539 1990 Gallorum
550 1928 654 1990 Duces
666 1928 820 1990 subditum
833 1927 891 1989 sibi
905 1926 1032 1988 militem
1045 1925 1156 1987 strictis
1168 1926 1288 1987 ensibus

85 2032 235 2105 cogerent
254 2043 398 2087 renouare
420 2025 577 2106 impetum,
599 2024 749 2087 adducere
771 2036 871 2087 tamen
893 2042 1042 2105 nusquam
1065 2030 1229 2104 potuerunt
1248 2024 1291 2085 sd

84 2120 258 2182 iterandam
271 2141 416 2205 pugnam,
431 2142 501 2183 cum
514 2123 624 2184 milites
637 2122 747 2185 diserte
760 2142 810 2183 eos
824 2120 1022 2183 inclamarent
1040 2119 1206 2182 homicidas
1219 2142 1289 2183 suos

86 2225 120 2277 et
135 2237 199 2277 nou
215 2218 330 2293 Duces,
344 2219 456 2302 quippe
469 2220 523 2300 qui
541 2228 654 2282 temere
665 2227 727 2281 tam
741 2218 873 2280 nobilem
886 2218 996 2299 pubem
1009 2216 1098 2279 morti
1111 2216 1287 2298 objicerent.

86 2312 320 2378 constituerunt
337 2317 439 2399 itaque
456 2316 562 2379 saltem
577 2315 716 2379 Daoissae
728 2324 760 2378 et
772 2314 948 2378 Sabaudicae
968 2314 1075 2377 domus
1093 2312 1216 2378 familias
1233 2318 1288 2378 ad-

87 2413 179 2472 motis
198 2413 338 2474 omuibus
355 2414 498 2476 arietibus
515 2414 628 2476 exitum
646 2413 813 2494 patefacere
827 2432 865 2472 uc
879 2411 957 2473 forte
976 2412 1042 2492 ipsa
1059 2410 1189 2472 hostium
1204 2411 1289 2476 fieret

87 2509 206 2586 praeda.
246 2509 297 2570 Ita
309 2509 405 2592 igitur
417 2509 534 2572 collatis
546 2509 580 2571 in
593 2530 688 2571 uuum
702 2507 834 2570 consiliis
851 2507 1021 2569 libertatem
1041 2506 1139 2569 moliti
1156 2519 1236 2585 sunt,
1254 2521 1289 2573 ut

88 2603 165 2666 dum
182 2617 368 2688 pugnaretur
385 2608 424 2670 ad
442 2608 525 2669 urbis
543 2607 665 2682 moeuia,
679 2605 849 2668 mitteretur
867 2604 966 2666 salvus
985 2605 1153 2666 conductus
1170 2607 1289 2669 validus

88 2702 143 2780 qui
164 2703 372 2785 egredientem
393 2724 447 2786 per
466 2704 613 2786 posticum
634 2703 795 2765 Ducisaam
814 2722 885 2764 cum
904 2701 1061 2764 comitatu
1081 2702 1235 2782 reciperet,
1259 2714 1290 2766 et

90 2798 252 2862 celerrimo
263 2820 355 2862 cursu
367 2801 560 2863 Comberium
574 2800 739 2863 deduceret
750 2800 834 2880 quod
847 2799 971 2881 quidem
983 2819 1021 2860 ex
1034 2797 1128 2859 animi
1142 2801 1289 2861 sententie

90 2895 247 2974 processit.
291 2897 330 2957 Iu
343 2917 447 2979 pugna
459 2897 516 2959 bac
529 2897 549 2959 b
560 2897 696 2978 partibus
710 2895 880 2969 Gallorum,
896 2904 930 2956 ut
943 2895 1005 2956 fide
1019 2894 1180 2976 dignorum
1193 2894 1289 2958 bomi-

91 3011 165 3052 num
182 2993 294 3054 littcris
311 2995 531 3075 comprobetur,
549 2993 693 3055 cecidisse
707 2993 849 3055 dicuntur
862 2993 903 3054 ad
921 2991 980 3052 tria
996 2991 1102 3066 millia,
1122 2991 1201 3052 inter
1214 3013 1289 3074 quos

91 3087 234 3166 primarii.
248 3089 417 3171 Legioumu
432 3089 647 3152 Francicorum
662 3090 766 3151 Duces
777 3109 813 3149 ac
827 3088 1036 3163 Centruiones,
1051 3087 1174 3168 ipseque
1191 3090 1289 3172 campi

92 3181 314 3247 Muechsllus
326 3185 346 3247 b
358 3186 506 3248 Varcstan
518 3207 589 3248 cum
605 3186 701 3248 tribus
714 3184 781 3247 aliis
799 3184 890 3267 primi
907 3184 1040 3246 subsellii
1052 3185 1143 3245 viris:
1166 3184 1185 3246 i
1197 3187 1289 3266 purti-

17 3344 23 3374 Ι
92 3278 148 3341 bus
160 3301 235 3343 vero
250 3282 452 3365 Hispanorum
465 3293 575 3364 proeter
593 3292 743 3345 trecentos
760 3281 913 3365 gregarios
930 3280 1050 3357 milites,
1067 3279 1181 3362 aliquot
1198 3283 1289 3345 etism

94 3376 306 3457 primariomm
321 3378 446 3441 Ducum
458 3379 518 3441 fusi
532 3379 683 3442 dicuntur.

133 3472 256 3537 Interea
273 3474 430 3537 Romanus
447 3474 590 3536 Pontifex
608 3475 723 3536 laborat
738 3495 793 3556 per
806 3475 952 3556 Legatum
966 3475 1176 3556 Apostolicum
1189 3475 1289 3539 Caffa-

95 3569 224 3647 rellium,
236 3580 271 3633 ut
282 3591 368 3634 arma
379 3572 523 3653 tantisper
537 3572 689 3654 utrimque
702 3581 826 3655 ponam,
842 3571 892 3632 cui
906 3571 1029 3651 quidem
1043 3574 1150 3634 anuuit
1163 3583 1288 3653 utreque

94 3683 171 3743 pers,
185 3667 239 3729 sed
253 3688 324 3731 mox
336 3669 437 3732 nescio
451 3669 538 3747 cujus
552 3670 596 3730 rei
609 3670 781 3731 interventu
794 3668 990 3749 neutrubique
1006 3679 1153 3730 serratum
1169 3679 1221 3730 est.
