3225 4700
345 317 410 384 264
745 315 1149 384 ITINERARIUM.

344 473 497 537 venissent
514 471 646 556 supremi
664 471 749 554 equis
765 482 837 537 sunt
855 473 996 537 restituti.
1038 471 1174 558 Ingressi
1191 471 1310 534 urbem
1328 468 1432 553 epulo
1450 478 1528 531 snut
1541 489 1571 530 re

346 569 449 646 creati,
460 569 651 654 supremique
661 569 701 632 ad
712 591 847 632 menmm
858 570 1007 632 Colonelli
1014 570 1153 644 adhibiti,
1164 570 1216 631 ubi
1227 567 1418 642 lectissime,
1431 575 1571 648 tanquan

346 669 371 731 si
385 667 485 729 adbuc
497 678 596 729 esseut
609 665 709 740 liberi,
721 667 814 729 locati
827 677 907 729 sunt.
941 667 1034 728 Petiit
1046 666 1097 728 bic
1110 665 1297 729 colonellas
1313 665 1417 727 Wolf
1425 663 1571 726 vellentn

345 785 414 827 suos
427 761 560 847 supremi
573 771 655 825 certo
667 762 794 825 militari
807 764 878 826 litro
891 763 1050 838 redimere,
1063 763 1146 845 quod
1159 783 1231 825 cum
1247 761 1461 837 annuissent,
1477 781 1571 823 corun

345 861 418 944 ipsis
442 879 545 923 omnes
565 860 715 922 numerati
736 870 817 936 sunt,
837 871 869 924 et
887 862 1000 944 scripto
1020 860 1200 944 consignati,
1224 869 1266 922 nt
1284 859 1398 921 cnivis
1422 869 1571 920 constaret

344 967 491 1040 quantum
509 958 705 1040 pecuniarum
726 958 788 1020 suis
808 957 993 1022 redimendis
1016 979 1092 1042 opus
1115 967 1200 1021 essct
1246 957 1347 1019 Hinc
1373 957 1571 1038 postmodum

344 1055 478 1136 supremi
492 1054 523 1116 in
538 1055 650 1118 tutiora
661 1055 729 1116 loca
743 1054 867 1116 deducti
879 1066 959 1118 sunt

385 1151 493 1214 Omnis
503 1151 594 1234 hujus
608 1151 703 1214 cladis
714 1171 833 1214 caumm
845 1151 937 1215 fuisse
949 1154 1027 1214 fode
1039 1151 1169 1215 Ursellis
1177 1149 1339 1214 violatum
1354 1159 1390 1212 et
1399 1150 1570 1232 expilatum

342 1249 500 1331 templum,
515 1250 547 1310 in
561 1249 645 1332 quod
656 1267 720 1310 non
734 1257 803 1312 ante
816 1249 926 1312 multos
939 1250 1003 1312 dies
1017 1249 1164 1312 diffractis
1176 1247 1302 1311 foribus
1316 1247 1444 1310 tristem
1459 1257 1493 1309 ct
1506 1249 1569 1309 bar·

343 1347 449 1409 berum
462 1347 495 1408 iu
512 1345 638 1408 modum
655 1345 792 1407 saritam
813 1355 887 1421 erat,
906 1345 1013 1408 aluric
1029 1345 1205 1429 despoliata,
1223 1365 1322 1407 sacra
1342 1345 1448 1408 Cruci
1469 1344 1567 1405 suffixi

344 1442 504 1504 simulacra
526 1442 637 1516 diruta
658 1450 739 1503 terra
761 1462 847 1504 sacm
863 1441 980 1519 effossa,
999 1463 1112 1504 asseres
1131 1441 1264 1518 effracti,
1287 1442 1383 1504 sedes
1406 1441 1565 1523 disrupte,

344 1558 437 1600 sacrae
456 1547 553 1601 vestes
576 1559 630 1621 per
649 1538 817 1601 ludibrium
836 1540 869 1602 in
889 1541 947 1602 viis
966 1539 1096 1623 publicis
1118 1540 1291 1617 ventilata,
1315 1559 1409 1602 sacra
1433 1539 1564 1621 denique

343 1635 476 1717 profanis
487 1635 656 1717 promiscue
668 1635 802 1698 confusa.

384 1729 457 1793 Non
470 1732 559 1794 debet
571 1731 628 1793 hoc
641 1731 709 1794 loco
718 1734 908 1814 praetermitti
918 1734 1069 1816 protervia
1077 1735 1167 1796 unius
1180 1737 1199 1796 e
1213 1734 1358 1798 Suedica
1369 1733 1449 1794 face
1457 1731 1558 1793 militis

343 1825 444 1889 dDeo
460 1829 581 1911 egregie
599 1829 761 1912 castigata:
784 1829 835 1891 lric
847 1851 919 1892 cum
938 1830 1068 1893 Ursellis
1084 1831 1117 1892 iu
1135 1831 1242 1913 templi
1263 1829 1427 1894 Catholici
1446 1827 1556 1908 expila-

341 1924 422 1986 tione
436 1944 555 1986 sacrum
565 1925 640 1987 forte
654 1925 779 1988 calicem
792 1927 980 2010 sublegisset,
990 1949 1026 1990 nc
1040 1929 1071 1990 iu
1086 1948 1155 1990 eum
1170 1929 1285 2000 (venia
1299 1929 1343 1990 sit
1356 1923 1476 2002 verbis)
1486 1944 1554 1984 vcn-

343 2019 396 2082 tris
413 2039 489 2082 onus
506 2041 577 2083 cum
594 2022 669 2083 diris
683 2022 805 2085 vocibus
821 2023 912 2085 homo
924 2023 1151 2106 profanissimae
1168 2026 1376 2108 deposuisset,
1385 2021 1549 2106 justissime

341 2136 413 2178 mox
427 2117 445 2179 b
457 2117 604 2180 scelerum
616 2119 738 2182 vindice
752 2121 858 2201 plexus
871 2132 926 2184 cst.
967 2123 1030 2184 Vix
1043 2123 1124 2183 enim
1139 2121 1282 2204 dtempli
1296 2121 1418 2183 foribus
1431 2118 1548 2183 abierat,

342 2213 540 2277 descensurus
557 2216 669 2297 gradus
688 2215 720 2277 in
739 2217 851 2279 atrium
870 2217 976 2301 templi
998 2229 1166 2302 vergentes,
1187 2219 1316 2281 fallente
1337 2216 1418 2298 pede
1441 2213 1547 2274 labitur

342 2309 477 2393 supinus,
498 2331 617 2394 unaque
634 2313 666 2374 in
685 2311 827 2388 cultrum,
841 2335 931 2399 quem
947 2315 1068 2378 sacculo
1085 2316 1196 2400 vagina
1211 2317 1294 2379 bene
1314 2312 1479 2382 munitum,
1492 2307 1544 2371 cir·

342 2408 535 2485 cumlerebct,
555 2410 672 2486 incidit,
691 2432 781 2493 seque
799 2422 957 2475 cruentum
976 2414 1009 2473 in
1027 2413 1152 2475 modum
1167 2414 1307 2488 sauciat3
1328 2413 1349 2473 d
1367 2431 1430 2493 quo
1448 2418 1544 2491 postes

340 2504 465 2567 vulnere
482 2506 618 2567 onmium
635 2506 822 2570 medicorum
840 2519 871 2571 et
883 2508 1131 2591 peritissimorum
1148 2508 1368 2593 chirurgornm
1382 2515 1448 2568 arte
1463 2502 1542 2564 adbi-

342 2602 415 2672 bita,
428 2622 482 2683 per
495 2602 595 2663 sanari
612 2624 765 2685 nunquam
780 2606 878 2687 potuit
885 2628 895 2682 3
916 2606 1081 2669 cumcuim
1096 2607 1187 2689 plaga
1198 2606 1369 2689 emplastra
1382 2600 1540 2684 quomodo·

341 2716 460 2779 cunque
470 2697 630 2779 applicata,
640 2720 699 2760 non
710 2700 893 2779 admitteret,
903 2702 1015 2766 vulnus
1026 2702 1181 2785 putrefieri
1190 2703 1340 2785 primum,
1353 2700 1424 2763 dein
1440 2694 1539 2757 vermi·

340 2814 412 2857 nare
425 2794 527 2877 erepit,
539 2795 674 2875 adeoque
685 2796 797 2860 soedere
811 2812 847 2861 ut
855 2800 961 2881 procul
974 2798 1151 2861 accedebas
1160 2800 1346 2881 prohiberet,
1357 2798 1400 2859 ita
1413 2790 1537 2856 misellus

340 2894 424 2956 omni
441 2894 555 2957 auxilio
570 2893 731 2957 destitutus
749 2905 855 2972 morte,
873 2896 987 2980 lingue
1005 2894 1202 2978 petulantiam
1219 2906 1251 2959 et
1272 2892 1424 2980 profanati
1441 2886 1535 2952 calicis

340 2991 494 3073 injuriam,
509 2990 577 3053 luit.
614 2990 694 3053 Haec
707 3012 754 3054 res
768 3013 838 3053 cum
852 2992 902 3054 vel
915 2994 1048 3075 ipsorum
1063 2992 1289 3055 eWimariensi
1301 2989 1434 3053 exercitu
1448 2982 1534 3066 capti·

340 3108 447 3149 vorum
460 3088 631 3149 testimonio
645 3088 898 3171 comprobaretur,
909 3090 1073 3171 plurimum
1084 3090 1230 3151 momenti
1244 3082 1531 3151 attulitadbomiues

340 3182 493 3244 dicaculos
510 3204 546 3245 ac
565 3185 640 3247 diris
656 3187 780 3248 vocibus
797 3187 953 3262 arcendos,
968 3194 999 3247 et
1017 3186 1036 3248 d
1053 3188 1146 3249 sacris
1161 3188 1223 3249 Dei
1238 3186 1356 3250 adibus
1371 3174 1528 3261 depilsudit

339 3280 528 3341 avertendos.

381 3375 473 3439 Hanc
491 3375 607 3440 cladem
626 3388 657 3441 et
676 3378 874 3463 irruptionem
889 3377 1123 3464 Fridbergenses
1139 3382 1170 3443 iu
1186 3379 1395 3445 innocentibus
1408 3374 1524 3436 circum·

337 3473 447 3538 ricinis
467 3472 591 3537 Gelonis
603 3474 759 3538 vindicare
773 3475 889 3538 connisi
901 3486 982 3552 sunt,
995 3479 1078 3541 unde
1094 3490 1178 3541 sexto
1191 3478 1325 3564 Augusti
1342 3476 1373 3538 in
1391 3468 1521 3553 oppidum

339 3568 577 3635 Bommersheim
597 3570 780 3655 irruperunt,
792 3592 831 3634 ac
848 3573 946 3654 primo
963 3576 1067 3637 omnia
1086 3596 1196 3659 pecora
1215 3578 1387 3660 abegerunt,
1404 3565 1470 3629 dein
1487 3578 1519 3620 ex

337 3666 477 3751 agricolis
490 3667 650 3731 nonnullos
664 3670 873 3744 conciderunt,
883 3678 949 3733 tum
960 3672 1076 3735 oedibos
1086 3674 1189 3757 ignem
1202 3674 1391 3755 subjecerunt
1401 3660 1519 3738 denique
