3225 4700
493 346 517 411 1
523 342 579 412 TI
586 343 803 414 NERARI
813 346 900 414 UM.
1228 347 1288 414 195

80 510 155 570 quo
169 510 205 553 se
215 511 279 554 una
290 510 361 555 oum
374 490 441 556 aliis
452 494 614 576 adjectitiis
630 494 812 578 delectisque
827 497 949 559 aliunde
967 496 1111 561 militibus
1126 518 1189 561 sese
1206 518 1287 561 rece-

82 598 214 666 perant,
228 588 415 671 occlusisque
426 592 520 672 portis
533 591 669 654 Bavares
680 592 877 654 excluserant
913 592 985 655 Non
1001 603 1138 675 poteraut
1150 594 1207 657 boc
1221 595 1287 657 loco

84 682 259 745 Bavsricis
271 696 437 768 opportuna
444 688 547 749 deame
558 688 669 759 media,
681 687 863 771 effringendi
876 698 929 751 aut
938 689 1109 770 disjicieudi
1118 691 1287 755 obfirmatas

85 778 213 853 aduae,
227 788 258 840 et
269 779 384 843 bostem
401 782 482 843 iutra
498 783 609 844 mmuia
627 783 802 857 invadendi,
817 804 878 865 quo
890 784 922 845 iu
935 784 1002 847 loco
1016 786 1054 849 de
1067 785 1223 849 hostilibus
1235 808 1286 849 oo·

86 874 154 955 piis
173 894 239 936 sese
256 875 365 938 iterum
382 878 530 959 manipuli
550 878 665 959 aliquot
686 878 844 941 Baras-icis
861 880 1055 954 dediderunt,
1075 880 1175 963 plures
1194 883 1285 944 etiam

87 970 221 1032 mactati
232 979 314 1046 sunt,
330 972 438 1053 reliqui
456 992 540 1048 vero,
549 973 639 1035 ‘iuter
652 993 727 1054 quos
740 974 914 1037 Golouellus
926 996 1015 1051 auus,
1029 996 1132 1039 omnes
1151 977 1287 1059 pauculis

88 1066 240 1147 exceptis,
254 1067 307 1147 qui
319 1068 496 1150 scapharam
509 1068 655 1131 beneficio
667 1069 700 1131 in
713 1068 886 1131 ulteriorem
900 1069 999 1133 Rheni
1012 1071 1109 1152 ripam
1119 1080 1284 1149 enatarunt,

88 1162 127 1222 in
148 1152 308 1243 antiquum
328 1164 468 1247 Burgum
488 1165 559 1227 uita
580 1163 701 1227 tuenda
718 1174 749 1227 et
768 1166 986 1231 Bararioorum
1002 1168 1130 1251 primam
1145 1168 1286 1231 ferocium

90 1256 291 1339 propulsandi
313 1276 414 1335 musa,
436 1280 469 1321 se
491 1269 677 1343 rmepsruut.
729 1260 769 1322 In
785 1261 847 1323 hac
869 1261 1035 1344 irruptione
1055 1271 1177 1326 centum
1197 1283 1287 1345 supra

90 1353 318 1437 quinquaginta
335 1355 425 1417 facile
445 1356 617 1437 interempti
634 1366 715 1431 sunt,
733 1358 892 1441 quingenti
912 1378 985 1423 vero
1004 1379 1067 1421 uua
1085 1380 1156 1422 oum
1177 1360 1287 1444 viginti

91 1454 218 1516 circiter
232 1452 384 1517 officiariis
403 1454 436 1517 iu
453 1456 657 1537 captivitatem
676 1458 803 1539 abrepti,
822 1466 911 1539 atque
931 1458 975 1523 ita
993 1460 1094 1523 denuo
1112 1460 1287 1543 Rbiugavis

92 1570 195 1631 usque
205 1552 247 1614 ad
260 1550 395 1615 Honoris
411 1560 525 1634 petram
540 1551 714 1634 (Ebreuiels
729 1554 927 1617 communiter
939 1556 1041 1617 natira
1054 1556 1174 1639 Lingua
1186 1556 1288 1637 appel·

93 1647 175 1724 lant)
188 1647 273 1710 hoste
284 1656 527 1731 perpurgataast.
547 1648 729 1730 cogitabant
738 1649 861 1729 quidem
872 1650 986 1713 Barari
998 1652 1155 1715 'telonium
1169 1652 1286 1715 Ebreu·

92 1742 198 1805 selavi
210 1744 364 1826 impetere,
379 1744 523 1826 quoniam
538 1744 619 1805 verb
629 1743 772 1806 videbant
789 1743 866 1805 Vioe
881 1744 1070 1807 Golouellum
1085 1748 1200 1811 Eukart
1217 1768 1287 1811 cum

94 1840 318 1923 qninquaginta
330 1839 533 1902 solertissimis
549 1838 695 1900 militibus
706 1858 770 1901 sete
782 1839 824 1901 ad
836 1858 970 1923 pugnam
984 1850 1015 1901 et
1028 1841 1232 1905 defensionem
1246 1844 1287 1905 ad

96 1946 261 1997 noemam
274 1956 369 2018 usque
377 1934 532 2017 sanguinis
540 1942 658 2017 guttam
665 1933 831 2009 resolvisse,
842 1934 1022 1997 distulerunt
1030 1937 1285 2020 oppugnationem

96 2034 132 2094 in
155 2032 357 2095 commodiore
374 2040 524 2113 temporat
554 2029 677 2093 iuterim
693 2030 820 2093 sollicite
840 2030 881 2095 de
900 2030 993 2095 bostis
1015 2032 1148 2095 consiliis
1167 2052 1288 2113 quaqua

98 2148 221 2191 versum
232 2128 462 2209 inquisiremut.

141 2225 187 2287 Ut
204 2224 335 2307 primum
355 2222 528 2307 Rhingaria
547 2242 602 2306 per
622 2221 853 2286 Wimariensem
875 2224 1040 2287 exercitum
1065 2235 1212 2308 occupata
1232 2236 1286 2303 est,

99 2318 178 2385 inter'
195 2322 295 2405 prima
312 2321 370 2384 hoc
388 2321 552 2404 prudenter
568 2320 744 2404 agitandum
759 2329 792 2383 et
811 2320 1032 2403 dispiciendum
1051 2342 1115 2386 esse
1134 2332 1287 2405 putarunt,

99 2422 152 2500 qul
167 2419 288 2481 firmam
304 2419 372 2481 istic
389 2418 491 2480 Mem
510 2416 640 2500 figerent
658 2417 825 2498 pedemque
846 2417 963 2480 fortiter
981 2418 1166 2481 stabilirent:
1187 2420 1288 2483 locum

99 2515 192 2598 igitur
208 2515 341 2596 aliquem
355 2534 468 2598 magua
483 2533 558 2576 cura
570 2513 815 2594 disquisirarunt,
830 2515 881 2595 qui
896 2515 944 2576 uel
953 2516 1021 2596 jam
1034 2525 1102 2576 ante
1115 2525 1223 2578 natura
1235 2537 1288 2578 seu

99 2621 163 2674 arte
174 2611 307 2674 munitus
320 2622 407 2686 esset,
416 2610 466 2672 rel
478 2619 559 2673 uerte
568 2617 655 2690 aptus
665 2609 698 2670 iu
708 2629 798 2690 quem
812 2609 970 2672 muniendi
980 2631 1071 2693 opera
1083 2609 1287 2690 collocaretur,

100 2708 183 2770 locas
194 2728 268 2771 vero
279 2717 357 2771 esset
367 2707 525 2790 ejusmodi,
545 2707 633 2788 cujus
644 2707 865 2788 opportunitate
879 2705 1005 2769 Rhenus
1017 2707 1137 2770 muniri
1153 2707 1233 2770 ultro
1246 2709 1288 2770 oi·

101 2816 205 2886 troque
220 2813 330 2886 posset,
343 2804 376 2865 in
389 2823 480 2885 quem
497 2803 590 2866 linem
604 2821 754 2882 nusquam
765 2801 999 2865 commodiorem
1011 2813 1184 2886 repererunt
1197 2822 1288 2883 quam

103 2901 234 2983 Bingam
248 2901 392 2983 oppidum
404 2898 542 2981 inprimis
553 2898 592 2960 iis
604 2897 637 2958 iu
649 2897 784 2979 partibus
795 2897 928 2972 firmum,
943 2899 1023 2980 quod
1038 2919 1108 2961 cum
1124 2899 1289 2962 necessario
1342 2889 1345 2904 '

101 2997 240 3079 prasidio
262 2996 385 3058 destitui
408 2994 572 3057 adranarii
594 2993 742 3056 exercitus
767 2993 864 3056 Ducis
887 2995 1172 3072 animadverterunt,
1197 3015 1288 3077 quam

101 3093 230 3154 maxime
249 3093 390 3174 expedire
408 3100 552 3174 putarunt
570 3099 603 3152 ut
621 3089 764 3151 Director
776 3089 858 3150 Rosa
870 3109 961 3170 quam
977 3109 1048 3151 mox
1065 3092 1166 3173 copias
1184 3092 1288 3152 admo·

100 3199 193 3264 reret,
206 3208 274 3269 quar
287 3209 326 3250 ne
338 3188 414 3250 forte
429 3187 448 3249 d
461 3186 619 3250 Bararicis
632 3184 728 3266 oopiis
735 3185 803 3266 jam
816 3185 1045 3248 adventantibus
1059 3186 1288 3270 depellerentur,

101 3304 217 3346 summa
234 3305 305 3347 cum
323 3281 512 3347 fetinatioue
530 3283 670 3345 omnibns
687 3281 802 3344 uiribus
820 3282 865 3344 ita
882 3281 997 3344 fortiter
1014 3293 1195 3365 presserunt,
1211 3293 1245 3346 ut
1257 3305 1289 3346 se

101 3381 251 3464 indigenae
273 3382 304 3444 iu
327 3381 512 3443 deditionem
530 3380 604 3442 dare
622 3379 833 3450 concluserint,
853 3387 1008 3461 postquam
1028 3380 1180 3460 duplicem
1199 3380 1291 3444 hostis

103 3477 245 3559 impetum
258 3477 466 3539 sustinuissent
479 3487 509 3538 et
521 3477 630 3538 iterum
642 3476 810 3557 iterumque
827 3474 947 3538 hostilia
965 3495 1048 3537 erma
1064 3485 1183 3538 strenue
1203 3497 1290 3558 repu-

103 3572 212 3636 lissent.
256 3573 320 3636 Hic
329 3574 383 3655 qui
395 3572 588 3636 animosiores
600 3581 686 3635 erant
697 3571 776 3633 iuter
786 3571 918 3632 obsessos
929 3571 960 3632 in
970 3589 1069 3633 arcem
1080 3572 1205 3636 editiore
1215 3570 1289 3633 colle

90 3671 291 3752 'conspicuam
309 3689 373 3732 sese
385 3671 607 3744 subtraxerunt,
619 3668 653 3730 ia
665 3687 757 3749 quam
770 3687 891 3749 quoque
903 3666 996 3730 bostis
1009 3669 1087 3732 uires
1100 3679 1131 3730 et
1143 3687 1227 3730 arma
1239 3687 1289 3730 ex-

106 3766 190 3843 emit,
209 3777 240 3828 et
256 3787 317 3830 nou
336 3765 431 3828 multo
450 3774 526 3847 post,
549 3785 620 3827 cum
639 3765 677 3826 de
700 3765 887 3827 Bararorum
908 3785 1052 3826 succursu
1072 3773 1293 3846 propugnantes
