3225 4700
341 345 611 414 EPISTOLA
650 345 797 414 DEDI
805 343 867 413 CA
879 338 1060 409 TORIA.
1233 347 1297 411 299

101 517 261 559 servorum
276 507 405 573 tuorum,
416 519 520 560 vocem
533 517 631 559 meum
641 497 719 558 inter
728 505 843 558 exteros
852 495 941 578 longe
951 494 971 556 i
980 494 1086 556 Patrio
1095 494 1159 556 solo
1168 505 1297 556 remotus

102 613 243 674 corpore,
260 594 362 656 animo
378 595 449 656 verb
466 604 497 656 et
512 591 622 656 sffeotu
640 593 695 656 tibi
711 592 958 674 praesentissimus
974 591 1077 652 ottollo
1095 591 1151 652 etsi
1168 591 1242 651 forte
1263 591 1294 651 in

101 689 190 752 tanti
208 689 341 754 locorum
362 691 504 754 distantib
522 711 582 752 non
602 690 754 766 exaudiar,
776 689 901 764 oshmo,
922 687 1066 749 vicariam
1085 708 1189 750 vocem
1211 688 1294 748 omni

102 786 236 848 clamore
248 787 394 860 altiorem,
408 789 525 870 sblego,
538 798 573 850 nt
583 808 683 849 meum
697 807 769 870 ergo
783 785 1019 848 Illustrissimsm
1029 795 1059 848 et
1071 785 1293 848 Excellentissi-

103 903 188 943 msm
212 883 453 944 Dominstionem
476 893 560 945 tuum
583 883 714 945 officium
737 890 928 946 contestetur.
970 879 1074 943 Offero
1096 881 1189 964 igitur
1213 881 1292 943 huno

105 979 202 1039 animi
215 988 246 1040 et
258 978 371 1060 ingenii
384 979 445 1041 mei
455 979 560 1042 foetnm
574 979 652 1052 inter
662 998 748 1048 sums
764 987 953 1058 conceptum,
967 977 1123 1057 proeoipito
1141 987 1171 1039 et
1186 977 1292 1038 intem·

101 1075 220 1155 pontivo
233 1083 319 1156 partu
332 1074 364 1134 in
382 1074 480 1136 luoem
496 1073 633 1150 effusum,
653 1083 684 1135 et
700 1075 733 1134 in
751 1081 803 1135 tus
820 1074 941 1135 servitio
959 1092 1081 1153 quoquo
1098 1074 1198 1148 modo,
1211 1075 1290 1135 utin

102 1171 208 1232 cestris
225 1171 290 1232 fieri
308 1180 397 1245 amnt,
416 1171 577 1246 exoulbsm,
594 1181 625 1233 et
642 1171 840 1233 demisissims
856 1170 1040 1252 subjectione
1053 1171 1225 1250 conspectui
1239 1182 1291 1233 tuo

102 1267 310 1329 Illustrissimo
324 1269 404 1329 sisto.
447 1267 486 1331 In
501 1287 569 1329 enm
583 1267 644 1349 qui
656 1288 688 1330 ss
701 1266 885 1330 humanitate
897 1275 929 1328 et
945 1264 1152 1329 beneuolentii
1169 1267 1291 1344 penitis·

100 1364 178 1425 sime
192 1365 333 1426 devotum
347 1363 452 1445 excipe
466 1372 496 1424 et
508 1363 667 1424 infantium
681 1361 761 1424 illius
777 1373 871 1438 tuere,
890 1383 926 1422 se
944 1361 1022 1439 fove,
1040 1369 1070 1421 et
1082 1380 1130 1421 me
1148 1381 1209 1422 nno
1220 1381 1289 1422 oum

98 1459 253 1520 laboribus
265 1459 340 1521 meis
352 1458 565 1540 gratiosissimo
580 1458 683 1520 invene
702 1478 887 1540 prosequere.
929 1458 1050 1522 Dubsm
1066 1456 1193 1520 Viennae
1210 1456 1290 1530 Ans·

100 1557 168 1618 tnioe
184 1556 257 1618 Ru.
272 1555 379 1619 Mutii
392 1557 484 1622 Anno
498 1554 648 1616 salutifero
661 1553 747 1634 010.
764 1554 847 1635 100.
863 1554 983 1618 XLVI.

302 1667 516 1729 Illustn'ssimoe
529 1675 559 1728 et
573 1665 840 1728 Exoellentissimae
852 1665 1049 1728 celsitudinis
1061 1675 1167 1728 vestroe

537 1777 735 1840 Humillimns
749 1785 780 1840 et
791 1777 1049 1839 obedientissimus
1064 1777 1236 1841 Ssoeilanus

737 1889 869 1954 Tnouns
882 1889 1001 1965 Csnvn,
1016 1891 1165 1950 Sacerdos.
