3225 4700
506 805 700 880 CAPUT
734 807 866 880 XXX.

181 982 344 1051 Descrth
358 986 419 1053 iter
432 997 570 1052 nostrum
585 988 618 1052 in
637 986 829 1053 Comitutcm
845 986 1168 1074 Sebuumbttrgensem.

266 1141 317 1274 l}
342 1178 422 1241 osc
448 1179 671 1261 inexplicabiles
698 1190 728 1243 es
751 1180 841 1263 plane
867 1180 1052 1241 miserandas
1078 1178 1272 1254 calamitates,

82 1317 86 1324 ,
116 1249 146 1318 s<
273 1307 308 1362 qs
358 1275 486 1357 septimo
499 1276 621 1337 tandem
632 1276 710 1337 Maii
719 1278 797 1358 jussi
810 1296 925 1350 sumus,
942 1273 1158 1335 Hannoverum
1171 1294 1273 1336 versus

104 1363 133 1454 fs
188 1363 308 1452 gisf'j
353 1371 410 1433 iter
423 1382 559 1434 nostrum
579 1372 720 1456 dirigere,
735 1392 771 1434 ec
785 1373 873 1434 istinc
885 1373 917 1433 in
937 1370 1113 1433 comitatum
1126 1369 1271 1433 Schauin·

89 1491 117 1554 γ’
192 1459 320 1562 ν’ρᾟ
358 1468 537 1551 burgensem
547 1469 679 1542 flectere,
689 1470 740 1530 ille
754 1469 835 1530 euim
845 1468 1001 1529 dicebatur
1010 1467 1096 1529 nobis
1104 1467 1273 1550 assignatus

107 1557 109 1560 ’
198 1561 217 1600 ’-
229 1575 239 1588 ”
262 1561 283 1586 ”
314 1569 316 1572 ’
357 1584 420 1625 esse
431 1566 464 1626 in
474 1564 618 1645 hyberna.
661 1566 721 1640 Its,
733 1566 863 1647 ingenue
871 1564 975 1635 lector,
983 1562 1150 1625 omniehac
1162 1564 1270 1625 mundi

72 1664 254 1735 tempestate
262 1676 391 1733 sursum,
401 1661 550 1736 deorsum,
564 1662 711 1742 quadrata
724 1661 860 1722 rotundis
872 1660 1053 1721 miscentur:
1076 1659 1182 1739 hyeme
1195 1680 1270 1741 pug-

72 1752 215 1813 nandum
238 1763 292 1830 cst,
314 1756 388 1817 duni
411 1766 528 1838 tempus
549 1758 716 1839 appropiat,
739 1775 799 1837 quo
824 1754 925 1837 Reges
948 1756 989 1815 ad
1012 1756 1091 1815 bella
1110 1756 1270 1836 procedere

73 1860 309 1925 consueverunt,
320 1851 351 1911 in
365 1851 507 1933 hybernie
520 1852 772 1914 delitescendum:
793 1871 853 1912 non
867 1860 966 1912 tamen
977 1851 1011 1911 id
1023 1850 1088 1911 sine
1100 1850 1191 1912 causi
1204 1850 1270 1911 fieri

74 1952 175 2023 putes,
186 1957 298 2007 norunt
310 1946 354 2007 illi
367 1967 495 2027 quorum
509 1948 641 2009 interest.
679 1948 783 2010 Solent
792 1950 871 2029 saepe
881 1945 1087 2009 Commissarii
1094 1945 1269 2021 exercitum,

75 2038 165 2118 quasi
177 2042 337 2104 necessitas
350 2042 384 2105 id
396 2044 507 2125 exiget,
523 2044 554 2104 in
571 2064 678 2125 campo
697 2044 835 2117 retinere,
849 2052 884 2105 nt
894 2043 952 2123 ipsi
967 2063 1004 2103 ex
1017 2041 1159 2122 hybernis
1171 2042 1269 2115 illum,

75 2136 130 2214 qui
152 2136 243 2197 militi
264 2138 431 2221 assignatus
452 2151 526 2216 erat,
545 2140 676 2202 fructum
694 2141 856 2203 demetant.
899 2139 941 2199 Et
960 2138 1019 2218 ipsi
1039 2138 1105 2199 hese
1119 2138 1269 2199 neminem

78 2241 183 2294 natm
192 2233 373 2311 existimant,
382 2256 452 2297 euni
459 2235 526 2297 luce
534 2236 642 2298 elarius
654 2236 820 2299 meridiani
828 2236 991 2297 multorum
999 2234 1129 2316 dolijem
1139 2243 1269 2315 pateant.

81 2328 143 2390 Sed
156 2349 225 2410 quae
239 2350 328 2413 supra
337 2352 393 2394 nos
405 2332 482 2394 nibil
492 2334 531 2396 ed
544 2354 610 2408 nos,
624 2333 720 2395 obiter
730 2342 829 2395 tamen
838 2340 868 2394 et
875 2353 929 2414 per
938 2341 1128 2394 camerinam
1137 2331 1270 2414 tetigisse

79 2425 236 2488 veritatem
254 2428 299 2488 nil
315 2429 444 2491 nocebit.
486 2431 540 2492 Ad
557 2431 742 2492 Comitatum
761 2429 1071 2510 Schaumburgensem
1087 2429 1214 2499 mature,
1231 2448 1270 2489 ne

81 2523 180 2583 estivi
195 2544 249 2584 nos
263 2533 366 2605 postea
382 2525 496 2588 calores
507 2534 634 2608 gravent
653 2525 838 2599 festinemus,
852 2525 906 2586 sed
921 2524 1002 2585 lente
1019 2533 1130 2595 tamen,
1144 2543 1183 2585 ne
1195 2523 1270 2584 forte

80 2619 165 2680 idem
179 2621 263 2682 nobis
279 2621 360 2702 quod
378 2621 605 2684 Gonaschiunae
625 2622 737 2704 legioni
756 2622 886 2683 nimium
901 2620 1091 2698 acceleranti,
1099 2620 1270 2702 confinget.

82 2714 163 2777 Haeo
171 2717 249 2777 enim
258 2737 328 2778 cum
336 2718 376 2779 ed
386 2718 515 2780 eundem
526 2719 682 2779 nobiscum
693 2717 790 2779 locum
805 2717 1047 2792 essetdestineta,
1058 2717 1144 2778 nobis
1157 2716 1269 2792 insciis,

81 2833 197 2873 summo
213 2812 371 2874 Generalis
387 2813 517 2874 Gallassi
531 2813 633 2876 favore
648 2815 778 2876 obtinuit
793 2813 910 2896 copiam
929 2833 984 2875 nos
1000 2812 1216 2895 praeveniendi,
1235 2812 1270 2873 ei

84 2907 130 2984 (ni
142 2907 241 2982 fallor)
254 2918 364 2981 mente,
378 2918 412 2970 ut
427 2912 570 2991 optimam
586 2911 644 2973 sibi
659 2909 924 2972 commorationem
940 2909 1095 2991 deligeret,
1109 2918 1140 2969 et
1153 2927 1207 2968 sua
1219 2909 1272 2968 sti·

83 3004 190 3084 pendia
199 3025 251 3066 seu
260 3005 509 3068 contributionem
521 3007 602 3088 prior
611 3015 811 3086 extorqueret,
822 3014 912 3086 etque
924 3005 964 3067 ad
973 3014 1111 3066 nostrum
1119 3023 1271 3066 accessum

83 3100 126 3160 nil
138 3110 269 3177 restaret,
286 3100 334 3163 nel
347 3101 372 3162 si
386 3103 460 3182 qnid
476 3111 610 3178 restaret,
625 3102 786 3164 difficulter
805 3100 998 3183 colligeretur
1009 3100 1106 3162 multi
1119 3121 1189 3162 cum
1203 3102 1271 3161 sub-

84 3196 210 3258 ditorum
228 3197 414 3259 difficultate.
457 3198 520 3260 Sed
537 3201 591 3280 qui
604 3199 705 3261 omnia
723 3199 885 3281 prudenter
906 3198 1035 3269 ordinat,
1048 3197 1272 3278 providentissi-

86 3315 149 3355 mus
164 3295 253 3356 Dnns
266 3293 410 3376 praeclare
429 3293 585 3376 disposuit,
601 3295 812 3376 strophamque
829 3295 860 3354 in
882 3293 1017 3374 ipsorum
1034 3293 1152 3354 retorsit
1169 3303 1269 3373 eaput,

86 3387 226 3467 fecitque3
249 3395 283 3447 ut
303 3405 438 3447 cursores
462 3386 512 3447 isti
532 3387 616 3469 prius
640 3386 747 3448 fierent
767 3387 872 3466 prinda
888 3387 1033 3463 hostibus,
1056 3389 1148 3468 quem
1169 3389 1270 3451 locum

87 3482 260 3545 destinatum
274 3481 491 3564 contingerent·
533 3484 612 3546 Cum
626 3483 706 3544 enim
717 3483 906 3545 adversarius
914 3483 1001 3544 miles
1010 3505 1070 3545 non
1082 3485 1187 3565 procul
1200 3485 1272 3544 inde

87 3577 200 3639 dissitus
213 3597 267 3659 per
280 3576 478 3659 exploratores
492 3581 636 3654 rescisset,
649 3579 796 3661 legionem
811 3578 905 3639 solem
919 3579 985 3639 illas
996 3581 1060 3641 vias
1069 3580 1271 3650 transituram,

91 3695 151 3734 inox
172 3675 334 3736 emiserunt
357 3675 518 3755 plusculos,
541 3675 592 3756 qui
615 3696 651 3736 ex
673 3675 789 3735 insidiis
810 3686 1008 3755 erumperent,
1027 3685 1058 3735 et
1074 3678 1204 3737 cinctam
1223 3677 1271 3737 vel
