3225 4700
476 355 883 427 ITINERARIUM.
1228 359 1268 426 sl

73 508 94 570 b
109 528 161 570 me
173 508 255 592 exigi
269 509 409 591 iniquum
422 508 566 585 viderem,
581 511 724 574 satisdedi
736 511 876 574 omnibns
887 518 919 573 et
930 511 1009 573 boni
1022 531 1093 573 cnm
1104 529 1178 592 pecc
1190 510 1271 572 obiri

73 605 118 666 sd
141 604 252 667 Patres
275 605 503 680 Dominicanos‚
525 626 654 687 quornm
675 617 735 670 tres
755 608 825 670 istic
840 609 934 670 vitam
952 609 1032 690 aegre
1050 607 1215 682 trahebant,
1233 607 1271 668 ob

74 699 229 763 alimonias
243 703 428 784 parcitatem,
443 704 530 784 cujus
543 703 663 766 defectu
676 705 810 785 quinque
824 705 891 786 jam
904 723 942 765 ex
959 725 1062 764 eorum
1075 703 1271 765 contubernio

74 797 150 858 socii
176 797 256 860 same
279 798 423 860 obierunt.
478 799 597 861 Civitas
619 819 709 881 porro
733 800 977 862 Uratislaviensis
994 801 1193 862 munitissimo
1215 809 1270 874 est,

74 913 170 974 quam
189 894 416 956 circumlabitur
438 895 550 956 Odere.
601 895 640 955 In
657 895 692 957 eb
710 904 783 957 tuno
801 896 974 978 presidium
992 896 1126 958 alebatur
1146 896 1273 957 Saxoni-

74 1011 160 1066 cum,
178 991 209 1051 in
224 1012 286 1072 quc
298 991 397 1054 locum
411 1002 515 1054 senem
529 991 678 1054 Colonelli
692 990 848 1054 catholica
865 992 1061 1073 profitebatur
1076 1013 1170 1066 sacra,
1184 993 1272 1072 cnjus

73 1087 192 1148 auxilio
205 1107 275 1149 cum
291 1088 489 1168 Tympanista
503 1087 604 1164 Olam,
617 1097 747 1169 quatuor
764 1088 943 1150 milliaribus
962 1087 1147 1149 Uratislarib
1158 1087 1272 1148 disten·

74 1195 149 1255 tem,
172 1183 323 1246 deductus
343 1203 421 1246 snm.
470 1184 567 1245 Erant
588 1183 656 1245 01ae
676 1183 856 1265 praesidiarii
877 1184 1019 1259 Caesarei,
1038 1203 1166 1264 quornm
1183 1182 1272 1244 Colo·

75 1280 176 1341 neilus
196 1280 349 1342 Dominus
371 1280 522 1363 Georgius
540 1280 674 1342 Rostook
692 1280 806 1342 Cessri
825 1278 1000 1351 fidissimus,
1023 1289 1058 1341 nt
1074 1279 1113 1340 de
1133 1299 1202 1340 meo
1218 1279 1273 1340 ad·

75 1385 173 1438 rentn
187 1377 315 1453 audivit,
331 1375 439 1456 cymbi
451 1397 505 1458 per
515 1395 623 1457 aquam
637 1377 799 1438 transmitti
812 1377 885 1438 fecit
897 1385 928 1438 et
940 1375 1007 1437 seri
1019 1383 1107 1436 nocte
1120 1375 1152 1435 in
1166 1375 1272 1436 urbem

75 1472 190 1554 apertis
203 1473 298 1554 portis
305 1473 436 1535 admisit.
475 1473 557 1535 Urbs
570 1472 635 1534 brec
647 1471 800 1553 potissimi
813 1492 850 1533 ex
863 1481 946 1554 parte
959 1471 1101 1533 incendic
1113 1471 1272 1552 absumpta

75 1579 133 1644 est,
157 1589 262 1631 arcem
285 1567 375 1631 babet
397 1569 636 1645 munitissimum,
662 1589 752 1649 quam
779 1567 843 1648 ipsc
864 1569 1001 1630 tribunus
1026 1567 1099 1629 inde
1126 1567 1272 1628 oriundos

75 1665 203 1748 egregie
215 1667 357 1741 munivit,
373 1675 403 1729 et
415 1686 470 1746 pro
483 1665 605 1727 Caesere
616 1672 721 1726 contm
734 1663 874 1725 Saxoniae
894 1664 1014 1725 Ducem
1030 1663 1110 1724 illius
1129 1663 1189 1724 loci
1208 1662 1273 1724 Do·

76 1763 199 1822 minum
217 1762 409 1842 pertinaciter
430 1761 528 1824 tenuit
543 1760 639 1822 multo
659 1769 801 1841 tempore,
823 1758 1069 1820 obtrectatoribus
1086 1758 1274 1820 infidelitatis

77 1859 137 1920 sibi
150 1867 258 1919 notam
272 1859 508 1942 impingentibus
524 1857 718 1938 respondens,
733 1875 764 1918 se
785 1854 921 1916 Domino
938 1873 992 1914 sno
1005 1853 1146 1935 (Saroni)
1159 1852 1272 1914 fidelis·

78 1955 157 2016 sime
186 1955 355 2030 servivisse,
383 1954 528 2036 quamdin
550 1973 605 2034 pro
628 1954 747 2016 Coesare
770 1951 909 2025 stetisset,
934 1951 1055 2030 quaudo
1077 1948 1149 2009 verb
1172 1948 1210 2010 ab
1237 1967 1274 2009 eo

78 2050 252 2126 defecisset,
266 2071 298 2112 se
315 2065 419 2113 contra
436 2051 535 2132 ipsum
548 2071 608 2112 non
625 2049 741 2110 minore
759 2046 888 2109 uudacii
900 2045 1061 2108 lucturum.
1103 2043 1189 2107 Hinc
1204 2063 1271 2127 ego,

79 2167 154 2206 cnm
168 2146 285 2227 aliquot
303 2148 409 2209 diebus
427 2147 618 2229 quievissem,
635 2167 705 2208 cum
722 2145 804 2207 salvo
822 2143 954 2205 militum
970 2142 1121 2203 conductu
1140 2141 1273 2222 Nyssam

80 2241 122 2302 ad
136 2241 347 2305 Perillustrem
362 2242 528 2304 Dominum
537 2242 688 2303 loannem
702 2239 901 2323 Wanglerum
913 2236 1273 2320 Generalemvigiliarum

80 2337 262 2419 praeiectnm
276 2340 425 2421 equitatus
442 2339 651 2420 peditatusque
669 2360 723 2421 per
741 2336 879 2400 Silesiem
892 2344 975 2397 recto
987 2333 1093 2396 itinere
1107 2333 1240 2409 discessi,
1254 2333 1273 2395 i

80 2455 142 2514 qno
160 2436 260 2498 amice
281 2445 436 2513 tractatus,
458 2444 525 2519 post
546 2437 659 2497 denum
678 2436 796 2496 dierum
817 2430 1010 2494 intervallum
1031 2431 1071 2492 ad
1092 2430 1190 2491 tilium
1208 2431 1274 2511 ejus

80 2530 221 2611 ejusdem
233 2533 365 2595 nominis
378 2533 485 2594 missos
499 2552 575 2594 snm.
618 2530 793 2612 Hyemabat
811 2529 863 2591 ille
879 2538 952 2590 tunc
971 2527 1047 2589 forte
1066 2528 1098 2587 in
1117 2526 1273 2587 Bohemiee

81 2632 207 2707 linibus,
227 2639 347 2710 eratque
367 2627 454 2690 miles
473 2629 595 2709 quidem
614 2638 712 2700 eetete,
734 2636 767 2689 ut
787 2626 958 2708 apparebat,
973 2624 1107 2705 juvenis,
1130 2622 1184 2684 sed
1202 2641 1272 2701 prn-

82 2727 198 2803 dentil,
220 2734 250 2789 et
270 2746 370 2787 rerum
389 2724 565 2787 militarium
582 2744 644 2785 non
661 2723 761 2785 minus
777 2722 870 2804 quam
890 2721 1061 2802 linguarum
1077 2716 1185 2800 peritii
1202 2719 1273 2777 sane

81 2842 231 2904 perquam
249 2820 399 2904 egregius,
417 2820 525 2901 pusillo
543 2820 668 2902 quidem
685 2838 822 2901 corporo,
834 2818 888 2879 sed
905 2817 1012 2898 spiritu
1028 2835 1118 2897 snpra
1132 2821 1274 2874 staturam

82 2928 195 2981 erecto.
239 2918 315 2979 Erat
332 2937 402 2978 cum
419 2918 485 2999 ipso
498 2916 671 2979 Celonellus
689 2915 837 2997 Equitum
857 2912 974 2975 Olfeldt
991 2912 1101 2984 dictus,
1116 2930 1153 2970 ex
1172 2907 1274 2969 Danil

80 3014 243 3089 oriundus,
266 3013 380 3075 cesari
402 3011 564 3095 plurimbm
586 3013 736 3088 addictus,
758 3020 788 3072 et
808 3007 939 3093 plurimt
958 3006 1048 3068 laude
1069 3004 1273 3087 dignissimus,

82 3112 143 3173 nisi
162 3108 315 3171 liberalior
333 3109 483 3185 Bacchus,
502 3109 551 3172 oui
566 3118 632 3171 eret
645 3108 714 3191 plus
733 3107 828 3169 nimio
844 3105 993 3178 addictus,
1006 3102 1079 3163 fidei
1096 3102 1161 3183 ejus
1177 3100 1275 3161 labem

82 3207 267 3290 aspersisset.
308 3204 410 3278 Quam
428 3205 597 3267 incolebant
614 3192 729 3280 urbem,
749 3204 788 3265 ad
806 3204 944 3265 decorem
964 3198 1151 3278 multumque
1168 3196 1274 3257 luxum

82 3315 149 3366 erat
167 3311 279 3375 erecte,
297 3322 445 3383 nusquam
462 3312 566 3381 putem
581 3302 726 3383 majorem
744 3299 891 3361 vilitatem
908 3315 1036 3359 ennonte
1054 3293 1126 3355 belli
1142 3302 1275 3372 tempore

82 3420 131 3467 me
149 3400 281 3467 videsse.
295 3418 387 3478 quum
405 3398 462 3459 hoe
480 3398 550 3459 loci.
593 3398 654 3460 Sed
673 3406 704 3459 et
721 3395 827 3457 rustici
845 3393 1001 3456 Bobemiae
1014 3391 1106 3453 totius
1119 3399 1181 3450 tam
1194 3388 1276 3448 dice·

81 3499 195 3559 bantur
218 3505 291 3556 tnnc
312 3493 425 3557 Caesari
446 3495 641 3576 obsequentes
663 3502 693 3554 et
715 3491 838 3567 subditi,
860 3500 895 3554 ut
917 3488 1028 3550 milites
1047 3486 1124 3548 ultro
1142 3484 1276 3563 citroque

84 3602 256 3657 comeantes
270 3592 357 3675 pagis
370 3589 541 3673 exciperent
552 3590 723 3651 humaniter
735 3597 766 3650 et
782 3587 863 3649 laute
880 3593 1050 3659 tractarent,
1064 3583 1125 3644 imb
1139 3578 1275 3641 abeunti·

84 3692 139 3755 bus
151 3692 302 3755 ducatum
315 3689 357 3750 ad
369 3697 485 3775 tempus
497 3687 580 3751 bor'ae
598 3688 687 3749 unius
704 3684 885 3766 ulteriusque
899 3702 953 3765 per
971 3679 1157 3763 expeditiora
1170 3676 1277 3737 itinera
