3225 4700
490 332 890 400 ITINERARIUM.
1231 333 1295 396 415

141 485 273 548 Nomine
287 487 425 550 Ducatus
440 489 591 559 Bararici,
608 489 649 549 D.
666 488 866 570 wolfgangus
881 486 1092 569 sigismundus
1107 484 1257 546 Dominus
1272 485 1290 544 b

100 581 254 666 leiblfing
266 585 446 647 cathedralis
458 586 593 648 eeclesias
602 585 828 647 Ratisboneusis
836 584 1011 654 canonicus,
1023 582 1170 644 Electoris
1180 583 1292 643 Bavari

98 681 285 742 consiliarius
297 681 412 744 aulicus
426 693 457 744 et
469 683 660 744 camerarius.

141 777 274 839 Nomine
302 778 507 862 Luneburgici
539 780 582 840 D.
610 779 765 840 Henricus
792 776 1007 860 Langeubeck‚
1036 777 1078 838 D.
1106 777 1293 838 consiliarius

100 872 338 956 Luneburgicns.

142 969 275 1032 Nomius
297 971 436 1032 Ducatus
456 970 654 1046 Pomerauiae‚
673 970 825 1031 Dominus
847 969 1012 1032 Mattheus
1033 968 1246 1031 Wesenbecius
1266 979 1295 1031 et

100 1065 143 1125 D.
159 1066 267 1128 Tobios
282 1066 435 1129 Oelharen
450 1069 469 1128 i
483 1066 698 1129 Schellenbaeh
715 1068 758 1126 D.

142 1163 275 1224 Nomine
289 1164 525 1238 Darmstadiani,
538 1164 580 1224 D.
591 1162 752 1245 Philippus
763 1162 938 1224 Ludorious
949 1161 1108 1231 Fabritins‚
1119 1163 1160 1222 D.
1176 1173 1206 1225 et
1214 1163 1295 1225 Can·

99 1259 240 1320 cellarius
263 1260 529 1335 Darmstadiensis,
554 1261 596 1321 D.
619 1261 755 1322 loannes
775 1260 912 1322 Jacobus
935 1257 1071 1320 Wolfft
1096 1259 1294 1321 Todenrrertb

99 1355 287 1417 consiliarius
305 1357 440 1433 intimus,
456 1356 498 1417 D.
516 1355 666 1440 Georgius
679 1356 817 1432 Trilsuer,
834 1357 876 1416 D.
891 1355 1078 1418 consiliarius
1091 1365 1121 1418 et
1134 1356 1294 1440 Marpurgi
1319 1427 1322 1434 ‚

101 1453 250 1532 professor
257 1453 347 1534 juris.

143 1549 175 1610 N
176 1548 275 1610 omine
284 1548 411 1610 Abbatis
418 1548 675 1632 Weingardensis‚
685 1548 727 1609 D.
739 1549 891 1630 Georgius
900 1547 1048 1610 Koberlin
1059 1547 1296 1611 constantiensis

101 1646 299 1706 consiliarius.

139 1742 271 1804 Nomius
291 1741 418 1804 Comitis
438 1743 457 1804 t
478 1742 690 1826 Fursteuberg‚
708 1745 751 1804 D.
771 1743 882 1804 Petrus
896 1741 1070 1806 anohmsn
1085 1743 1294 1807 cancellarius

103 1838 301 1900 coloniensis.

144 1937 276 1999 Nomine
292 1937 424 1999 civitatis
439 1935 637 2008 coloniensis,
657 1936 701 1997 D.
716 1934 907 1996 Balthasarb
923 1935 1073 1998 Miilheim
1090 1946 1119 1998 et
1134 1937 1294 2001 Gerwinus

101 2032 404 2115 bMegnertnhagen,
422 2033 466 2094 D.
485 2043 517 2096 et
533 2033 665 2102 civitatis
677 2031 866 2094 coloniensis
884 2032 1048 2112 respective
1063 2035 1168 2094 consul
1183 2045 1214 2096 et
1225 2055 1296 2114 syu-

102 2130 198 2191 dicus

144 2227 276 2290 Nomine
284 2227 415 2289 civitatis
424 2227 695 2308 Norimbergensis‚
705 2227 747 2286 D.
757 2227 780 2288 J
782 2247 893 2288 oannes
900 2226 923 2287 J
924 2227 1035 2288 acubus
1043 2227 1144 2289 Ictzel
1155 2229 1174 2288 i
1185 2228 1296 2290 Kirch·

103 2323 320 2396 scbitteubach,
331 2323 436 2387 Vorha
448 2335 479 2387 et
493 2323 691 2387 Artelshoren
706 2335 827 2386 senator
841 2323 871 2385 N
874 2323 1114 2406 orimbergeusis,
1128 2324 1170 2386 D.
1186 2326 1295 2390 Tobiae

105 2421 241 2483 Elhaven
254 2423 273 2482 b
287 2420 513 2496 Schellenbacb,
530 2421 572 2482 D.
587 2422 749 2482 advocatus
764 2420 1038 2503 Norimbergonsis.

146 2518 253 2579 Mense
270 2518 382 2581 Martio
399 2519 509 2582 Comes
525 2518 564 2579 de
582 2518 688 2598 Bmay
701 2517 850 2599 generalis
863 2517 998 2599 proxime
1012 2516 1099 2580 affuit
1114 2529 1148 2579 ut
1164 2540 1295 2601 praesen-

102 2614 253 2675 tissimum
267 2615 448 2696 captivitetis
457 2624 488 2675 et
500 2613 572 2675 ritae
585 2612 750 2694 pericnlum
764 2612 870 2674 adiret.
912 2612 1117 2676 constituerat
1134 2618 1244 2677 etenim
1258 2638 1296 2679 ex

102 2707 267 2789 improviso
284 2708 345 2768 nub
363 2728 433 2769 cum
455 2706 573 2768 Saxone
593 2704 743 2767 Colonelli
763 2706 914 2770 Praefecto
934 2710 972 2771 de
993 2710 1162 2796 Calenberg
1181 2722 1296 2775 tentare

102 2815 209 2865 contra
223 2803 334 2865 Sueuos
347 2804 583 2885 impressionem,
593 2802 707 2863 idcirco
719 2823 789 2863 cum
799 2804 882 2866 mille
892 2806 1065 2888 quingentis
1073 2810 1157 2889 equis
1168 2812 1295 2872 statione

97 2901 158 2962 sub
171 2901 335 2984 egreditur,
350 2900 510 2981 Albimque
523 2899 651 2962 fluvium
664 2902 884 2983 transgreditur
893 2904 1081 2985 paucissimis
1093 2904 1296 2989 impressionis

102 3018 166 3059 sure
179 3017 316 3058 coriscus.

146 3095 210 3156 Hic
224 3093 380 3175 premittit
393 3092 581 3155 Colonellum
593 3094 776 3176 Luttigcum
792 3096 931 3158 trecentis
945 3100 1094 3179 equitibus
1110 3100 1295 3182 exploratum

103 3190 219 3272 quidet
229 3192 279 3252 ubi
293 3190 382 3253 Sueci
392 3200 526 3271 agerent,
539 3189 603 3271 ipse
612 3190 685 3251 verb
697 3189 819 3250 iuterim
834 3209 903 3251 cum
917 3193 1033 3275 reliquo
1050 3196 1144 3257 milite
1159 3196 1297 3259 Seniten·

102 3290 204 3371 bergse
224 3286 350 3372 ignobili
369 3298 400 3349 et
420 3288 536 3348 deserto
558 3286 701 3347 suburbio
721 3287 868 3358 oonsistit,
888 3292 995 3370 partim
1016 3292 1168 3354 tantillum
1188 3295 1296 3375 qnietis

103 3385 205 3459 militi,
222 3395 253 3446 et
273 3384 413 3466 pabulum
433 3384 520 3464 equis
539 3381 721 3457 indulturus,
739 3384 849 3466 partim
863 3398 945 3447 certa
962 3388 1074 3450 nuncia
1090 3389 1128 3450 ab
1144 3390 1297 3453 emissario

103 3482 200 3543 milite
214 3482 252 3543 de
265 3481 349 3544 hoste
362 3491 580 3562 expectaturus.
619 3479 749 3541 Aberrat
758 3480 873 3543 interea
882 3480 1055 3546 Colonellns
1066 3485 1182 3568 Luttig‚
1193 3507 1249 3548 nec
1263 3489 1295 3549 in

102 3598 194 3660 quem
209 3578 315 3640 missus
329 3590 393 3640 erat
404 3577 496 3639 finem
509 3575 686 3656 assequitur.
729 3577 802 3639 Non
817 3579 915 3659 potuit
927 3578 984 3642 hoc
1000 3580 1092 3643 latere
1106 3581 1228 3655 Succos,
1243 3590 1296 3666 qui

102 3675 160 3756 ipsi
173 3694 242 3735 cum
256 3675 391 3756 pluribus
404 3674 541 3754 equitum
554 3673 661 3735 turmis
674 3684 780 3735 contra
793 3672 891 3736 hostes
904 3696 971 3737 suos
985 3688 1168 3759 promovent,
1180 3692 1210 3742 et
1223 3684 1296 3763 quia
