3225 4700
502 328 904 414 rrrnnnnnrun.
1232 347 1297 410 ses

86 499 210 560 mentis
231 499 272 560 ad
295 499 461 561 Generales
480 501 657 562 conclusum
679 510 733 569 est.
759 499 852 580 qnod,
876 499 1122 580 prosequentibus
1142 499 1222 559 bona
1242 519 1296 559 sua

83 594 277 656 officialibus
290 596 412 658 iactum.
455 597 527 660 Hoc
545 609 579 659 ut
592 599 734 659 viderunt
753 597 863 658 milites
880 596 1030 657 officiariis
1048 595 1194 669 destituti,
1212 596 1295 656 auxii

86 692 302 754 reddebantur
315 695 354 755 de
367 714 468 756 rerum
482 704 602 770 eventu,
619 695 697 756 uude
711 694 809 776 primb
823 691 956 774 pauculi,
971 713 1042 753 mox
1055 692 1155 774 plures
1168 693 1295 754 transire

86 787 137 848 ad
157 789 306 850 victorum
322 800 422 872 partes
442 792 639 865 constituunt,
659 801 776 852 etcum
796 811 863 851 eam
881 791 920 851 ob
934 809 1054 851 causam
1073 789 1219 851 dissensio
1231 797 1297 850 orta

86 883 205 946 suisset
219 885 299 947 iuter
310 887 432 963 milites,
447 889 501 968 qni
511 888 621 969 reliqui
633 889 762 963 fuerant,
773 909 830 948 neo
843 889 882 948 de
896 887 1062 949 deiectione
1074 887 1253 968 cogitarant,
1263 884 1294 944 ri

87 981 324 1057 abstrabuntur,
347 994 378 1046 et
399 1005 454 1065 per
476 985 609 1068 legiones
631 986 784 1048 Caesareas
806 985 996 1046 dividuntur.
1040 981 1208 1063 Displicuit
1228 981 1294 1043 hoec

89 1077 339 1141 audaciamultis
348 1083 400 1142 sed
415 1081 563 1164 imprimis
571 1084 623 1144 ubi
633 1083 765 1144 innotuit
775 1081 986 1155 Generalibus,
997 1080 1050 1160 qui
1061 1080 1161 1140 statim
1174 1079 1295 1139 conclu·

89 1183 213 1244 serunt,
233 1196 288 1237 sua
305 1177 403 1238 cuivis
422 1178 639 1260 impedimenta
657 1200 721 1240 esse
738 1177 950 1260 permittenda,
971 1176 1082 1237 milites
1102 1194 1221 1256 quoque
1241 1176 1293 1255 qui

90 1291 127 1330 se
143 1271 225 1332 ultro
238 1273 386 1335 victorum
400 1276 534 1354 partibus
551 1297 612 1338 uon
632 1275 850 1358 adjunxissent,
865 1273 915 1335 vel
931 1293 1001 1334 cum
1016 1272 1161 1334 Caesareis
1176 1291 1295 1332 manere

90 1387 159 1428 uon
178 1369 413 1447 constituissent,
433 1371 640 1444 dimittendos,
658 1392 693 1434 ac
710 1380 801 1454 prout
817 1371 935 1452 petebat
949 1367 1208 1431 Brunckhorstius
1222 1367 1294 1428 We·

89 1463 205 1525 saliam
221 1465 397 1528 Hollandise
410 1487 474 1530 esse
488 1469 691 1530 deducendos.

138 1559 356 1624 lamentabilis
374 1563 433 1626 fuit
452 1565 578 1626 duorum
597 1565 804 1627 Caesareorum
826 1565 950 1625 Ducum
971 1561 1080 1638 exitus,
1101 1559 1155 1641 qui
1175 1559 1208 1622 in
1228 1560 1293 1622 haec

90 1669 236 1738 tempora
249 1658 366 1722 incidit.
408 1661 504 1723 Erant
523 1663 568 1723 illi
587 1662 760 1725 Colonellus
777 1659 910 1744 Spiegel,
928 1671 959 1721 et
972 1657 1146 1722 Colonellus
1165 1658 1292 1741 Dnglas‚

92 1763 227 1834 uterque
240 1756 280 1816 ad
292 1775 376 1818 arma
388 1768 553 1839 promptus.
596 1759 727 1820 Miserat
743 1759 799 1820 hos
818 1756 1031 1819 serenissimus
1045 1752 1205 1815 Archidux
1220 1754 1293 1815 Leo-

91 1849 208 1930 poldus
224 1851 404 1914 Wilbelmus
417 1854 577 1916 Sittaviam
587 1865 699 1917 utcum
708 1855 904 1918 Suecicornm
918 1871 1069 1914 armornm
1080 1849 1208 1911 ducibus
1217 1857 1295 1910 trac-

90 1957 209 2022 tarent,
223 1948 257 2010 id
266 1949 349 2029 qnod
359 1949 488 2012 feliciter
495 1963 527 2012 et
537 1952 613 2014 citra
620 1972 741 2013 omnem
752 1951 968 2014 dissensionem
977 1948 1091 2010 factum
1101 1955 1155 2006 est.
1185 1945 1294 2006 Finitis

91 2046 264 2120 tractubus,
277 2055 312 2107 ut
324 2045 391 2108 lieri
404 2048 521 2118 maolet,
534 2049 651 2110 lautum
665 2050 840 2111 convivium
857 2048 876 2109 b
890 2046 1025 2110 Suecicis
1037 2042 1216 2125 quibusdam
1229 2043 1294 2104 offi-

92 2139 226 2202 cialibus
241 2152 288 2202 est
305 2140 488 2218 institutum,
502 2145 532 2205 in
547 2165 608 2226 quo
627 2167 683 2226 pro
697 2165 779 2207 more
796 2143 962 2226 largissime
980 2143 1137 2224 potitatum
1152 2148 1215 2214 est;
1243 2161 1294 2200 ex·

93 2235 182 2309 inde,
203 2237 286 2317 qnod
302 2239 503 2300 communiter
525 2241 673 2316 usuvenit,
691 2243 722 2302 in
745 2242 825 2302 rixas
845 2241 931 2310 itum,
946 2249 976 2300 ot
993 2237 1092 2299 verbis
1111 2235 1293 2297 contentiose

93 2343 260 2411 certatum,
274 2336 350 2397 adeo
367 2345 402 2397 ut
419 2337 494 2399 dicti
509 2337 569 2400 duo
583 2337 744 2414 Colonelli,
760 2360 832 2401 cum
846 2337 921 2399 alter
934 2335 1021 2399 alteri
1034 2335 1140 2396 cedere
1154 2332 1292 2409 nesciret,

93 2432 231 2511 asperibs
250 2432 357 2508 collisi,
378 2454 442 2495 sese
460 2435 566 2495 mntub
584 2435 625 2495 ad
643 2434 780 2497 duellum
800 2434 1003 2509 caecaverint,
1025 2432 1134 2512 inquo
1151 2432 1224 2491 dum
1240 2452 1293 2491 au·

94 2529 203 2589 dacter
216 2530 384 2605 decertant,
401 2529 538 2591 funestus
553 2530 679 2591 omuino
693 2531 807 2592 accidit
820 2550 917 2599 casus,
932 2538 966 2590 ut
984 2527 1100 2591 scilicet
1114 2527 1219 2589 eodem
1233 2528 1294 2590 fere

94 2635 251 2685 momento
273 2626 362 2687 ambo
384 2625 520 2708 sclopum
539 2625 615 2687 alter
633 2626 665 2685 in
686 2625 814 2687 alterum
834 2624 1036 2695 excusserint,
1056 2643 1092 2684 ac
1112 2644 1143 2684 se
1160 2623 1294 2685 vicissim

95 2721 241 2803 plumbea
258 2722 369 2803 glande
385 2723 568 2803 trajecerint,
589 2742 625 2782 ac
647 2722 799 2803 Spigelius
820 2723 943 2802 quidem
967 2720 1049 2782 nullo
1069 2720 1193 2782 ulterius
1213 2722 1296 2781 edito

96 2816 187 2898 signo
203 2818 406 2878 miserandum
427 2819 458 2878 in
479 2819 605 2879 modum
624 2818 775 2893 occubuit,
796 2817 964 2900 Dnglasius
985 2817 1057 2877 verb
1076 2836 1156 2899 oegre
1175 2816 1295 2878 trahens

96 2912 249 2993 spiritum,
262 2914 302 2974 ad
315 2913 474 2975 dimidiam
487 2934 546 2975 nou
561 2914 690 2995 amplius
701 2914 805 2975 horam
819 2914 993 2994 supervixit.

140 3009 307 3071 Geminum
322 3010 393 3070 huic
406 3010 545 3090 estquod
558 3010 732 3093 Hamburgi
745 3031 805 3072 non
821 3009 917 3073 multb
930 3021 997 3093 post
1010 3010 1148 3093 contigit,
1159 3010 1210 3071 ubi
1224 3010 1294 3071 vere

98 3118 233 3167 extrema
252 3107 358 3189 gaudii
376 3107 475 3168 luctus
494 3107 664 3187 occupavit,
707 3108 769 3168 Res
787 3108 830 3168 ita
844 3106 942 3167 habet.
985 3107 1172 3167 Invitaverat
1195 3105 1295 3167 Gene-

98 3203 170 3264 ralis
183 3203 357 3287 vigiliarum
377 3203 543 3265 Praefectus
558 3204 632 3265 Pful
652 3205 692 3265 ad
710 3203 826 3265 lautum
843 3203 1016 3265 convivium
1029 3202 1206 3284 precipuos,
1220 3222 1295 3283 quos

99 3299 167 3361 istic
186 3310 346 3381 repererat,
362 3299 536 3371 belliduces‚
551 3300 604 3381 qui
625 3310 658 3361 ut
674 3299 857 3362 addixerunt
876 3304 1043 3361 convenere
1060 3300 1240 3379 frequentes,
1260 3310 1295 3360 ut

98 3396 273 3473 liberaliter,
294 3396 376 3477 quod
396 3396 566 3457 institutum
586 3406 660 3470 erat,
682 3406 888 3458 tractarentur.
932 3397 996 3458 Hic
1017 3396 1089 3457 (lum
1110 3396 1297 3459 accumbitur

99 3491 176 3552 citra
191 3491 284 3552 ullam
300 3492 395 3553 animi
413 3493 678 3572 perturbationem,
694 3494 861 3573 aequalibus
880 3492 1054 3566 haustubus,
1072 3493 1111 3553 ad
1128 3512 1204 3573 quos
1219 3491 1296 3552 alter

98 3588 224 3649 altarum
242 3588 398 3663 invitabat,
418 3598 567 3649 certatum
588 3589 719 3661 strenue,
738 3590 792 3651 sed
812 3599 842 3651 et
860 3590 959 3650 subitb
979 3590 1080 3651 nescio
1097 3588 1180 3669 quod
1195 3599 1293 3649 ortum

98 3683 156 3745 fnit
168 3684 246 3745 inter
256 3684 279 3745 J
283 3685 418 3746 unionem
428 3684 637 3766 Kniphausen,
648 3696 678 3747 et
688 3707 861 3767 supremum
872 3684 984 3767 vigiliis
996 3685 1179 3747 Praefectum
1192 3685 1294 3747 Wicb-
