3225 4700
518 336 845 409 DEDICATIO.
1222 340 1282 407 143

76 480 143 545 uni
159 480 345 565 domnam,
362 482 397 553 iu
420 484 555 554 altemm
576 484 711 575 injurius
728 486 820 575 argui
838 506 976 575 possem,
998 486 1123 571 sijcum
1142 488 1284 557 secunda

76 582 153 647 alid
165 583 377 655 divertissem

127 686 297 755 Habetote
304 687 401 776 igitur
409 688 628 757 candidissimi
638 688 775 756 Gemelli
785 689 972 757 castissimae
983 690 1160 772 Columba,
1171 689 1284 757 Seren-

77 789 197 855 issime
210 812 329 873 comes,
341 801 376 858 et
390 792 586 858 Perillustris
599 792 771 859 comitissa
784 816 911 859 omnem
925 794 1040 861 calami
1052 796 1114 860 mei
1130 795 1281 875 fructum,

81 915 124 957 ac
140 892 297 961 Pavorem
309 904 450 961 vestrum
470 896 498 961 ei
516 897 689 984 rependite,
703 919 742 961 ac
755 896 845 963 velut
861 896 1054 964 Columbina
1073 898 1199 965 soboles
1219 899 1280 965 sub

81 996 167 1060 nido
190 994 363 1063 Patrocinii
384 998 480 1063 vestri
503 998 606 1064 fovere
626 1000 820 1086 dignemini:
848 1000 874 1065 si
897 1001 982 1066 enim
1003 1000 1109 1067 Plinio
1130 1003 1280 1084 Auctore,

84 1101 259 1167 Columba
277 1105 374 1168 etiam
394 1103 497 1169 alieno
513 1104 618 1191 partui
635 1106 694 1171 sibi
711 1106 876 1194 supposito
890 1128 1030 1173 amorem
1050 1130 1143 1173 suurn
1160 1110 1282 1197 impen-

83 1200 183 1284 dunt,
200 1204 276 1290 quid
296 1204 330 1269 ui
350 1227 473 1291 sperem
492 1203 514 1270 d
531 1207 619 1273 robis
640 1208 674 1271 in
692 1208 806 1272 calami
829 1209 890 1274 mei
910 1208 999 1275 foetu
1018 1210 1059 1277 ad
1079 1232 1136 1275 vos
1155 1213 1280 1299 proprio

84 1308 212 1395 impetu
226 1308 405 1373 decurrenti
418 1309 503 1374 idem
517 1310 754 1397 praetendam?
780 1310 814 1375 Si
828 1312 994 1377 Columbae
1009 1312 1029 1375 ὲ
1044 1312 1159 1378 Sobole
1171 1316 1281 1380 sordes

84 1411 292 1499 prohibeant,
303 1412 353 1493 (ui
369 1412 450 1477 fides
463 1413 640 1478 volatilium
653 1413 854 1478 rimatoribus
868 1415 968 1496 labet)
981 1416 1058 1503 quid
1074 1418 1107 1481 ni
1121 1418 1281 1484 confidam

85 1536 203 1580 omues
216 1514 446 1579 calumniamm
460 1515 570 1581 sordes
579 1515 791 1604 undequaque
802 1514 969 1603 adspersas
977 1528 1081 1584 restra
1092 1520 1282 1587 auctoritate

86 1617 257 1682 arcendas.
302 1616 355 1682 lta
366 1638 478 1682 voveo.

132 1719 199 1784 Sed
213 1727 246 1784 et
262 1717 369 1783 Deum
382 1727 431 1785 ter
444 1718 600 1807 optimum
615 1727 724 1805 terque
739 1719 913 1785 maximum
931 1720 1022 1787 enixe
1039 1745 1150 1810 precor
1165 1735 1203 1790 ut
1216 1724 1282 1793 Ge·

88 1842 207 1886 nerosa
219 1822 368 1908 prosapia
381 1829 486 1887 restra
498 1822 533 1887 in
545 1821 615 1886 dies
630 1820 774 1908 singulos
792 1842 865 1885 cum
884 1821 984 1908 gloria
1003 1844 1167 1909 nunquam
1187 1825 1283 1893 iuter-

88 1922 235 1987 morituri
253 1922 390 1989 nominis
406 1932 609 2011 propagetur,
630 1921 703 1987 Filii
722 1922 873 2010 Filioque
896 1944 976 2010 quos
995 1924 1084 1990 vobis
1104 1930 1282 1994 communis

89 2044 199 2088 rerum
222 2023 331 2105 Pater,
354 2023 455 2105 Deus,
479 2024 653 2091 concedere
675 2024 827 2111 dignatus
850 2034 909 2107 est,
931 2027 978 2091 ita
1002 2028 1044 2091 ad
1067 2050 1161 2093 omne
1184 2030 1282 2095 decus

90 2126 276 2207 educentur,
289 2136 327 2191 ut
339 2126 482 2213 Majores
495 2148 582 2207 suos,
592 2148 727 2214 quorum
738 2148 889 2193 numerus
899 2137 949 2193 est
958 2129 1204 2213 innumerabilis,
1215 2155 1280 2198 non

90 2237 221 2294 tantum
236 2228 399 2295 Encomiis
409 2238 449 2295 et
468 2229 562 2295 factis
576 2238 797 2318 assequantur,
812 2230 868 2295 sed
887 2231 983 2319 longo
1002 2231 1098 2297 etiam
1116 2234 1282 2301 intervallo

91 2341 166 2418 post
178 2353 214 2396 ae
226 2331 418 2420 relinquant.

136 2435 297 2524 Propositi
311 2436 373 2502 mei
388 2435 532 2501 hocloco
546 2457 613 2501 uon
627 2444 677 2501 est
691 2434 789 2500 totius
802 2433 1016 2500 Serenissimae
1030 2437 1156 2502 familia
1170 2448 1282 2506 restrae

90 2538 203 2604 seriem
223 2547 341 2621 terrere,
359 2538 491 2626 longum
513 2539 546 2602 id
567 2538 663 2604 nimis
682 2537 774 2618 soret,
790 2545 824 2603 et
846 2546 937 2602 extra
957 2559 1064 2604 meum
1088 2537 1283 2625 institutum,

91 2641 170 2705 alibi
191 2641 319 2706 dabitur
339 2640 432 2728 copia
449 2639 668 2705 Butlerianam
684 2640 814 2727 stirpem
833 2639 874 2703 ab
892 2639 1014 2727 origine
1034 2641 1199 2724 deducere,
1217 2666 1282 2710 non

90 2766 223 2831 possum
236 2752 346 2810 tamen
359 2743 489 2808 omnino
503 2743 661 2829 praeterire
675 2741 830 2830 pauculos
844 2741 898 2828 qui
913 2741 999 2829 apud
1017 2751 1143 2809 exteros
1165 2745 1282 2813 famam

91 2854 310 2935 propagarunt
324 2847 415 2926 adeo,
427 2854 466 2911 ut
478 2867 588 2911 comm
601 2845 689 2910 facta
704 2844 801 2909 nullis
815 2865 958 2931 uuquam
976 2845 1100 2910 saculis
1118 2849 1208 2913 nulla
1226 2849 1285 2914 ob-

91 2949 206 3014 livione
227 2949 442 3015 oblitteranda
462 2948 538 3012 sint.
581 2946 668 3023 Quid
687 2947 782 3027 enim,
800 2947 877 3032 quid
901 2967 967 3012 non
986 2947 1064 3033 egit,
1084 2951 1282 3028 (memoriam

92 3051 202 3118 refrico
216 3073 283 3116 nou
297 3051 398 3116 doceo
408 3052 478 3138 jam
492 3058 569 3114 ante
582 3047 890 3136 praclauesimorum
903 3048 1077 3114 facinorum
1090 3057 1220 3137 gnaros)
1234 3054 1284 3118 in-

92 3155 297 3242 comparabili
311 3153 456 3219 encomio
470 3153 586 3236 dignus
600 3151 740 3216 Thomas
755 3149 906 3215 Butlerns
922 3161 1136 3238 cognomento
1150 3153 1283 3222 claudus

93 3256 127 3320 in
146 3255 275 3321 Gallia?
304 3255 392 3332 Quid
415 3275 481 3320 nou
503 3252 650 3341 praestitit
666 3252 740 3317 huic
759 3251 958 3339 cognominis
976 3253 1115 3320 Thomas
1133 3253 1283 3322 Butlerus

93 3368 303 3446 cognomento
326 3357 437 3444 niger?
467 3356 559 3443 cujus
576 3355 690 3442 prioris
713 3355 801 3420 fama
823 3355 951 3420 minime
973 3355 1089 3422 claudo
1111 3358 1191 3444 pede
1217 3381 1282 3426 non

95 3461 289 3548 Hybsrniam
301 3460 413 3540 solam,
424 3459 480 3523 sed
491 3479 617 3522 omnem
629 3479 725 3546 prope
737 3457 899 3544 Europam
907 3460 1094 3545 penetravit,
1102 3463 1281 3549 posterioris

93 3584 166 3628 vero
178 3585 229 3629 res
243 3571 343 3650 gesta
357 3561 445 3625 nullo
459 3581 602 3646 unquam
616 3569 718 3624 atrore
731 3559 889 3646 denigrari
903 3567 1061 3645 poterunt,
1073 3584 1153 3649 quas
1163 3564 1282 3652 Anglia

96 3665 320 3755 Hyberniuque
330 3665 405 3731 albo
414 3662 554 3750 signarit
562 3659 685 3750 lapillo
694 3662 829 3749 posteris
839 3661 873 3728 in
883 3663 1072 3751 exemplum.
1098 3665 1282 3734 DeJacobo
