<?xml version="1.0" encoding="UTF-8"?>
<!DOCTYPE html PUBLIC "-//W3C//DTD XHTML 1.0 Transitional//EN"
    "http://www.w3.org/TR/xhtml1/DTD/xhtml1-transitional.dtd">
<html xmlns="http://www.w3.org/1999/xhtml" xml:lang="en" lang="en">
 <head>
  <title>
</title>
<meta http-equiv="Content-Type" content="text/html;charset=utf-8" />
  <meta name='ocr-system' content='tesseract 3.04.00' />
  <meta name='ocr-capabilities' content='ocr_page ocr_carea ocr_par ocr_line ocrx_word'/>
</head>
<body>
  <div class='ocr_page' id='page_1' title='image "./itinerariumthom00kerngoog_0530.png"; bbox 0 0 3225 4700; ppageno 0'>
   <div class='ocr_carea' id='block_1_1' title="bbox 332 318 1135 397">
    <p class='ocr_par' dir='ltr' id='par_1_1' title="bbox 332 318 1135 397">
     <span class='ocr_line' id='line_1_1' title="bbox 332 318 1135 397; baseline -0.012 0"><span class='ocrx_word' id='word_1_1' title='bbox 332 330 397 397; x_wconf 75' lang='lat'>818</span> <span class='ocrx_word' id='word_1_2' title='bbox 729 318 1135 391; x_wconf 66' lang='lat' dir='ltr'>millenarium.</span> 
     </span>
    </p>
   </div>
   <div class='ocr_carea' id='block_1_2' title="bbox 330 470 1537 3458">
    <p class='ocr_par' dir='ltr' id='par_1_2' title="bbox 331 470 1537 1232">
     <span class='ocr_line' id='line_1_2' title="bbox 332 470 1536 557; baseline -0.009 -15"><span class='ocrx_word' id='word_1_3' title='bbox 332 480 387 542; x_wconf 88' lang='lat' dir='ltr'>tim</span> <span class='ocrx_word' id='word_1_4' title='bbox 396 498 512 551; x_wconf 90' lang='lat' dir='ltr'>currus,</span> <span class='ocrx_word' id='word_1_5' title='bbox 521 474 632 557; x_wconf 89' lang='lat' dir='ltr'>partim</span> <span class='ocrx_word' id='word_1_6' title='bbox 644 473 723 537; x_wconf 87' lang='lat' dir='ltr'>carri</span> <span class='ocrx_word' id='word_1_7' title='bbox 731 473 874 537; x_wconf 75' lang='lat' dir='ltr'>vehentes</span> <span class='ocrx_word' id='word_1_8' title='bbox 886 470 1363 556; x_wconf 55' lang='lat' dir='ltr'>impedimenmlmsosdnlirmos,</span> <span class='ocrx_word' id='word_1_9' title='bbox 1373 470 1536 545; x_wconf 67' lang='lat' dir='ltr'>somma,</span> 
     </span>
     <span class='ocr_line' id='line_1_3' title="bbox 332 567 1536 659; baseline -0.008 -22"><span class='ocrx_word' id='word_1_10' title='bbox 332 574 483 659; x_wconf 85' lang='lat' dir='ltr'>parvulos,</span> <span class='ocrx_word' id='word_1_11' title='bbox 501 572 556 635; x_wconf 74' lang='lat' dir='ltr'>dio.</span> <span class='ocrx_word' id='word_1_12' title='bbox 578 572 640 635; x_wconf 81' lang='lat' dir='ltr'>und</span> <span class='ocrx_word' id='word_1_13' title='bbox 652 591 724 633; x_wconf 91' lang='lat' dir='ltr'>cnm</span> <span class='ocrx_word' id='word_1_14' title='bbox 736 571 875 634; x_wconf 85' lang='lat' dir='ltr'>ducentia</span> <span class='ocrx_word' id='word_1_15' title='bbox 893 570 1115 652; x_wconf 87' lang='lat' dir='ltr'>quinquaginta</span> <span class='ocrx_word' id='word_1_16' title='bbox 1136 568 1258 631; x_wconf 88' lang='lat' dir='ltr'>circiter</span> <span class='ocrx_word' id='word_1_17' title='bbox 1276 567 1426 631; x_wconf 72' lang='lat' dir='ltr'>militibus</span> <span class='ocrx_word' id='word_1_18' title='bbox 1450 570 1536 647; x_wconf 76' lang='lat' dir='ltr'>pond</span> 
     </span>
     <span class='ocr_line' id='line_1_4' title="bbox 331 664 1537 747; baseline -0.008 -12"><span class='ocrx_word' id='word_1_19' title='bbox 331 670 553 735; x_wconf 85' lang='lat' dir='ltr'>comitantibus.</span> <span class='ocrx_word' id='word_1_20' title='bbox 593 666 662 729; x_wconf 81' lang='lat' dir='ltr'>Hos</span> <span class='ocrx_word' id='word_1_21' title='bbox 682 666 872 747; x_wconf 72' lang='lat' dir='ltr'>excipiebant</span> <span class='ocrx_word' id='word_1_22' title='bbox 890 676 949 729; x_wconf 85' lang='lat' dir='ltr'>tres</span> <span class='ocrx_word' id='word_1_23' title='bbox 966 666 1126 728; x_wconf 88' lang='lat' dir='ltr'>Gallorum</span> <span class='ocrx_word' id='word_1_24' title='bbox 1142 664 1285 747; x_wconf 84' lang='lat' dir='ltr'>legiones,</span> <span class='ocrx_word' id='word_1_25' title='bbox 1307 664 1426 727; x_wconf 84' lang='lat' dir='ltr'>scilicet</span> <span class='ocrx_word' id='word_1_26' title='bbox 1449 665 1537 745; x_wconf 87' lang='lat' dir='ltr'>legio</span> 
     </span>
     <span class='ocr_line' id='line_1_5' title="bbox 333 760 1536 846; baseline -0.006 -16"><span class='ocrx_word' id='word_1_27' title='bbox 333 766 461 830; x_wconf 86' lang='lat' dir='ltr'>Domini</span> <span class='ocrx_word' id='word_1_28' title='bbox 482 764 699 828; x_wconf 80' lang='lat' dir='ltr'>Gubernatoris</span> <span class='ocrx_word' id='word_1_29' title='bbox 721 782 792 844; x_wconf 81' lang='lat' dir='ltr'>qua</span> <span class='ocrx_word' id='word_1_30' title='bbox 818 763 958 827; x_wconf 86' lang='lat' dir='ltr'>censebat</span> <span class='ocrx_word' id='word_1_31' title='bbox 979 762 1144 846; x_wconf 86' lang='lat' dir='ltr'>quingenta</span> <span class='ocrx_word' id='word_1_32' title='bbox 1165 760 1251 823; x_wconf 75' lang='lat' dir='ltr'>facile</span> <span class='ocrx_word' id='word_1_33' title='bbox 1278 760 1387 841; x_wconf 78' lang='lat' dir='ltr'>capita</span> <span class='ocrx_word' id='word_1_34' title='bbox 1432 760 1536 843; x_wconf 81' lang='lat' dir='ltr'>Legio</span> 
     </span>
     <span class='ocr_line' id='line_1_6' title="bbox 331 858 1535 942; baseline -0.006 -16"><span class='ocrx_word' id='word_1_35' title='bbox 331 864 532 927; x_wconf 87' lang='lat' dir='ltr'>Valmontana</span> <span class='ocrx_word' id='word_1_36' title='bbox 548 880 617 941; x_wconf 79' lang='lat' dir='ltr'>quae</span> <span class='ocrx_word' id='word_1_37' title='bbox 629 860 810 942; x_wconf 89' lang='lat' dir='ltr'>quingentos</span> <span class='ocrx_word' id='word_1_38' title='bbox 823 859 1043 941; x_wconf 73' lang='lat' dir='ltr'>quinquaginta</span> <span class='ocrx_word' id='word_1_39' title='bbox 1055 858 1219 921; x_wconf 86' lang='lat' dir='ltr'>excedebat</span> <span class='ocrx_word' id='word_1_40' title='bbox 1232 858 1355 921; x_wconf 89' lang='lat' dir='ltr'>milites.</span> <span class='ocrx_word' id='word_1_41' title='bbox 1388 858 1435 921; x_wconf 88' lang='lat' dir='ltr'>Et</span> <span class='ocrx_word' id='word_1_42' title='bbox 1448 858 1535 940; x_wconf 84' lang='lat' dir='ltr'>legio</span> 
     </span>
     <span class='ocr_line' id='line_1_7' title="bbox 332 954 1533 1038; baseline -0.006 -13"><span class='ocrx_word' id='word_1_43' title='bbox 332 958 460 1025; x_wconf 86' lang='lat' dir='ltr'>Comitia</span> <span class='ocrx_word' id='word_1_44' title='bbox 472 960 513 1021; x_wconf 88' lang='lat' dir='ltr'>de</span> <span class='ocrx_word' id='word_1_45' title='bbox 526 956 657 1033; x_wconf 88' lang='lat' dir='ltr'>Gniche,</span> <span class='ocrx_word' id='word_1_46' title='bbox 676 976 744 1037; x_wconf 74' lang='lat' dir='ltr'>qna</span> <span class='ocrx_word' id='word_1_47' title='bbox 767 976 828 1018; x_wconf 91' lang='lat' dir='ltr'>non</span> <span class='ocrx_word' id='word_1_48' title='bbox 851 955 1006 1037; x_wconf 86' lang='lat' dir='ltr'>pauciores</span> <span class='ocrx_word' id='word_1_49' title='bbox 1032 974 1122 1035; x_wconf 90' lang='lat' dir='ltr'>quam</span> <span class='ocrx_word' id='word_1_50' title='bbox 1149 954 1329 1038; x_wconf 85' lang='lat' dir='ltr'>quingentos</span> <span class='ocrx_word' id='word_1_51' title='bbox 1352 956 1533 1019; x_wconf 87' lang='lat' dir='ltr'>continebat</span> 
     </span>
     <span class='ocr_line' id='line_1_8' title="bbox 331 1051 1532 1135; baseline -0.006 -16"><span class='ocrx_word' id='word_1_52' title='bbox 331 1058 421 1119; x_wconf 70' lang='lat' dir='ltr'>droa.</span> <span class='ocrx_word' id='word_1_53' title='bbox 461 1055 537 1118; x_wconf 76' lang='lat' dir='ltr'>Toto</span> <span class='ocrx_word' id='word_1_54' title='bbox 549 1073 643 1135; x_wconf 90' lang='lat' dir='ltr'>prope</span> <span class='ocrx_word' id='word_1_55' title='bbox 656 1072 791 1135; x_wconf 68' lang='lat' dir='ltr'>egram</span> <span class='ocrx_word' id='word_1_56' title='bbox 804 1060 937 1134; x_wconf 87' lang='lat' dir='ltr'>tempore</span> <span class='ocrx_word' id='word_1_57' title='bbox 953 1051 1104 1113; x_wconf 87' lang='lat' dir='ltr'>Dominus</span> <span class='ocrx_word' id='word_1_58' title='bbox 1121 1051 1160 1113; x_wconf 88' lang='lat' dir='ltr'>de</span> <span class='ocrx_word' id='word_1_59' title='bbox 1179 1051 1364 1115; x_wconf 88' lang='lat' dir='ltr'>Bourdonne</span> <span class='ocrx_word' id='word_1_60' title='bbox 1381 1072 1456 1113; x_wconf 89' lang='lat' dir='ltr'>cum</span> <span class='ocrx_word' id='word_1_61' title='bbox 1478 1072 1532 1113; x_wconf 90' lang='lat' dir='ltr'>oo-</span> 
     </span>
     <span class='ocr_line' id='line_1_9' title="bbox 331 1147 1027 1232; baseline -0.007 -16"><span class='ocrx_word' id='word_1_62' title='bbox 331 1154 405 1217; x_wconf 86' lang='lat' dir='ltr'>mita</span> <span class='ocrx_word' id='word_1_63' title='bbox 419 1151 556 1213; x_wconf 84' lang='lat' dir='ltr'>Fontano</span> <span class='ocrx_word' id='word_1_64' title='bbox 568 1149 791 1232; x_wconf 86' lang='lat' dir='ltr'>colloquebatur</span> <span class='ocrx_word' id='word_1_65' title='bbox 802 1147 1027 1211; x_wconf 71' lang='lat' dir='ltr'>humanissime.</span> 
     </span>
    </p>

    <p class='ocr_par' dir='ltr' id='par_1_3' title="bbox 331 1245 1530 1604">
     <span class='ocr_line' id='line_1_10' title="bbox 373 1245 1530 1329; baseline -0.003 -18"><span class='ocrx_word' id='word_1_66' title='bbox 373 1250 449 1311; x_wconf 87' lang='lat' dir='ltr'>Post</span> <span class='ocrx_word' id='word_1_67' title='bbox 460 1246 621 1310; x_wconf 82' lang='lat' dir='ltr'>Gallorum</span> <span class='ocrx_word' id='word_1_68' title='bbox 637 1245 812 1321; x_wconf 72' lang='lat' dir='ltr'>disum,</span> <span class='ocrx_word' id='word_1_69' title='bbox 832 1254 1038 1309; x_wconf 82' lang='lat' dir='ltr'>successerunt</span> <span class='ocrx_word' id='word_1_70' title='bbox 1056 1245 1088 1307; x_wconf 91' lang='lat' dir='ltr'>in</span> <span class='ocrx_word' id='word_1_71' title='bbox 1107 1246 1211 1308; x_wconf 84' lang='lat' dir='ltr'>urbem</span> <span class='ocrx_word' id='word_1_72' title='bbox 1224 1245 1355 1309; x_wconf 79' lang='lat' dir='ltr'>undecim</span> <span class='ocrx_word' id='word_1_73' title='bbox 1370 1246 1530 1329; x_wconf 86' lang='lat' dir='ltr'>Hispano·</span> 
     </span>
     <span class='ocr_line' id='line_1_11' title="bbox 331 1340 1530 1425; baseline -0.003 -16"><span class='ocrx_word' id='word_1_74' title='bbox 331 1366 400 1409; x_wconf 90' lang='lat' dir='ltr'>rum</span> <span class='ocrx_word' id='word_1_75' title='bbox 411 1342 568 1423; x_wconf 85' lang='lat' dir='ltr'>manipuli.</span> <span class='ocrx_word' id='word_1_76' title='bbox 606 1343 656 1404; x_wconf 84' lang='lat' dir='ltr'>Ac</span> <span class='ocrx_word' id='word_1_77' title='bbox 668 1361 738 1405; x_wconf 91' lang='lat' dir='ltr'>mox</span> <span class='ocrx_word' id='word_1_78' title='bbox 751 1362 876 1425; x_wconf 86' lang='lat' dir='ltr'>aggeres</span> <span class='ocrx_word' id='word_1_79' title='bbox 887 1340 1006 1424; x_wconf 79' lang='lat' dir='ltr'>elinque</span> <span class='ocrx_word' id='word_1_80' title='bbox 1017 1342 1214 1419; x_wconf 87' lang='lat' dir='ltr'>munimenta,</span> <span class='ocrx_word' id='word_1_81' title='bbox 1228 1343 1356 1405; x_wconf 91' lang='lat' dir='ltr'>durante</span> <span class='ocrx_word' id='word_1_82' title='bbox 1368 1344 1530 1407; x_wconf 89' lang='lat' dir='ltr'>obsidione</span> 
     </span>
     <span class='ocr_line' id='line_1_12' title="bbox 332 1437 1528 1521; baseline -0.002 -15"><span class='ocrx_word' id='word_1_83' title='bbox 332 1444 471 1516; x_wconf 77' lang='lat' dir='ltr'>excitata,</span> <span class='ocrx_word' id='word_1_84' title='bbox 491 1456 594 1501; x_wconf 89' lang='lat' dir='ltr'>everso</span> <span class='ocrx_word' id='word_1_85' title='bbox 607 1437 707 1501; x_wconf 85' lang='lat' dir='ltr'>denno</span> <span class='ocrx_word' id='word_1_86' title='bbox 719 1449 801 1513; x_wconf 86' lang='lat' dir='ltr'>sunt,</span> <span class='ocrx_word' id='word_1_87' title='bbox 820 1458 968 1521; x_wconf 74' lang='lat' dir='ltr'>novaque</span> <span class='ocrx_word' id='word_1_88' title='bbox 977 1449 1082 1502; x_wconf 81' lang='lat' dir='ltr'>oonua</span> <span class='ocrx_word' id='word_1_89' title='bbox 1093 1459 1148 1520; x_wconf 92' lang='lat' dir='ltr'>pro</span> <span class='ocrx_word' id='word_1_90' title='bbox 1161 1439 1254 1503; x_wconf 91' lang='lat' dir='ltr'>tutela</span> <span class='ocrx_word' id='word_1_91' title='bbox 1266 1439 1396 1503; x_wconf 84' lang='lat' dir='ltr'>civitatis</span> <span class='ocrx_word' id='word_1_92' title='bbox 1414 1452 1528 1504; x_wconf 80' lang='lat' dir='ltr'>erectas</span> 
     </span>
     <span class='ocr_line' id='line_1_13' title="bbox 331 1539 523 1604; baseline -0.036 0"><span class='ocrx_word' id='word_1_93' title='bbox 331 1539 523 1604; x_wconf 89' lang='lat' dir='ltr'>munitiones.</span> 
     </span>
    </p>

    <p class='ocr_par' dir='ltr' id='par_1_4' title="bbox 330 1630 1528 3458">
     <span class='ocr_line' id='line_1_14' title="bbox 372 1630 1528 1716; baseline 0.003 -21"><span class='ocrx_word' id='word_1_94' title='bbox 372 1635 457 1696; x_wconf 83' lang='lat' dir='ltr'>Inter</span> <span class='ocrx_word' id='word_1_95' title='bbox 469 1652 610 1716; x_wconf 80' lang='lat' dir='ltr'>prospera</span> <span class='ocrx_word' id='word_1_96' title='bbox 618 1630 684 1694; x_wconf 78' lang='lat' dir='ltr'>lraec</span> <span class='ocrx_word' id='word_1_97' title='bbox 695 1631 784 1694; x_wconf 89' lang='lat' dir='ltr'>initia</span> <span class='ocrx_word' id='word_1_98' title='bbox 790 1652 861 1695; x_wconf 88' lang='lat' dir='ltr'>cum</span> <span class='ocrx_word' id='word_1_99' title='bbox 872 1630 1033 1714; x_wconf 88' lang='lat' dir='ltr'>benignior</span> <span class='ocrx_word' id='word_1_100' title='bbox 1041 1631 1159 1694; x_wconf 73' lang='lat' dir='ltr'>fortuna</span> <span class='ocrx_word' id='word_1_101' title='bbox 1168 1632 1275 1697; x_wconf 84' lang='lat' dir='ltr'>leniori</span> <span class='ocrx_word' id='word_1_102' title='bbox 1284 1632 1359 1696; x_wconf 88' lang='lat' dir='ltr'>flatu</span> <span class='ocrx_word' id='word_1_103' title='bbox 1367 1633 1528 1699; x_wconf 86' lang='lat' dir='ltr'>Francisei</span> 
     </span>
     <span class='ocr_line' id='line_1_15' title="bbox 332 1727 1527 1814; baseline 0.002 -20"><span class='ocrx_word' id='word_1_104' title='bbox 332 1734 371 1795; x_wconf 93' lang='lat' dir='ltr'>de</span> <span class='ocrx_word' id='word_1_105' title='bbox 385 1730 471 1792; x_wconf 85' lang='lat' dir='ltr'>Malo</span> <span class='ocrx_word' id='word_1_106' title='bbox 482 1729 631 1810; x_wconf 88' lang='lat' dir='ltr'>explicata</span> <span class='ocrx_word' id='word_1_107' title='bbox 643 1728 676 1789; x_wconf 92' lang='lat' dir='ltr'>iu</span> <span class='ocrx_word' id='word_1_108' title='bbox 688 1727 859 1791; x_wconf 83' lang='lat' dir='ltr'>ulteriorem</span> <span class='ocrx_word' id='word_1_109' title='bbox 872 1728 1085 1809; x_wconf 88' lang='lat' dir='ltr'>profectionem</span> <span class='ocrx_word' id='word_1_110' title='bbox 1098 1730 1220 1791; x_wconf 83' lang='lat' dir='ltr'>carbasa</span> <span class='ocrx_word' id='word_1_111' title='bbox 1236 1730 1412 1811; x_wconf 73' lang='lat' dir='ltr'>adspiraret,</span> <span class='ocrx_word' id='word_1_112' title='bbox 1435 1754 1527 1814; x_wconf 89' lang='lat' dir='ltr'>porro</span> 
     </span>
     <span class='ocr_line' id='line_1_16' title="bbox 332 1824 1527 1910; baseline 0.004 -21"><span class='ocrx_word' id='word_1_113' title='bbox 332 1826 489 1910; x_wconf 81' lang='lat' dir='ltr'>propitiam</span> <span class='ocrx_word' id='word_1_114' title='bbox 504 1844 571 1887; x_wconf 87' lang='lat' dir='ltr'>eam</span> <span class='ocrx_word' id='word_1_115' title='bbox 584 1834 709 1899; x_wconf 73' lang='lat' dir='ltr'>tenure,</span> <span class='ocrx_word' id='word_1_116' title='bbox 720 1834 752 1888; x_wconf 88' lang='lat' dir='ltr'>at</span> <span class='ocrx_word' id='word_1_117' title='bbox 763 1824 795 1887; x_wconf 94' lang='lat' dir='ltr'>in</span> <span class='ocrx_word' id='word_1_118' title='bbox 807 1832 879 1887; x_wconf 88' lang='lat' dir='ltr'>vota</span> <span class='ocrx_word' id='word_1_119' title='bbox 890 1844 1015 1905; x_wconf 86' lang='lat' dir='ltr'>pronam</span> <span class='ocrx_word' id='word_1_120' title='bbox 1028 1826 1157 1907; x_wconf 87' lang='lat' dir='ltr'>experiri</span> <span class='ocrx_word' id='word_1_121' title='bbox 1174 1846 1330 1909; x_wconf 87' lang='lat' dir='ltr'>aggressus</span> <span class='ocrx_word' id='word_1_122' title='bbox 1342 1839 1397 1891; x_wconf 83' lang='lat' dir='ltr'>est.</span> <span class='ocrx_word' id='word_1_123' title='bbox 1442 1832 1527 1894; x_wconf 84' lang='lat' dir='ltr'>con·</span> 
     </span>
     <span class='ocr_line' id='line_1_17' title="bbox 332 1920 1524 2003; baseline 0.005 -18"><span class='ocrx_word' id='word_1_124' title='bbox 332 1933 498 2003; x_wconf 88' lang='lat' dir='ltr'>vocatoque</span> <span class='ocrx_word' id='word_1_125' title='bbox 510 1920 637 1983; x_wconf 91' lang='lat' dir='ltr'>consilio</span> <span class='ocrx_word' id='word_1_126' title='bbox 650 1920 845 2001; x_wconf 86' lang='lat' dir='ltr'>oogitationes</span> <span class='ocrx_word' id='word_1_127' title='bbox 861 1940 929 1983; x_wconf 89' lang='lat' dir='ltr'>suaa</span> <span class='ocrx_word' id='word_1_128' title='bbox 946 1921 1073 2002; x_wconf 79' lang='lat' dir='ltr'>apernit,</span> <span class='ocrx_word' id='word_1_129' title='bbox 1092 1922 1204 2002; x_wconf 87' lang='lat' dir='ltr'>quibua</span> <span class='ocrx_word' id='word_1_130' title='bbox 1219 1923 1367 1987; x_wconf 84' lang='lat' dir='ltr'>ferebatur</span> <span class='ocrx_word' id='word_1_131' title='bbox 1381 1927 1414 1987; x_wconf 89' lang='lat' dir='ltr'>in</span> <span class='ocrx_word' id='word_1_132' title='bbox 1429 1948 1524 1991; x_wconf 88' lang='lat' dir='ltr'>unum</span> 
     </span>
     <span class='ocr_line' id='line_1_18' title="bbox 332 2015 1524 2103; baseline 0.003 -21"><span class='ocrx_word' id='word_1_133' title='bbox 332 2020 371 2082; x_wconf 87' lang='lat' dir='ltr'>de</span> <span class='ocrx_word' id='word_1_134' title='bbox 382 2018 562 2081; x_wconf 89' lang='lat' dir='ltr'>exercitibus</span> <span class='ocrx_word' id='word_1_135' title='bbox 569 2015 707 2089; x_wconf 86' lang='lat' dir='ltr'>Gallicis,</span> <span class='ocrx_word' id='word_1_136' title='bbox 720 2034 794 2095; x_wconf 89' lang='lat' dir='ltr'>quoa</span> <span class='ocrx_word' id='word_1_137' title='bbox 806 2024 880 2077; x_wconf 85' lang='lat' dir='ltr'>tunc</span> <span class='ocrx_word' id='word_1_138' title='bbox 893 2016 969 2077; x_wconf 69' lang='lat' dir='ltr'>forte</span> <span class='ocrx_word' id='word_1_139' title='bbox 981 2017 1117 2099; x_wconf 74' lang='lat' dir='ltr'>geminen</span> <span class='ocrx_word' id='word_1_140' title='bbox 1126 2028 1231 2081; x_wconf 87' lang='lat' dir='ltr'>contre</span> <span class='ocrx_word' id='word_1_141' title='bbox 1240 2019 1383 2103; x_wconf 80' lang='lat' dir='ltr'>Belgium</span> <span class='ocrx_word' id='word_1_142' title='bbox 1394 2023 1524 2087; x_wconf 85' lang='lat' dir='ltr'>Francia</span> 
     </span>
     <span class='ocr_line' id='line_1_19' title="bbox 331 2112 1524 2199; baseline 0.007 -20"><span class='ocrx_word' id='word_1_143' title='bbox 331 2116 484 2179; x_wconf 78' lang='lat' dir='ltr'>eduxerat</span> <span class='ocrx_word' id='word_1_144' title='bbox 525 2113 655 2175; x_wconf 87' lang='lat' dir='ltr'>Volebat</span> <span class='ocrx_word' id='word_1_145' title='bbox 665 2112 781 2175; x_wconf 89' lang='lat' dir='ltr'>scilicet</span> <span class='ocrx_word' id='word_1_146' title='bbox 793 2113 922 2193; x_wconf 89' lang='lat' dir='ltr'>experiri</span> <span class='ocrx_word' id='word_1_147' title='bbox 936 2114 1011 2195; x_wconf 90' lang='lat' dir='ltr'>qnid</span> <span class='ocrx_word' id='word_1_148' title='bbox 1023 2114 1119 2189; x_wconf 87' lang='lat' dir='ltr'>miles,</span> <span class='ocrx_word' id='word_1_149' title='bbox 1127 2117 1262 2179; x_wconf 89' lang='lat' dir='ltr'>victoriis</span> <span class='ocrx_word' id='word_1_150' title='bbox 1274 2120 1434 2199; x_wconf 77' lang='lat' dir='ltr'>praeteritis</span> <span class='ocrx_word' id='word_1_151' title='bbox 1443 2122 1524 2187; x_wconf 88' lang='lat' dir='ltr'>band</span> 
     </span>
     <span class='ocr_line' id='line_1_20' title="bbox 330 2200 1521 2298; baseline 0.008 -26"><span class='ocrx_word' id='word_1_152' title='bbox 330 2231 424 2294; x_wconf 92' lang='lat' dir='ltr'>parvo</span> <span class='ocrx_word' id='word_1_153' title='bbox 436 2200 609 2283; x_wconf 86' lang='lat' dir='ltr'>animosior,</span> <span class='ocrx_word' id='word_1_154' title='bbox 628 2217 732 2290; x_wconf 85' lang='lat' dir='ltr'>aperto</span> <span class='ocrx_word' id='word_1_155' title='bbox 745 2208 847 2271; x_wconf 85' lang='lat' dir='ltr'>Marte</span> <span class='ocrx_word' id='word_1_156' title='bbox 867 2219 976 2290; x_wconf 85' lang='lat' dir='ltr'>posset.</span> <span class='ocrx_word' id='word_1_157' title='bbox 1019 2210 1164 2274; x_wconf 78' lang='lat' dir='ltr'>Decrevit</span> <span class='ocrx_word' id='word_1_158' title='bbox 1178 2213 1279 2295; x_wconf 87' lang='lat' dir='ltr'>itaque</span> <span class='ocrx_word' id='word_1_159' title='bbox 1298 2214 1330 2275; x_wconf 86' lang='lat' dir='ltr'>in</span> <span class='ocrx_word' id='word_1_160' title='bbox 1344 2216 1521 2298; x_wconf 76' lang='lat' dir='ltr'>vigesimam</span> 
     </span>
     <span class='ocr_line' id='line_1_21' title="bbox 330 2304 1523 2398; baseline 0.007 -28"><span class='ocrx_word' id='word_1_161' title='bbox 330 2316 468 2392; x_wconf 87' lang='lat' dir='ltr'>quartam</span> <span class='ocrx_word' id='word_1_162' title='bbox 482 2304 561 2368; x_wconf 87' lang='lat' dir='ltr'>Maii</span> <span class='ocrx_word' id='word_1_163' title='bbox 573 2305 787 2388; x_wconf 79' lang='lat' dir='ltr'>prosectionem</span> <span class='ocrx_word' id='word_1_164' title='bbox 800 2324 871 2368; x_wconf 88' lang='lat' dir='ltr'>cum</span> <span class='ocrx_word' id='word_1_165' title='bbox 884 2306 1004 2370; x_wconf 86' lang='lat' dir='ltr'>subdito</span> <span class='ocrx_word' id='word_1_166' title='bbox 1017 2307 1073 2370; x_wconf 93' lang='lat' dir='ltr'>sibi</span> <span class='ocrx_word' id='word_1_167' title='bbox 1086 2307 1198 2372; x_wconf 86' lang='lat' dir='ltr'>militas</span> <span class='ocrx_word' id='word_1_168' title='bbox 1211 2310 1329 2392; x_wconf 86' lang='lat' dir='ltr'>penitas</span> <span class='ocrx_word' id='word_1_169' title='bbox 1340 2310 1447 2396; x_wconf 88' lang='lat' dir='ltr'>ignaro</span> <span class='ocrx_word' id='word_1_170' title='bbox 1461 2338 1523 2398; x_wconf 92' lang='lat' dir='ltr'>quo</span> 
     </span>
     <span class='ocr_line' id='line_1_22' title="bbox 331 2403 1518 2492; baseline 0.006 -24"><span class='ocrx_word' id='word_1_171' title='bbox 331 2427 363 2468; x_wconf 91' lang='lat' dir='ltr'>ae</span> <span class='ocrx_word' id='word_1_172' title='bbox 375 2423 460 2468; x_wconf 90' lang='lat' dir='ltr'>arma</span> <span class='ocrx_word' id='word_1_173' title='bbox 473 2412 626 2466; x_wconf 88' lang='lat' dir='ltr'>vocarent.</span> <span class='ocrx_word' id='word_1_174' title='bbox 669 2403 755 2466; x_wconf 87' lang='lat' dir='ltr'>Dum</span> <span class='ocrx_word' id='word_1_175' title='bbox 767 2403 801 2465; x_wconf 86' lang='lat' dir='ltr'>iu</span> <span class='ocrx_word' id='word_1_176' title='bbox 813 2403 933 2466; x_wconf 86' lang='lat' dir='ltr'>silentio</span> <span class='ocrx_word' id='word_1_177' title='bbox 945 2404 1137 2485; x_wconf 75' lang='lat' dir='ltr'>progreditur</span> <span class='ocrx_word' id='word_1_178' title='bbox 1147 2427 1185 2468; x_wconf 88' lang='lat' dir='ltr'>ex</span> <span class='ocrx_word' id='word_1_179' title='bbox 1198 2407 1313 2472; x_wconf 88' lang='lat' dir='ltr'>emissis</span> <span class='ocrx_word' id='word_1_180' title='bbox 1326 2430 1387 2471; x_wconf 92' lang='lat' dir='ltr'>non</span> <span class='ocrx_word' id='word_1_181' title='bbox 1401 2413 1518 2492; x_wconf 84' lang='lat' dir='ltr'>pridem</span> 
     </span>
     <span class='ocr_line' id='line_1_23' title="bbox 331 2499 1519 2585; baseline 0.007 -21"><span class='ocrx_word' id='word_1_182' title='bbox 331 2501 564 2585; x_wconf 85' lang='lat' dir='ltr'>speculatoribus</span> <span class='ocrx_word' id='word_1_183' title='bbox 576 2500 734 2583; x_wconf 82' lang='lat' dir='ltr'>comperit,</span> <span class='ocrx_word' id='word_1_184' title='bbox 751 2500 891 2563; x_wconf 89' lang='lat' dir='ltr'>comitem</span> <span class='ocrx_word' id='word_1_185' title='bbox 906 2499 1070 2574; x_wconf 83' lang='lat' dir='ltr'>Quinhinm</span> <span class='ocrx_word' id='word_1_186' title='bbox 1083 2521 1144 2563; x_wconf 88' lang='lat' dir='ltr'>nou</span> <span class='ocrx_word' id='word_1_187' title='bbox 1157 2503 1263 2584; x_wconf 92' lang='lat' dir='ltr'>procul</span> <span class='ocrx_word' id='word_1_188' title='bbox 1282 2508 1435 2570; x_wconf 73' lang='lat' dir='ltr'>oeateletto</span> <span class='ocrx_word' id='word_1_189' title='bbox 1450 2531 1519 2572; x_wconf 91' lang='lat' dir='ltr'>cum</span> 
     </span>
     <span class='ocr_line' id='line_1_24' title="bbox 331 2597 1519 2676; baseline 0.007 -16"><span class='ocrx_word' id='word_1_190' title='bbox 331 2597 464 2660; x_wconf 88' lang='lat' dir='ltr'>exercitu</span> <span class='ocrx_word' id='word_1_191' title='bbox 476 2616 541 2671; x_wconf 83' lang='lat' dir='ltr'>suo,</span> <span class='ocrx_word' id='word_1_192' title='bbox 555 2605 654 2658; x_wconf 79' lang='lat' dir='ltr'>castra</span> <span class='ocrx_word' id='word_1_193' title='bbox 664 2604 808 2660; x_wconf 88' lang='lat' dir='ltr'>metatum</span> <span class='ocrx_word' id='word_1_194' title='bbox 821 2617 894 2673; x_wconf 87' lang='lat' dir='ltr'>ause,</span> <span class='ocrx_word' id='word_1_195' title='bbox 908 2607 940 2660; x_wconf 89' lang='lat' dir='ltr'>et</span> <span class='ocrx_word' id='word_1_196' title='bbox 947 2597 1041 2662; x_wconf 81' lang='lat' dir='ltr'>bostis</span> <span class='ocrx_word' id='word_1_197' title='bbox 1053 2619 1203 2676; x_wconf 87' lang='lat' dir='ltr'>securum,</span> <span class='ocrx_word' id='word_1_198' title='bbox 1212 2601 1271 2664; x_wconf 91' lang='lat' dir='ltr'>alia</span> <span class='ocrx_word' id='word_1_199' title='bbox 1283 2603 1409 2666; x_wconf 84' lang='lat' dir='ltr'>consilia</span> <span class='ocrx_word' id='word_1_200' title='bbox 1418 2608 1519 2668; x_wconf 88' lang='lat' dir='ltr'>animo</span> 
     </span>
     <span class='ocr_line' id='line_1_25' title="bbox 331 2693 1519 2785; baseline 0.009 -30"><span class='ocrx_word' id='word_1_201' title='bbox 331 2694 456 2778; x_wconf 84' lang='lat' dir='ltr'>agitare.</span> <span class='ocrx_word' id='word_1_202' title='bbox 497 2693 593 2755; x_wconf 86' lang='lat' dir='ltr'>Hunc</span> <span class='ocrx_word' id='word_1_203' title='bbox 606 2693 679 2774; x_wconf 88' lang='lat' dir='ltr'>ergd</span> <span class='ocrx_word' id='word_1_204' title='bbox 692 2694 849 2757; x_wconf 74' lang='lat' dir='ltr'>cocleatim</span> <span class='ocrx_word' id='word_1_205' title='bbox 859 2695 1026 2776; x_wconf 90' lang='lat' dir='ltr'>opprimere</span> <span class='ocrx_word' id='word_1_206' title='bbox 1036 2715 1073 2758; x_wconf 82' lang='lat' dir='ltr'>ex</span> <span class='ocrx_word' id='word_1_207' title='bbox 1086 2697 1232 2779; x_wconf 88' lang='lat' dir='ltr'>imperato</span> <span class='ocrx_word' id='word_1_208' title='bbox 1245 2700 1358 2774; x_wconf 76' lang='lat' dir='ltr'>statuit,</span> <span class='ocrx_word' id='word_1_209' title='bbox 1372 2701 1519 2785; x_wconf 85' lang='lat' dir='ltr'>militique</span> 
     </span>
     <span class='ocr_line' id='line_1_26' title="bbox 331 2790 1517 2873; baseline 0.008 -21"><span class='ocrx_word' id='word_1_210' title='bbox 331 2790 434 2873; x_wconf 88' lang='lat' dir='ltr'>paneis</span> <span class='ocrx_word' id='word_1_211' title='bbox 447 2791 487 2853; x_wconf 90' lang='lat' dir='ltr'>ad</span> <span class='ocrx_word' id='word_1_212' title='bbox 500 2790 698 2871; x_wconf 87' lang='lat' dir='ltr'>pugnandum</span> <span class='ocrx_word' id='word_1_213' title='bbox 711 2790 826 2852; x_wconf 83' lang='lat' dir='ltr'>fortiter</span> <span class='ocrx_word' id='word_1_214' title='bbox 840 2790 1004 2862; x_wconf 86' lang='lat' dir='ltr'>cohortato,</span> <span class='ocrx_word' id='word_1_215' title='bbox 1018 2793 1112 2856; x_wconf 87' lang='lat' dir='ltr'>tribus</span> <span class='ocrx_word' id='word_1_216' title='bbox 1125 2794 1252 2856; x_wconf 86' lang='lat' dir='ltr'>diversis</span> <span class='ocrx_word' id='word_1_217' title='bbox 1264 2795 1347 2868; x_wconf 83' lang='lat' dir='ltr'>locis,</span> <span class='ocrx_word' id='word_1_218' title='bbox 1360 2797 1441 2860; x_wconf 87' lang='lat' dir='ltr'>intra</span> <span class='ocrx_word' id='word_1_219' title='bbox 1452 2821 1517 2862; x_wconf 91' lang='lat' dir='ltr'>mu·</span> 
     </span>
     <span class='ocr_line' id='line_1_27' title="bbox 331 2885 1517 2961; baseline 0.008 -11"><span class='ocrx_word' id='word_1_220' title='bbox 331 2888 467 2950; x_wconf 84' lang='lat' dir='ltr'>nimenta</span> <span class='ocrx_word' id='word_1_221' title='bbox 484 2885 600 2948; x_wconf 71' lang='lat' dir='ltr'>huten</span> <span class='ocrx_word' id='word_1_222' title='bbox 619 2905 707 2946; x_wconf 88' lang='lat' dir='ltr'>snum</span> <span class='ocrx_word' id='word_1_223' title='bbox 727 2887 854 2961; x_wconf 85' lang='lat' dir='ltr'>invadit,</span> <span class='ocrx_word' id='word_1_224' title='bbox 882 2897 964 2952; x_wconf 80' lang='lat' dir='ltr'>nnn</span> <span class='ocrx_word' id='word_1_225' title='bbox 987 2889 1162 2954; x_wconf 85' lang='lat' dir='ltr'>fortitudine</span> <span class='ocrx_word' id='word_1_226' title='bbox 1182 2901 1216 2954; x_wconf 90' lang='lat' dir='ltr'>ut</span> <span class='ocrx_word' id='word_1_227' title='bbox 1234 2892 1314 2954; x_wconf 90' lang='lat' dir='ltr'>intra</span> <span class='ocrx_word' id='word_1_228' title='bbox 1331 2895 1517 2959; x_wconf 86' lang='lat' dir='ltr'>breviculam</span> 
     </span>
     <span class='ocr_line' id='line_1_28' title="bbox 330 2982 1516 3075; baseline 0.005 -26"><span class='ocrx_word' id='word_1_229' title='bbox 330 2995 448 3067; x_wconf 85' lang='lat' dir='ltr'>tempus</span> <span class='ocrx_word' id='word_1_230' title='bbox 460 2993 556 3046; x_wconf 91' lang='lat' dir='ltr'>totum</span> <span class='ocrx_word' id='word_1_231' title='bbox 570 2982 731 3044; x_wconf 86' lang='lat' dir='ltr'>Gallorum</span> <span class='ocrx_word' id='word_1_232' title='bbox 745 2985 910 3048; x_wconf 87' lang='lat' dir='ltr'>exercitum</span> <span class='ocrx_word' id='word_1_233' title='bbox 930 2987 1036 3048; x_wconf 88' lang='lat' dir='ltr'>decem</span> <span class='ocrx_word' id='word_1_234' title='bbox 1049 2987 1178 3050; x_wconf 88' lang='lat' dir='ltr'>millium</span> <span class='ocrx_word' id='word_1_235' title='bbox 1193 2989 1323 3052; x_wconf 89' lang='lat' dir='ltr'>militum</span> <span class='ocrx_word' id='word_1_236' title='bbox 1341 2993 1516 3075; x_wconf 85' lang='lat' dir='ltr'>profligarit,</span> 
     </span>
     <span class='ocr_line' id='line_1_29' title="bbox 332 3079 1516 3166; baseline 0.007 -22"><span class='ocrx_word' id='word_1_237' title='bbox 332 3082 485 3153; x_wconf 82' lang='lat' dir='ltr'>devicerit,</span> <span class='ocrx_word' id='word_1_238' title='bbox 505 3079 705 3160; x_wconf 84' lang='lat' dir='ltr'>prostraverit.</span> <span class='ocrx_word' id='word_1_239' title='bbox 744 3079 919 3144; x_wconf 84' lang='lat' dir='ltr'>Credantur</span> <span class='ocrx_word' id='word_1_240' title='bbox 935 3102 971 3144; x_wconf 91' lang='lat' dir='ltr'>ea</span> <span class='ocrx_word' id='word_1_241' title='bbox 988 3103 1092 3166; x_wconf 86' lang='lat' dir='ltr'>pugna</span> <span class='ocrx_word' id='word_1_242' title='bbox 1110 3086 1203 3148; x_wconf 90' lang='lat' dir='ltr'>occisi</span> <span class='ocrx_word' id='word_1_243' title='bbox 1221 3087 1366 3152; x_wconf 85' lang='lat' dir='ltr'>termille</span> <span class='ocrx_word' id='word_1_244' title='bbox 1385 3092 1516 3152; x_wconf 84' lang='lat' dir='ltr'>sexcenti</span> 
     </span>
     <span class='ocr_line' id='line_1_30' title="bbox 333 3175 1515 3265; baseline 0.008 -25"><span class='ocrx_word' id='word_1_245' title='bbox 333 3177 491 3240; x_wconf 84' lang='lat' dir='ltr'>Gallorum</span> <span class='ocrx_word' id='word_1_246' title='bbox 503 3175 584 3258; x_wconf 91' lang='lat' dir='ltr'>capti</span> <span class='ocrx_word' id='word_1_247' title='bbox 596 3184 643 3238; x_wconf 90' lang='lat' dir='ltr'>ter</span> <span class='ocrx_word' id='word_1_248' title='bbox 659 3175 742 3239; x_wconf 90' lang='lat' dir='ltr'>milla</span> <span class='ocrx_word' id='word_1_249' title='bbox 760 3178 984 3261; x_wconf 74' lang='lat' dir='ltr'>quadringenti,</span> <span class='ocrx_word' id='word_1_250' title='bbox 1002 3190 1153 3262; x_wconf 88' lang='lat' dir='ltr'>reportata</span> <span class='ocrx_word' id='word_1_251' title='bbox 1164 3183 1276 3245; x_wconf 88' lang='lat' dir='ltr'>vexilla</span> <span class='ocrx_word' id='word_1_252' title='bbox 1291 3187 1441 3265; x_wconf 78' lang='lat' dir='ltr'>equestria</span> <span class='ocrx_word' id='word_1_253' title='bbox 1456 3188 1515 3249; x_wconf 91' lang='lat' dir='ltr'>duo</span> 
     </span>
     <span class='ocr_line' id='line_1_31' title="bbox 332 3267 1513 3361; baseline 0.008 -30"><span class='ocrx_word' id='word_1_254' title='bbox 332 3267 372 3331; x_wconf 89' lang='lat' dir='ltr'>de</span> <span class='ocrx_word' id='word_1_255' title='bbox 390 3269 526 3350; x_wconf 86' lang='lat' dir='ltr'>triginta,</span> <span class='ocrx_word' id='word_1_256' title='bbox 546 3268 683 3350; x_wconf 88' lang='lat' dir='ltr'>interque</span> <span class='ocrx_word' id='word_1_257' title='bbox 701 3289 739 3331; x_wconf 90' lang='lat' dir='ltr'>ea</span> <span class='ocrx_word' id='word_1_258' title='bbox 756 3269 911 3352; x_wconf 83' lang='lat' dir='ltr'>ipsiusmet</span> <span class='ocrx_word' id='word_1_259' title='bbox 931 3271 1036 3355; x_wconf 82' lang='lat' dir='ltr'>Regis,</span> <span class='ocrx_word' id='word_1_260' title='bbox 1057 3273 1185 3356; x_wconf 78' lang='lat' dir='ltr'>Regium</span> <span class='ocrx_word' id='word_1_261' title='bbox 1205 3285 1235 3338; x_wconf 87' lang='lat' dir='ltr'>at</span> <span class='ocrx_word' id='word_1_262' title='bbox 1248 3277 1340 3360; x_wconf 88' lang='lat' dir='ltr'>Regii</span> <span class='ocrx_word' id='word_1_263' title='bbox 1354 3279 1513 3361; x_wconf 87' lang='lat' dir='ltr'>Principis.</span> 
     </span>
     <span class='ocr_line' id='line_1_32' title="bbox 334 3362 1514 3458; baseline 0.013 -35"><span class='ocrx_word' id='word_1_264' title='bbox 334 3362 412 3436; x_wconf 75' lang='lat' dir='ltr'>Qua</span> <span class='ocrx_word' id='word_1_265' title='bbox 423 3363 527 3423; x_wconf 85' lang='lat' dir='ltr'>eadem</span> <span class='ocrx_word' id='word_1_266' title='bbox 540 3375 642 3444; x_wconf 86' lang='lat' dir='ltr'>postea</span> <span class='ocrx_word' id='word_1_267' title='bbox 653 3365 686 3427; x_wconf 93' lang='lat' dir='ltr'>in</span> <span class='ocrx_word' id='word_1_268' title='bbox 699 3365 882 3447; x_wconf 87' lang='lat' dir='ltr'>Hispaniam</span> <span class='ocrx_word' id='word_1_269' title='bbox 895 3368 933 3428; x_wconf 87' lang='lat' dir='ltr'>ad</span> <span class='ocrx_word' id='word_1_270' title='bbox 944 3367 1071 3452; x_wconf 81' lang='lat' dir='ltr'>Regem,</span> <span class='ocrx_word' id='word_1_271' title='bbox 1081 3369 1231 3452; x_wconf 84' lang='lat' dir='ltr'>Reginam</span> <span class='ocrx_word' id='word_1_272' title='bbox 1245 3384 1276 3434; x_wconf 87' lang='lat' dir='ltr'>ot</span> <span class='ocrx_word' id='word_1_273' title='bbox 1284 3374 1416 3458; x_wconf 82' lang='lat' dir='ltr'>Regium</span> <span class='ocrx_word' id='word_1_274' title='bbox 1427 3375 1514 3438; x_wconf 90' lang='lat' dir='ltr'>Pria·</span> 
     </span>
    </p>
   </div>
   <div class='ocr_carea' id='block_1_3' title="bbox 331 3456 1513 3734">
    <p class='ocr_par' dir='ltr' id='par_1_5' title="bbox 331 3456 1513 3734">
     <span class='ocr_line' id='line_1_33' title="bbox 332 3456 1513 3554; baseline 0.012 -31"><span class='ocrx_word' id='word_1_275' title='bbox 332 3456 797 3541; x_wconf 59' lang='lat' dir='ltr'>eipemCatholimtransmisoa</span> <span class='ocrx_word' id='word_1_276' title='bbox 809 3472 840 3524; x_wconf 89' lang='lat' dir='ltr'>et</span> <span class='ocrx_word' id='word_1_277' title='bbox 848 3461 962 3544; x_wconf 84' lang='lat' dir='ltr'>perlata</span> <span class='ocrx_word' id='word_1_278' title='bbox 972 3484 1036 3526; x_wconf 86' lang='lat' dir='ltr'>ease</span> <span class='ocrx_word' id='word_1_279' title='bbox 1043 3474 1193 3546; x_wconf 89' lang='lat' dir='ltr'>putantur.</span> <span class='ocrx_word' id='word_1_280' title='bbox 1233 3468 1513 3554; x_wconf 80' lang='lat' dir='ltr'>Obtentaprsrterea</span> 
     </span>
     <span class='ocr_line' id='line_1_34' title="bbox 331 3555 1510 3646; baseline 0.009 -26"><span class='ocrx_word' id='word_1_281' title='bbox 331 3563 481 3621; x_wconf 85' lang='lat' dir='ltr'>tormenta</span> <span class='ocrx_word' id='word_1_282' title='bbox 502 3555 618 3637; x_wconf 88' lang='lat' dir='ltr'>majora</span> <span class='ocrx_word' id='word_1_283' title='bbox 637 3557 745 3620; x_wconf 88' lang='lat' dir='ltr'>bellica</span> <span class='ocrx_word' id='word_1_284' title='bbox 767 3558 883 3636; x_wconf 87' lang='lat' dir='ltr'>decem,</span> <span class='ocrx_word' id='word_1_285' title='bbox 908 3567 1017 3642; x_wconf 74' lang='lat' dir='ltr'>praeter</span> <span class='ocrx_word' id='word_1_286' title='bbox 1038 3561 1303 3646; x_wconf 86' lang='lat' dir='ltr'>incomparabilem</span> <span class='ocrx_word' id='word_1_287' title='bbox 1328 3566 1510 3644; x_wconf 70' lang='lat' dir='ltr'>thesaurum</span> 
     </span>
     <span class='ocr_line' id='line_1_35' title="bbox 332 3650 1510 3734; baseline 0.012 -19"><span class='ocrx_word' id='word_1_288' title='bbox 332 3650 575 3734; x_wconf 80' lang='lat' dir='ltr'>quandoquidem</span> <span class='ocrx_word' id='word_1_289' title='bbox 588 3661 727 3718; x_wconf 74' lang='lat' dir='ltr'>conatam</span> <span class='ocrx_word' id='word_1_290' title='bbox 738 3655 820 3718; x_wconf 77' lang='lat' dir='ltr'>fama</span> <span class='ocrx_word' id='word_1_291' title='bbox 832 3654 942 3719; x_wconf 85' lang='lat' dir='ltr'>larebat</span> <span class='ocrx_word' id='word_1_292' title='bbox 957 3656 1097 3722; x_wconf 82' lang='lat' dir='ltr'>salarium</span> <span class='ocrx_word' id='word_1_293' title='bbox 1115 3660 1243 3724; x_wconf 75' lang='lat' dir='ltr'>militare</span> <span class='ocrx_word' id='word_1_294' title='bbox 1258 3662 1351 3726; x_wconf 90' lang='lat' dir='ltr'>trium</span> <span class='ocrx_word' id='word_1_295' title='bbox 1367 3665 1510 3728; x_wconf 83' lang='lat' dir='ltr'>mensium</span> 
     </span>
    </p>
   </div>
   <div class='ocr_carea' id='block_1_4' title="bbox 0 0 1618 4700">
    <p class='ocr_par' dir='ltr' id='par_1_6' title="bbox 0 0 1618 4700">
     <span class='ocr_line' id='line_1_36' title="bbox 0 0 1618 4700; baseline 0 2"><span class='ocrx_word' id='word_1_296' title='bbox 0 0 1618 4700; x_wconf 95' lang='lat' dir='ltr'> </span> 
     </span>
    </p>
   </div>
  </div>
 </body>
</html>
