3225 4700
485 335 886 403 ITINERARIUM.
1227 337 1291 400 415

131 487 269 550 Nomine
284 490 422 552 Ducatns
435 490 587 561 Dasmini,
603 491 646 553 D.
662 490 862 573 wolfgangus
877 489 1088 573 Sigismundus
1103 488 1253 550 Dominus
1268 488 1287 548 b

84 583 251 668 Ieiblfing
262 586 442 649 cathedralis
454 588 589 650 ecclesiis
598 587 824 650 Retisbnnensis
833 587 1007 659 cononicus,
1019 586 1165 648 Electoris
1176 586 1289 646 Bavari

81 682 282 744 consiliarius
293 683 408 746 aulicus
422 695 453 746 et
465 686 656 746 camerarius.

132 779 270 840 Nomine
297 781 503 865 Luneburgici
536 782 577 842 D.
607 781 761 843 Hauricus
788 779 1002 862 Langenbeolr,
1031 780 1074 841 D.
1103 781 1289 842 consiliarius

86 874 334 958 Lnneburgious.

134 970 271 1033 Nomine
292 972 431 1035 Ducatns
451 973 649 1049 Pomsraniae‚
669 973 821 1034 Dominus
843 973 1007 1034 Mattheus
1029 972 1242 1035 Weseubooius
1262 983 1291 1034 et

87 1067 135 1126 D.
152 1067 263 1129 'lobias
277 1068 431 1130 Oelhaven
446 1071 465 1130 a
479 1068 694 1131 Schellenbecb
710 1070 753 1130 D.

134 1165 271 1226 Nomine
285 1165 521 1240 Darmstadiani,
534 1165 576 1226 D.
587 1164 748 1248 Philippus
759 1165 934 1226 Lndnvicus
946 1165 1103 1234 Fabritius,
1114 1166 1156 1226 D.
1171 1176 1201 1227 et
1210 1166 1291 1229 Cau-

87 1259 236 1322 csllarius
258 1262 524 1338 Darmstadiensis,
550 1262 592 1323 D.
615 1263 751 1325 Joaunes
771 1262 908 1324 Jacobus
931 1261 1029 1323 Wolff
1048 1262 1067 1324 ὲ
1092 1263 1290 1325 Todenwsrth

89 1357 283 1419 consiliarius
301 1358 436 1434 intimus,
451 1358 494 1419 D.
511 1357 661 1442 Georgius
675 1358 812 1434 Titlsner,
828 1360 871 1420 D.
887 1359 1074 1421 consiliarius
1086 1369 1116 1422 et
1130 1359 1290 1444 Morpurgi
1315 1431 1317 1438 y

90 1455 245 1534 professor
253 1455 343 1535 juris.

136 1550 271 1612 Nomine
279 1550 406 1612 Abbatis
414 1550 671 1634 Weingardensis,
681 1551 722 1612 D.
734 1551 886 1634 Georgius
895 1551 1042 1613 Koberlin
1055 1551 1292 1615 Constantiensis

92 1647 414 1806 coNblbiblleanmitis
433 1744 452 1806 b
473 1745 686 1829 Fnrstenberg,
704 1747 746 1807 D.
765 1746 877 1808 Petrus
892 1745 1066 1808 Buschmau
1081 1746 1290 1810 cancellarius

94 1839 418 2000 coNblliiiiisoivitatis
434 1938 632 2009 coloniensis,
653 1938 696 1999 D.
711 1936 903 2000 Baltbasarb
919 1938 1068 2000 Miilheim
1085 1951 1114 2002 et
1130 1941 1290 2005 Gerwinns

94 2036 115 2094 a
129 2033 399 2117 Megnertzbagen,
418 2034 461 2095 D.
481 2045 512 2097 et
528 2034 660 2105 civitatis
673 2033 861 2096 Coloniensis
879 2035 1043 2115 respective
1057 2037 1164 2098 consul
1179 2047 1208 2099 et
1220 2060 1291 2120 syn·
1417 2073 1419 2078 ¹

95 2132 193 2193 dicus

139 2229 271 2291 Nomine
279 2226 410 2290 civitatis
418 2229 690 2310 Norimbergensis‚
700 2228 742 2288 D.
752 2229 776 2291 J
777 2249 888 2290 oannes
895 2229 918 2291 J
919 2230 1030 2291 acobus
1038 2231 1139 2292 Lstsel
1151 2233 1169 2292 ὲ
1180 2233 1292 2295 Kircb·

97 2325 314 2398 wittenbach,
327 2325 430 2388 Verba
443 2336 474 2388 et
487 2324 686 2388 Artelsboven
701 2337 822 2388 senator
837 2325 1109 2409 Norimbsrgensis,
1124 2329 1165 2390 D.
1181 2331 1290 2394 Tobios

100 2422 236 2484 Elbaven
249 2423 267 2483 b
281 2422 508 2497 Schellenbaob,
525 2423 567 2483 D.
582 2424 744 2484 advocatus
759 2424 1033 2505 Norimbergonsis.

141 2518 248 2581 Mense
265 2520 376 2581 Martio
393 2522 503 2583 Comes
520 2520 559 2581 de
577 2519 683 2601 Bruay
696 2520 845 2602 generalis
857 2520 994 2601 proxime
1007 2520 1094 2584 affuit
1110 2534 1143 2583 ut
1159 2544 1290 2604 pressen-

100 2615 248 2677 tissimum
261 2616 442 2697 csptivitatis
452 2626 482 2677 et
494 2615 566 2677 vitae
579 2615 744 2695 pericnlum
758 2616 865 2677 adiret.
907 2615 1111 2679 Constituerat
1128 2621 1240 2681 etenim
1253 2642 1291 2683 ex

99 2708 261 2790 improviso
278 2708 340 2769 una
358 2729 428 2770 oum
449 2708 567 2770 Saxone
588 2707 737 2769 Colonelli
758 2708 909 2773 Praefecto
929 2712 967 2773 de
987 2713 1157 2799 Calenberg
1177 2726 1290 2779 tentare

100 2816 204 2866 contra
217 2805 329 2867 Suecos
342 2806 578 2887 impressionem,
588 2804 701 2866 idcirco
715 2826 784 2866 cnm
794 2807 877 2869 mille
887 2809 1060 2891 quingentis
1068 2813 1152 2892 equis
1162 2816 1290 2877 statione

95 2901 153 2963 sni
166 2902 329 2983 egreditur,
344 2902 504 2983 Albimque
517 2902 646 2963 fluvium
659 2904 878 2985 transgreditur
887 2906 1077 2987 paucissimis
1088 2908 1290 2991 impressionis

101 3018 161 3059 suis
173 3018 310 3061 consens.

142 3096 204 3157 Hic
218 3095 374 3176 praemittit
387 3094 575 3157 Colonellum
588 3095 693 3179 Luttig
702 3117 770 3157 cum
786 3099 925 3161 trecentis
941 3103 1089 3183 equitibus
1105 3105 1290 3185 exploratum

102 3192 174 3273 quid
184 3201 214 3253 et
224 3193 273 3253 ubi
287 3192 376 3254 Sueoi
386 3202 519 3273 egerent,
533 3192 597 3274 ipse
607 3193 679 3253 verb
692 3192 814 3253 interim
829 3214 898 3254 oum
912 3196 1027 3279 reliquo
1045 3200 1139 3261 milito
1153 3200 1292 3263 sennen-

101 3292 199 3371 bergae
218 3289 345 3372 ignobili
364 3300 394 3350 et
414 3290 530 3350 deserto
552 3289 695 3350 suburbio
716 3290 862 3362 consistit,
883 3296 990 3373 partim
1012 3296 1163 3358 tantillum
1182 3300 1291 3379 quietis

25 3383 27 3391 ⁸
103 3386 199 3460 militi,
217 3397 248 3447 et
267 3385 409 3467 pabulum
428 3386 514 3465 equis
532 3384 715 3460 indulturus,
733 3386 844 3468 partim
857 3401 939 3451 certa
956 3392 1069 3453 nuncia
1085 3393 1123 3453 ab
1139 3394 1291 3458 emissario

25 3503 27 3532 ι
103 3482 194 3543 milite
207 3484 246 3545 de
260 3482 343 3545 hoste
356 3493 574 3563 expectaturus.
612 3483 742 3544 Aberrat
753 3483 867 3545 interea
877 3484 1049 3549 Colouellus
1060 3488 1176 3573 Luttig,
1187 3511 1244 3553 neo
1258 3494 1290 3553 in

103 3600 189 3661 quem
202 3580 309 3641 misem
323 3589 386 3641 erut
398 3579 490 3640 finem
503 3578 680 3658 assequitur.
723 3580 796 3641 Non
811 3582 909 3662 potuit
922 3581 978 3645 boo
994 3584 1086 3647 latere
1101 3585 1222 3659 Succos.
1237 3595 1290 3669 qui

104 3676 156 3757 ipsi
168 3696 236 3737 cnm
250 3676 386 3757 pluribus
399 3676 535 3757 equitum
549 3676 656 3736 turmis
668 3686 773 3738 contra
787 3676 885 3739 hostes
898 3700 965 3741 suos
978 3694 1162 3763 promovent,
1175 3696 1205 3746 et
1218 3688 1292 3767 quis
