3225 4700
328 352 393 419 220
713 332 1127 405 JTINERARIUM.

330 498 422 561 ermis
434 496 547 559 viribne
560 492 632 569 ruis,
647 490 770 555 tutiores
780 498 849 572 poet
858 486 916 550 heo
925 496 1061 570 egerent,
1073 495 1106 549 et
1115 504 1169 568 per
1177 484 1236 547 hoe
1244 486 1393 548 unicum
1409 480 1558 559 medinm,

332 616 365 659 ee
378 616 447 658 onm
465 592 585 656 efflictis
602 601 633 653 et
646 586 762 651 mineris
780 585 848 647 nliie
862 584 998 657 statibus,
1012 582 1044 644 in
1061 592 1249 645 constantem
1267 580 1557 663 tranquillitatem,

332 691 432 773 quood
445 710 540 772 neque
552 688 620 751 fieri
633 694 741 769 posset,
754 694 785 746 et
796 692 965 763 tempomm
976 679 1095 762 injuriae
1109 679 1339 762 permitterent,
1355 688 1556 760 reponerent

333 788 376 851 Et
394 786 537 869 qnoniam
554 784 695 847 Proet'etoe
714 790 821 843 tnrmae
840 778 1010 841 nullatenus
1024 777 1103 838 inter
1120 776 1339 859 depredentin
1356 774 1497 857 agmine
1508 776 1556 835 ed·

333 883 425 959 eoribi
433 890 567 964 pomum,
576 880 619 942 nte
625 897 749 942 omnmo
755 875 878 939 confido
885 883 1014 937 veetrnm
1025 871 1243 935 Exoellentiam
1252 872 1409 954 reliquos
1420 872 1556 953 eeptiroe

333 1000 371 1041 ex
385 979 452 1041 istie
475 978 569 1059 copiis
583 977 674 1059 jnxtn
692 974 874 1085 promieeum
892 970 1047 1053 proprium
1068 981 1100 1033 et
1118 978 1207 1054 prote
1224 970 1306 1051 jure
1332 968 1425 1030 inter
1446 966 1554 1028 milites

332 1076 450 1152 unitate,
465 1094 526 1137 non
539 1082 662 1157 gravate
675 1048 925 1135 memineram.
958 1065 1087 1139 Quodn
1099 1087 1185 1129 neone
1195 1074 1313 1148 praeter
1324 1084 1462 1127 omnem
1475 1084 1552 1146 spen

333 1192 432 1234 meam
444 1170 513 1233 fieri
527 1168 723 1233 Excellentiae
735 1177 843 1229 vernn
856 1166 996 1248 plnoeret
1039 1164 1189 1245 Cepiendi
1206 1172 1277 1245 poet
1298 1160 1366 1223 hee
1387 1163 1432 1224 de
1449 1161 1553 1223 vestris

333 1276 367 1329 nt
378 1268 507 1331 e1m1lem
520 1275 628 1329 sortem
646 1272 803 1345 expectent
821 1263 995 1326 eonelnenm
1015 1264 1103 1325 nobie
1121 1270 1176 1325 ert
1216 1259 1396 1333 Quantum
1423 1259 1498 1320 vero
1514 1257 1550 1317 ed

333 1362 448 1426 erimen
460 1361 632 1444 impositum
646 1358 847 1421 Generalibne
853 1359 920 1441 jnm
933 1378 1013 1441 eaepe
1025 1359 1103 1421 dieti
1115 1376 1279 1421 ennomus
1294 1356 1333 1417 in
1348 1366 1486 1435 utroque
1501 1374 1550 1414 ex·

332 1460 439 1532 ereitn,
452 1478 485 1521 ee
498 1476 560 1519 non
569 1456 666 1519 mnlto
678 1464 745 1539 poet
754 1455 812 1538 ipsi
822 1454 861 1517 de
871 1476 908 1517 eo
916 1458 1097 1541 pnrgnbunt
1133 1454 1229 1518 Hinoe
1241 1474 1307 1536 ego
1317 1450 1546 1514 Exeellentnn

333 1563 473 1622 ventrem,
486 1551 543 1614 loo.

375 1649 490 1711 Datum
504 1668 542 1710 ex
557 1647 695 1711 Suedieis
708 1648 814 1713 cestrie
829 1650 876 1709 12.
889 1648 913 1712 J
915 1650 980 1711 unii
992 1648 1085 1711 Anno
1101 1650 1188 1710 1640.

1052 1762 1205 1841 officiam
1219 1760 1338 1822 serem

1169 1874 1324 1938 Jonnnm
1339 1875 1504 1937 Bnnnrnn.
1555 1884 1562 1895 ‘

847 2026 1001 2112 coen,

344 2166 487 2242 Rerponei
505 2163 626 2224 Comitir
638 2163 812 2223 Pioolomini
826 2167 868 2224 ad
880 2168 1042 2244 superiores
1058 2168 1214 2228 Generalis
1226 2169 1378 2230 Bonnirii
1392 2170 1534 2229 Litteras.

383 2293 569 2357 Perillnetrie
582 2313 618 2355 eo
631 2292 780 2376 imprimis
792 2292 918 2358 colende
933 2295 1065 2359 Domine
1076 2294 1280 2360 Mnreeohnlle
1294 2298 1422 2382 Campi,
1436 2299 1491 2360 iro.

425 2408 653 2472 ESTERNAS
677 2416 789 2473 vennas
809 2411 924 2492 neeepi,
944 2429 1108 2491 enrnmqne
1125 2431 1245 2474 senem
1266 2413 1394 2475 abunde
1412 2410 1539 2494 pereepi.

446 2504 596 2586 certoque
609 2506 667 2568 eibi
679 2507 869 2588 pereundent,
881 2506 1000 2569 nnllnm
1013 2527 1070 2569 nee
1082 2507 1115 2568 in
1129 2507 1325 2572 cancellaria
1339 2519 1443 2572 noetm
1452 2508 1537 2570 need

337 2601 502 2664 secretorio
516 2603 565 2664 vel
578 2602 722 2685 scriptore
735 2603 931 2674 commissum
943 2615 1006 2666 eene
1019 2623 1162 2681 errorem,
1177 2605 1204 2666 ir
1216 2606 1304 2668 enim
1322 2627 1383 2670 nee
1398 2607 1467 2690 plne
1483 2625 1534 2666 neo

333 2699 445 2776 mione,
466 2719 557 2780 quem
576 2699 595 2761 i
615 2719 664 2760 me
686 2699 864 2762 mntnrrimo
883 2701 1010 2763 coneilio
1030 2701 1089 2782 ipei
1107 2702 1288 2766 mnndntnrn
1306 2704 1408 2768 fueret
1427 2703 1533 2765 ehertae

334 2795 566 2872 commendavit,
591 2796 740 2877 siqnidem
762 2815 812 2857 me
833 2797 865 2858 in
885 2797 1023 2859 oonenlto
1041 2797 1119 2860 nihil
1138 2800 1313 2881 expeditne.
1356 2799 1447 2873 Quod
1466 2819 1531 2861 vero

333 2892 488 2975 hueusque
501 2891 560 2953 hoe
573 2901 619 2958 ent
630 2891 670 2954 ed
683 2901 790 2954 verne
804 2893 1002 2958 Excellentioe
1015 2895 1056 2958 ed
1068 2916 1117 2958 me
1131 2896 1217 2959 detor
1228 2897 1350 2960 litteren
1363 2918 1424 2959 non
1437 2894 1530 2958 eredi-

334 2988 432 3054 derim
444 2988 688 3070 conjunctionem
703 2987 976 3056 Brnnenioeneinm
987 3002 1020 3054 et
1033 2992 1317 3077 Lnneburgienrnm
1336 3014 1373 3056 ee
1391 2993 1529 3056 Hierion·

334 3105 403 3148 rnm
416 3084 581 3168 eopinrnm.
623 3083 703 3152 Haeo
723 3085 782 3148 fuit
798 3086 886 3163 ratio,
906 3089 979 3170 qnia
994 3086 1084 3172 longe
1101 3087 1186 3151 eliud
1205 3098 1419 3152 neeeonrnrnnt
1435 3089 1527 3148 Lune-

334 3183 453 3264 bnrgioi
466 3191 498 3272 et
514 3182 635 3245 Heeeiei
650 3182 758 3266 Legati
771 3183 803 3244 in
824 3193 975 3246 conventu
993 3184 1109 3247 Norico
1126 3205 1224 3267 nnper
1236 3207 1294 3271 pro
1308 3182 1524 3267 nenqnillnndo

336 3279 469 3360 Imperio
489 3278 629 3352 Romam
646 3279 794 3353 institute,
814 3279 899 3359 qnod
919 3280 1016 3361 iprum
1037 3301 1157 3364 qnoque
1166 3285 1234 3364 jem
1254 3294 1326 3346 ente
1346 3284 1422 3346 dnoe
1438 3297 1525 3342 ennon

336 3372 410 3462 an
421 3373 653 3439 Brnnenioeneie
665 3384 696 3439 et
710 3373 952 3458 Lnnebnrgeneie
964 3377 1093 3440 Viennae
1105 3379 1138 3440 in
1150 3380 1312 3443 feudorum
1324 3375 1521 3461 imperialium

335 3470 539 3554 acceptatione
561 3481 664 3536 eenole
683 3470 835 3556 pollicitus
859 3471 967 3536 fueret.
1016 3473 1101 3547 Quid
1121 3495 1194 3539 vero
1213 3477 1347 3560 proefetae
1370 3471 1519 3550 Principes

335 3567 454 3632 Domm
473 3587 572 3632 conen
591 3569 720 3636 hebent
737 3569 777 3632 ed
794 3576 857 3632 tom
874 3569 1072 3653 perienloeem
1085 3582 1117 3635 et
1129 3573 1293 3654 plurimum
1311 3573 1448 3635 Romeno
1459 3566 1517 3625 Im·

333 3665 415 3745 perio
428 3665 638 3749 hportentem
652 3675 757 3730 contre
770 3664 921 3731 Oaeenrem
932 3667 1099 3751 legitimum
1111 3690 1198 3734 sunm
1208 3681 1298 3753 eaput
1308 3661 1516 3748 suscipiendam
