3225 4700
325 331 383 393 108
715 320 1120 389 lTINERARIUM.
1238 320 1244 329 ‘

322 500 506 543 summorum
514 464 767 557 infimorumquet
788 478 894 558 plausu
903 476 1023 559 Regina
1034 474 1202 557 Hungarioe
1215 482 1260 536 est
1269 481 1420 549 coronata,
1433 482 1528 557 post-
1591 505 1593 578 p

323 596 413 657 qnam
425 596 528 638 omues
542 574 712 658 Huugariae
725 582 819 635 status
831 574 872 635 ad
885 572 1046 635 Generalia
1057 571 1144 655 regni
1159 570 1290 634 Comitia
1302 570 1429 632 fuissent
1442 591 1525 681 evo:
1591 583 1593 690 p

322 672 400 733 satit
423 673 544 734 Dehine
564 672 666 735 Caesar
687 671 821 754 Pragam
837 670 928 731 abiit:
950 669 1109 731 Generalis
1124 666 1229 730 Gallus
1246 676 1313 749 post
1328 667 1418 749 hujus
1439 687 1526 727 anm

322 769 419 831 varias
429 780 532 830 eontra
544 768 643 831 hostes
652 767 866 848 expeditiones,
874 774 1030 847 postquam
1039 763 1216 827 omnialoca
1225 764 1526 825 reeensadrersariis

323 874 425 946 erepta
437 864 650 927 sufficientibus
662 862 810 945 praesidiis
823 860 982 936 munierat,
993 862 1144 923 Caesareas
1154 860 1254 942 copias
1265 860 1298 920 iu
1307 861 1406 921 varios
1418 860 1526 922 duea-
1591 865 1592 930 g

322 968 370 1021 tus
379 982 434 1042 pro
444 961 584 1041 hybernis
593 962 718 1043 partitus
728 968 783 1021 est.
812 958 852 1018 In
861 957 1005 1019 ducatum
1019 956 1165 1018 Holsutioe
1173 956 1270 1017 varias
1278 957 1362 1017 misit
1368 954 1521 1039 legiones,

325 1056 408 1117 Duei
421 1056 593 1120 Florentino
604 1056 786 1137 assignatum
796 1064 842 1115 est
851 1054 1032 1115 territorium
1045 1053 1218 1126 Bremense,
1228 1053 1322 1133 quiin
1332 1074 1368 1115 eo
1377 1074 1415 1114 ne
1425 1054 1521 1113 deses
1591 1115 1592 1126 ,

322 1163 398 1214 esset
410 1152 527 1235 hospes,
541 1154 688 1214 munitam
703 1170 814 1224 arcem,
829 1149 960 1230 expulsis
971 1150 1043 1211 inde
1057 1149 1173 1222 Saeuis,
1185 1150 1354 1231 occupavit.
1395 1150 1521 1211 Comiti

323 1250 361 1311 de
384 1250 521 1332 Ridberg
543 1249 714 1330 obtigerunt
737 1247 968 1309 Brunsrieausis
985 1255 1016 1307 et
1037 1246 1279 1329 Luneburgensis
1298 1247 1408 1328 aliique
1425 1248 1518 1329 adja-

323 1354 423 1407 centes
438 1346 605 1419 oomitatus‚
624 1343 691 1405 aliis
714 1353 867 1405 cesserunt
886 1342 1132 1426 Hamburgenses
1148 1352 1180 1404 et
1201 1344 1387 1406 Lnbeeenses
1409 1352 1516 1405 tem.

323 1440 414 1502 Golta
422 1440 722 1521 Arcbiepiseopatum
734 1440 1000 1523 Mogontinensem
1010 1449 1041 1502 et
1054 1439 1083 1501 ei
1093 1439 1310 1501 vicinioralooo
1323 1440 1444 1501 sortitus
1452 1451 1515 1516 est,

323 1536 622 1617 Mechleburgensem
634 1536 788 1598 Donatum
801 1535 931 1597 obtinuit
940 1536 1098 1597 Generalis
1111 1535 1283 1618 vigiliarum
1294 1536 1442 1619 Magister
1455 1536 1515 1598 Sa·

320 1632 368 1702 lis,
383 1633 434 1693 oui
447 1633 605 1693 commissa
618 1653 691 1694 eura
704 1634 911 1716 supprimendi
924 1644 955 1695 et
966 1634 998 1695 in
1011 1633 1110 1695 officio
1127 1634 1301 1694 continendi
1317 1634 1513 1706 Bannirium‚

320 1731 345 1791 si
353 1730 787 1811 quatentasseterigereoaput.
816 1730 913 1791 Nobis
920 1728 1170 1811 proficiscendum
1179 1730 1236 1790 fuit
1246 1730 1513 1813 Daunenbergam.

322 1826 372 1885 nbi
392 1846 461 1885 eum
479 1825 675 1887 tenuissemus
692 1844 803 1907 paucos
820 1826 895 1900 dies,
909 1825 1136 1909 Wolfsburgum
1152 1826 1353 1900 transivimus,
1371 1838 1460 1910 atque
1479 1830 1514 1889 iu

320 1921 459 1983 desolatis
471 1921 556 2004 pagis
565 1922 649 1983 omni
661 1922 793 1983 humans
801 1942 858 2005 ope
867 1921 1026 1995 destitutis,
1038 1921 1183 2003 hospitari
1191 1922 1287 1983 eoacti
1298 1942 1402 1984 sumus
1416 1944 1515 2005 usqne

320 2018 361 2079 ad
383 2018 519 2098 quintam
540 2019 689 2079 decimam
710 2018 837 2098 Aprilis,
853 2036 914 2098 qna
935 2018 985 2079 die
1003 2037 1073 2078 cnm
1090 2018 1182 2080 fama
1202 2038 1257 2080 nos
1274 2019 1330 2081 diu
1347 2022 1515 2102 pressisset,

323 2114 526 2195 Brunsvigam
544 2116 692 2176 movimus
709 2114 862 2176 civitatem
883 2112 1014 2194 amplam
1031 2126 1061 2175 et
1075 2115 1236 2194 spatiosam
1251 2117 1363 2197 optime
1382 2118 1516 2179 eircum-

320 2210 480 2272 rallatsm:
502 2212 613 2273 dicitur
628 2212 692 2273 baee
710 2214 782 2274 urbs
798 2212 817 2272 b
838 2212 983 2273 Brunoue
999 2212 1130 2292 quodam
1146 2214 1211 2293 ejus
1229 2214 1383 2275 conditore
1399 2234 1513 2275 nomen
1591 2243 1592 2252 ¹

320 2306 440 2383 babere,
458 2317 665 2389 exstructaque
682 2329 744 2371 esse
761 2310 853 2370 Anno
866 2315 934 2390 post
955 2306 1109 2370 Christum
1124 2329 1215 2390 supra
1228 2308 1513 2392 octingentesimum

321 2404 505 2485 sexagesimo
526 2405 640 2486 primo;
663 2405 744 2466 cirea
766 2405 819 2467 has
840 2415 936 2486 partes
960 2406 1035 2468 duas
1059 2408 1152 2486 prope
1172 2407 1353 2488 septimanas
1376 2418 1511 2469 nostram

320 2501 569 2562 contributionem
587 2501 790 2582 pecuniariam
808 2503 1041 2583 expectavimus.
1083 2502 1289 2564 Inhumanum
1299 2501 1392 2583 :nobis
1405 2506 1514 2587 impri-

321 2597 378 2658 mis
401 2597 499 2658 visum
515 2606 569 2673 est,
587 2597 669 2677 qnod
690 2618 760 2660 oum
778 2598 852 2659 Dux
871 2597 1065 2681 Brunsvigiae
1086 2607 1117 2659 et
1131 2599 1306 2684 Luneburgi
1324 2621 1425 2662 ooram
1442 2604 1513 2664 istie

321 2695 446 2769 adesset,
461 2693 537 2754 nibil
555 2694 640 2754 nobis
653 2694 670 2754 ὲ
684 2694 805 2756 civitate
817 2695 867 2756 vel
879 2696 911 2756 in
927 2715 1070 2782 equorum
1084 2695 1133 2756 vel
1146 2695 1179 2756 in
1196 2695 1352 2758 bominum
1365 2709 1513 2761 sustenta·

320 2790 432 2852 tionem
446 2790 626 2853 dimitteret:
647 2791 701 2852 sed
714 2799 745 2851 st
762 2791 999 2853 ansvioenses
1014 2793 1118 2854 rustici
1136 2793 1259 2873 impune
1273 2802 1407 2855 nostrum
1420 2795 1514 2858 infes-

321 2889 425 2948 tabant
437 2886 573 2963 militem,
589 2896 619 2948 et
631 2887 656 2948 si
670 2906 745 2967 quos
761 2885 839 2948 solos
856 2888 1128 2970 deprehendebant,
1147 2888 1254 2951 miseri
1271 2899 1367 2952 morte
1384 2891 1512 2954 muleta-

321 2984 404 3058 bant,
424 2984 500 3045 adeo
516 2993 550 3045 ut
567 3005 623 3045 nee
647 2984 718 3066 ipsis
735 2983 887 3045 officiariis
901 2994 1067 3067 parcerent,
1080 2985 1106 3046 si
1123 3005 1198 3066 qnos
1218 2987 1303 3068 panis
1321 2987 1439 3068 aliquid
1459 3000 1513 3052 aut

321 3079 425 3142 fanum
438 3080 479 3141 ad
492 3081 607 3141 victum
620 3081 794 3142 necessariae
811 3081 982 3161 quaesivisse
995 3082 1168 3162 reperirent,
1183 3085 1264 3145 unde
1279 3083 1392 3145 factum
1406 3096 1463 3162 est,
1478 3098 1512 3149 ut

321 3177 338 3236 ὲ
351 3175 495 3239 militibus
507 3175 641 3258 plurimi,
655 3177 734 3240 fame
748 3187 778 3240 et
791 3176 924 3240 extremi
936 3179 1111 3242 necomitam
1123 3177 1467 3265 cogente,‹liffugerent.
