3225 4700
487 270 893 394 JTINnRARI'UM.
1218 330 1278 395 193

82 462 249 560 interjecto
262 486 395 561 tempore
408 476 510 539 omnia
522 478 648 542 dissidia
663 479 741 543 inter
753 488 911 560 vtramque
927 478 1170 562 coronamcertis
1182 480 1278 560 pactis

81 574 253 655 composita
265 582 345 635 sunt.

131 670 174 731 Iu
189 670 341 733 sabaudie
353 689 470 751 quoque
484 670 592 733 Gallus
608 680 712 733 contm
730 671 883 753 Hispanos
896 670 1014 754 magnis
1030 668 1145 733 viribus
1162 671 1278 753 egebat,

83 766 310 846 dissidebatque
334 766 503 829 Sabaudica
527 766 633 828 domus
658 768 835 849 capitalibus
861 767 950 828 odiis.
1002 766 1133 829 Ducissa
1156 767 1277 830 Gallico

85 860 240 923 Presidio
249 881 332 921 stram
342 862 373 922 in
387 861 541 923 Ducatum
551 862 767 924 restitutionem
777 862 901 934 fidebat,
910 862 1057 944 Princeps
1066 882 1138 925 vcro
1147 862 1278 925 'l'homas

86 955 225 1017 defuncti
247 956 344 1018 Ducis
367 956 524 1019 Sabaudiae
548 958 638 1019 frater
660 959 842 1029 Germanus,
867 958 1073 1039 Hispanorum
1095 977 1151 1040 ope
1174 958 1276 1035 frctus,

85 1060 209 1113 strenue
222 1052 254 1113 in
269 1053 374 1114 Gallos
392 1052 465 1128 ibat,
483 1062 555 1115 tunc
573 1054 714 1129 maxime,
732 1074 802 1115 cnm
818 1053 1028 1115 Marchiouem
1044 1052 1082 1114 de
1096 1054 1231 1135 Ieganes
1245 1054 1277 1115 in

87 1147 236 1208 auxilium
257 1148 359 1210 venire
380 1148 522 1223 audisset,
544 1148 777 1211 Mareschallum
796 1150 906 1231 Campi
924 1148 1049 1211 Gallum
1070 1148 1221 1211 Comitem
1239 1151 1278 1211 de

90 1242 277 1305 Harrecourt
297 1244 329 1304 in
353 1245 443 1306 certis
463 1244 609 1326 angustiis
630 1245 877 1327 comprehensum
898 1245 941 1307 ita
958 1244 1147 1319 constrinxit,
1164 1254 1200 1306 ut
1220 1244 1280 1305 uisi

89 1338 246 1419 desperati
257 1358 360 1421 pugna
373 1350 510 1415 certaret,
524 1339 656 1422 effugere
671 1340 755 1403 nullo
770 1341 860 1402 modo
877 1350 986 1421 posset.
1026 1340 1118 1413 Quod
1131 1361 1201 1402 cum
1215 1352 1281 1403 tan·

90 1434 161 1497 dem
175 1433 303 1497 Gallicas
316 1435 410 1515 copiae
424 1436 521 1497 facere
535 1436 762 1512 conclusissent,
771 1436 916 1519 eligentes
928 1436 1057 1519 gloriosd
1066 1436 1166 1521 potius
1175 1437 1281 1510 emori,

91 1550 181 1611 quam
195 1530 313 1593 desides
321 1533 508 1593 occumbere.
529 1532 582 1593 Ad
591 1552 675 1593 arma
684 1532 776 1613 igitur
789 1534 923 1595 certatim
934 1533 1104 1605 convolant,
1113 1532 1281 1613 clausisque

92 1627 174 1707 quod
186 1626 271 1687 aium
283 1628 378 1689 oculis
393 1628 560 1709 Hispanico
573 1628 695 1711 agmina
708 1627 811 1690 oaesim
825 1629 971 1710 punctim,
988 1649 1049 1709 quo
1062 1629 1191 1711 impetus
1205 1629 1282 1691 ferc-

32 1750 36 1762 ·
91 1726 154 1798 bat,
168 1735 334 1806 pensuram,
349 1736 438 1807 atque
452 1726 505 1799 ita,
515 1746 574 1787 non
589 1740 689 1787 tamen
700 1725 764 1787 siue
776 1723 889 1807 insigni
898 1743 1020 1785 suorum
1030 1724 1127 1798 clade,
1137 1726 1281 1788 evadunt

94 1822 167 1883 Hac
180 1822 211 1882 in
225 1841 326 1903 pugna
339 1840 430 1902 supra
442 1842 533 1902 quam
549 1821 640 1882 scribi
655 1820 747 1902 possit
766 1820 882 1882 fortiter
894 1840 926 1881 se
938 1818 1044 1881 habuit
1057 1821 1195 1902 egregius
1210 1820 1283 1882 Gal·

92 1916 192 1978 lorum
203 1917 418 1999 Gampiductor
432 1917 628 1989 Harrceourt,
639 1918 691 1997 qui
704 1918 736 1978 iu
750 1918 849 1999 prima
860 1935 978 1997 semper
989 1914 1063 1990 acie,
1075 1915 1128 1975 ubi
1140 1915 1281 1996 proelium

93 2012 229 2074 fervebat
244 2014 372 2075 maxime
390 2024 426 2075 ut
438 2015 538 2076 virum
552 2014 675 2075 decebat
688 2012 852 2074 masculum
866 2010 1041 2083 decertavit,
1056 2030 1093 2073 cc
1105 2010 1176 2074 licet
1189 2012 1284 2093 pluri-

96 2128 163 2169 mos
182 2128 301 2169 morum
318 2109 375 2171 hoc
391 2109 534 2172 conflictu
550 2108 724 2191 perdiderit,
741 2108 804 2189 ipse
822 2108 1015 2169 nihilominus
1030 2107 1130 2169 salvus
1144 2128 1215 2169 cnm
1230 2125 1286 2189 po·

96 2203 218 2267 timimis
232 2189 388 2267 Gallorum
399 2206 505 2267 turmis
515 2204 621 2268 evasit.
656 2202 878 2284 Impedimcnta
890 2203 992 2265 omnia
1001 2203 1194 2279 Francorum,
1208 2204 1284 2267 His·

97 2320 241 2382 pacorum
265 2300 376 2383 prmdm
399 2311 561 2376 cesserunt,
583 2300 778 2363 instrumenta
800 2299 874 2360 item
893 2298 1002 2361 bellica
1021 2299 1130 2381 partim
1151 2298 1283 2383 Hispani

97 2399 299 2470 obtinuerunt,
324 2417 429 2458 currus
454 2416 571 2478 quoque
597 2397 753 2478 ipsiusmet
779 2395 908 2457 Comitis
934 2396 973 2458 de
999 2397 1195 2467 Harrecourt,
1222 2418 1285 2478 qno

96 2503 237 2574 argentes
254 2494 318 2573 ejus
336 2491 489 2574 suppellex
501 2491 665 2555 vehebatur
679 2492 886 2573 Hispanorum
899 2491 957 2553 fuit
970 2491 1115 2574 spolium:
1136 2492 1200 2574 ipse
1212 2514 1286 2556 vero

97 2609 166 2650 cum
184 2587 245 2648 suis
262 2585 439 2650 effusissima
459 2587 533 2670 finge
555 2586 764 2670 Pignorolium
786 2586 951 2649 contendit.
992 2588 1074 2652 Haec
1093 2587 1219 2650 viatoria
1235 2610 1284 2652 res

99 2684 250 2765 Hispanas
263 2682 391 2746 multum
410 2683 568 2764 promovit,
587 2681 729 2762 auxitque
746 2683 863 2744 animos
879 2682 985 2744 militis
1002 2683 1110 2744 mirum
1124 2692 1282 2764 quantum,

96 2781 172 2842 adeo
192 2788 227 2841 ut
247 2777 386 2840 Mar-chio
403 2779 443 2840 de
463 2779 598 2861 Ieganes
616 2777 721 2840 Casula
742 2779 879 2841 obsidere
901 2778 978 2840 serio
1000 2779 1180 2850 decreverit3
1200 2780 1282 2861 quod

97 2885 195 2938 mmen
209 2884 311 2956 postes
322 2877 360 2936 ob
376 2875 460 2937 varia
473 2873 639 2936 incidentia
657 2873 872 2957 impedimenta
885 2875 916 2937 in
933 2873 1135 2937 commodiora
1149 2886 1283 2958 tempore

97 2971 211 3035 differri
224 2971 339 3034 debuit.
