3225 4700
475 363 876 434 ITINERARIUM.
1223 361 1265 425 27

72 507 142 590 lmn
157 511 251 593 “ptis
264 515 403 595 operibus
419 517 622 600 expulsurum.
664 520 742 593 Quse
759 519 882 602 quidem
895 517 996 579 omnia
1007 516 1109 578 audita
1119 513 1266 587 suntsed

78 605 225 684 quoniam
239 608 302 690 ipse
315 619 456 674 externus
470 623 534 676 erat
546 616 595 676 eui
606 635 641 678 ea
653 615 718 678 laus
730 616 768 678 ab
782 614 849 676 aliis
861 613 1061 688 invidebatur,
1072 611 1221 694 negirunt
1232 609 1267 670 id

78 699 147 762 lieri
161 703 226 764 ullu
240 704 354 768 ratione
367 728 471 789 posse:
500 711 620 772 interim
639 721 739 773 tamen
754 711 842 773 elteri
855 729 922 771 eam
942 728 1044 769 euram
1064 705 1266 779 committunt,

77 797 132 876 qui
146 799 201 859 rix
214 799 364 863 incautior
381 825 538 887 aggressus
555 806 669 868 hostem
685 806 807 888 globulo
825 805 964 887 plumbeo
979 802 1136 881 trajicitur,
1156 801 1267 861 milites

78 893 153 954 verb
168 895 228 976 ipsi
241 897 365 959 comites
387 899 406 960 d
424 901 618 963 Gustsvianis
633 901 830 964 circumventi
850 899 1033 982 potissimam
1047 908 1161 978 partem
1174 895 1268 976 perie-

79 999 166 1064 runt,
176 992 312 1070 psueulis
325 996 467 1076 exeeptis,
482 997 534 1078 qui
548 997 711 1078 palabundi
721 997 816 1058 cledis
828 995 933 1058 nuncii
945 996 977 1056 in
986 995 1091 1055 urbem
1104 991 1267 1054 redierunt.

80 1083 252 1147 Ouariani
264 1087 296 1147 in
317 1090 390 1151 urbe
409 1093 586 1172 proesidiarii
604 1093 686 1154 omni
704 1102 787 1154 metu
806 1101 941 1172 expertes
960 1090 1063 1150 secure
1079 1097 1152 1150 tuno
1169 1086 1271 1169 epula·

81 1181 205 1257 bantur,
221 1203 291 1244 eum
304 1183 477 1247 waltherus
491 1187 599 1250 Butler
611 1208 674 1250 sese
688 1187 764 1249 hosti
778 1207 927 1269 opponere
941 1185 1023 1247 omni
1036 1191 1144 1245 oonatu
1159 1181 1273 1242 annite-

82 1277 194 1338 batur:
222 1298 279 1340 nee
295 1280 404 1342 minori
428 1282 554 1345 audaeid
574 1284 701 1346 sssultus
724 1285 835 1346 dabam
848 1285 1016 1345 Sueeorum
1029 1279 1160 1364 agmine,
1173 1277 1274 1359 quoad

82 1373 211 1434 tandem
232 1383 331 1438 tantos
351 1380 467 1440 animos
480 1379 512 1442 in
536 1380 712 1442 Butlerisuo
732 1381 829 1442 milite
849 1380 902 1440 vix
921 1378 1082 1459 capientes,
1105 1374 1271 1456 inquirunt,

82 1469 154 1547 quis
179 1469 304 1532 Duoum
322 1493 390 1534 eum
411 1474 511 1536 loeum
530 1485 592 1538 tum
609 1476 800 1557 pertinaciter
817 1475 1000 1551 defenderet,
1017 1491 1146 1552 eumque
1168 1469 1273 1531 Sootos

85 1562 274 1646 lbernosque
301 1568 521 1646 intellexerunt,
546 1593 577 1634 se
598 1593 725 1654 suosque
747 1571 981 1634 machinationes
1000 1569 1060 1630 alib
1087 1572 1272 1628 amoremnt.

87 1659 161 1722 Nou
179 1663 262 1724 stetit
277 1676 375 1726 tamen
392 1665 443 1728 hle
463 1669 672 1750 oppugnatio:¹
694 1670 750 1730 sub
771 1678 908 1748 quartam
923 1667 1004 1728 enim
1026 1662 1273 1746 pomeridianam,

84 1775 160 1816 eum
184 1757 278 1820 bostis
298 1771 414 1824 nostros
434 1764 506 1825 vino
530 1764 687 1826 incaluisse
710 1763 841 1846 plurimo
857 1762 1030 1832 audivisset,
1050 1759 1183 1820 animose
1203 1755 1276 1817 alibi

84 1854 319 1916 eonseendeudo
336 1856 417 1918 vella
437 1859 584 1921 masculos
606 1860 690 1922 dedit
711 1859 849 1920 assultus.
889 1857 1028 1918 Aderant
1050 1853 1100 1914 isti
1121 1852 1189 1912 loeo
1210 1860 1276 1912 tum

87 1947 168 2008 sorte
190 1949 259 2012 duae
282 1951 425 2034 legiones,
445 1972 512 2035 quse
534 1975 605 2017 eum
626 1955 790 2016 mistendo
814 1973 900 2034 pares
923 1951 1001 2012 hosti
1023 1969 1085 2010 uon
1106 1955 1214 2021 essent,
1236 1946 1277 2006 ad

90 2042 215 2104 Butleri
223 2065 322 2127 opera,
331 2048 447 2110 deserit
456 2051 550 2112 reteri
563 2051 688 2112 statione
701 2053 847 2111 recessere
857 2070 866 2109 t
884 2067 958 2128 quos
967 2047 1102 2108 hostesne
1114 2063 1153 2104 en
1167 2041 1279 2104 urnioos

88 2159 157 2200 esse
178 2159 250 2202 eum
270 2141 422 2225 ignoraret
445 2146 562 2222 Butler,
584 2157 673 2228 utque
692 2147 712 2207 b
732 2146 867 2206 i'ribuno
885 2144 978 2206 Wedt
999 2143 1090 2205 Sooto
1110 2141 1277 2213 deessem,

89 2235 367 2300 emmonius
382 2261 455 2316 esse,
475 2242 634 2323 imperavit
651 2243 739 2304 etiam
762 2243 793 2303 in
815 2242 894 2323 ipsos
915 2239 1068 2322 ejaculari‚
1080 2237 1229 2317 missoque
1246 2236 1279 2295 in

88 2352 198 2393 eorum
209 2354 384 2398 sueeursum
398 2337 481 2400 dieto
494 2337 627 2399 Tribuno
638 2358 707 2399 eum
716 2338 871 2420 manipulo
885 2335 1145 2418 Solopeturiorum,
1157 2331 1280 2395 timida

89 2428 210 2489 animos
220 2428 260 2489 ed
274 2450 405 2513 pugnam
418 2436 570 2496 revocavit
582 2454 617 2495 ao
631 2434 723 2495 hostis
735 2435 880 2516 impetum
892 2454 953 2495 non
966 2433 1031 2493 sine
1042 2430 1280 2493 adverssriorurn

91 2524 242 2603 sanguine
260 2526 387 2588 viriliter
406 2530 555 2610 repressit.
604 2528 669 2590 Sed
689 2550 759 2590 mox
779 2529 898 2591 reiectis
914 2528 1058 2609 nntisper
1075 2526 1189 2587 viribus
1207 2524 1282 2586 Sue·

92 2618 175 2681 dicte
199 2618 331 2702 legiones
348 2632 452 2685 eontra
467 2634 581 2686 nostros
599 2625 699 2686 denuo
718 2625 915 2697 insurrexere,
934 2624 1155 2705 majoribusque
1173 2620 1281 2681 animis

93 2726 264 2798 pugnantes
282 2719 487 2799 supradictum
500 2720 645 2783 Wadium
664 2721 831 2783 Tribunum
850 2720 980 2803 longiori
992 2718 1055 2781 vite
1073 2716 1281 2799 dignissimam

93 2811 310 2894 melioremque
321 2814 469 2875 fortunam
483 2827 647 2877 merentem
660 2817 893 2879 iuteremerunt:
914 2824 1006 2877 strato
1019 2814 1150 2875 rnilitum
1158 2814 1283 2875 duotore

94 2906 128 2968 iu
141 2907 247 2987 paneis
260 2909 381 2992 egregio
393 2911 551 2973 concidere
569 2912 733 2973 multorum
749 2913 852 2988 animi,
866 2922 897 2974 et
910 2932 980 2973 enm
997 2911 1113 2972 duabus
1125 2910 1207 2971 boris
1223 2908 1283 2970 for-

94 3002 211 3064 tissime
224 3004 408 3077 restitissent,
422 3007 545 3069 tsndem
558 3008 735 3071 adversariis
748 3009 863 3069 viribus
875 3009 982 3070 oedere
994 3006 1091 3069 ooaeti
1103 3017 1182 3067 sunt.
1223 3004 1284 3065 His

94 3098 127 3159 in
141 3098 302 3161 assultibus
321 3100 493 3163 Waltherus
503 3124 543 3164 ex
559 3104 621 3166 suis
642 3112 749 3184 proeter
766 3106 832 3185 jam
849 3102 961 3182 ‘saepius
982 3102 1169 3163 nominatum
1192 3100 1286 3162 Wsdt

94 3194 281 3257 desiderarit
293 3196 440 3259 Tribunos
457 3198 629 3261 Barnabnm
649 3198 775 3261 Petrioh
794 3198 948 3273 Ibernum,
965 3197 1148 3259 Dermitium
1165 3196 1284 3259 Carthii

99 3291 259 3365 Ibernum,
276 3292 455 3375 Hugonium
476 3294 556 3356 Onel
578 3296 733 3368 Iberuum,
750 3294 998 3354 Iooumtenentes
1011 3293 1110 3354 Grsse
1131 3293 1286 3368 Ibernum,

95 3384 245 3447 'l'bomam
267 3388 386 3450 Broone
414 3390 557 3451 Ibernum
581 3400 612 3452 et
634 3390 778 3451 Thomsm
802 3388 910 3450 Butler
932 3388 1141 3465 vexilliferum,
1164 3390 1287 3470 ipseque

96 3480 271 3543 Waltberus
291 3485 424 3565 graviter
440 3486 518 3547 iotus
531 3485 583 3547 vix
597 3486 690 3547 ritem
710 3485 748 3545 ab
762 3485 890 3547 insteute
903 3483 1041 3546 ferociter
1058 3485 1142 3547 boote
1160 3504 1288 3546 asserere

95 3578 206 3661 potuit.
249 3578 374 3662 Fugutis
400 3580 433 3643 in
458 3580 540 3643 huno
563 3582 687 3644 modum
714 3581 904 3656 Caesarianis,
928 3582 968 3643 ud
994 3582 1111 3663 prsedss
1132 3581 1208 3643 itum
1233 3589 1288 3653 est,

96 3684 331 3757 repereruntque
348 3674 445 3739 hostes
464 3679 568 3739 deoem
586 3678 618 3739 in
634 3678 699 3740 loro
712 3678 846 3759 plaustra
865 3686 989 3761 argento
1009 3677 1089 3739 iacto
1104 3676 1287 3785 infectoque,
1423 3724 1429 3735 ,
