3225 4700
365 309 427 372 248
754 302 1161 371 ITINERARIUM.

365 454 518 532 acciderit,
543 458 652 538 quibus
675 455 799 518 sublatis
817 477 877 517 uon
904 457 1030 519 deemnt
1054 460 1159 540 utique
1182 479 1236 520 suo
1252 479 1287 518 se
1315 477 1425 519 curam
1450 457 1565 518 sistendi

366 554 474 628 officio,
489 555 699 635 jurabuntque
718 553 853 626 consilio,
870 575 906 616 ac
923 576 1015 616 sacrae
1031 576 1094 617 suae
1112 556 1265 636 Majestati
1287 575 1356 635 qua
1373 555 1490 615 debent
1505 554 1566 613 sub·

359 651 491 733 jectioue
512 651 647 711 assistam
667 649 698 710 iu
717 651 857 712 omuibus
876 671 944 732 quae
956 653 996 713 ad
1012 652 1137 733 Imperii
1152 652 1404 713 incolumitatem
1424 651 1561 723 serviunt,

364 747 627 820 Quemadmodum
640 745 683 806 nil
698 744 897 808 dubitandum
906 750 972 830 jam
985 748 1065 829 ipsos
1077 767 1139 808 suae
1154 747 1317 828 Majeststi
1330 760 1500 808 extremam
1513 746 1562 804 im·

362 844 525 925 potentiam
538 853 568 905 et
580 843 785 904 necessitatem
798 842 965 906 humillime
977 844 1085 906 litteris
1097 863 1261 904 excusasse.

404 940 560 1012 Quantum
588 959 659 1000 vero
684 939 724 1000 ad
743 939 810 1017 jam
830 939 1003 1021 preelectum
1030 940 1199 1002 Caesaream
1225 937 1472 1021 propositionem
1497 957 1557 999 eam

364 1036 532 1098 Praesentm
559 1035 723 1112 Electores,
753 1037 922 1117 Principes,
947 1045 1051 1108 status,
1075 1037 1307 1117 absentiumque
1333 1034 1510 1096 consiliarii
1530 1043 1556 1094 et

364 1133 480 1215 Legati,
495 1133 534 1194 ad
549 1133 605 1194 tria
619 1134 680 1194 fere
693 1134 791 1215 capita
805 1133 910 1194 reduci
923 1153 1007 1215 posse
1019 1141 1137 1215 putant,
1152 1142 1183 1194 et
1195 1133 1297 1213 primo
1316 1131 1455 1212 quidem.
1494 1131 1555 1201 Qua

314 1300 316 1308 ,
362 1230 476 1291 ratione
488 1239 615 1310 posttam
628 1229 725 1290 varias
739 1239 770 1291 et
782 1228 944 1290 multorum
958 1249 1105 1290 annorum
1118 1229 1251 1291 inflictas
1264 1250 1388 1310 poenas,
1403 1228 1551 1289 Germani·

362 1326 450 1405 cique
468 1326 547 1386 orbis
565 1325 691 1386 dissidia
708 1335 789 1388 certe
808 1325 955 1401 luctuosa,
974 1326 1137 1406 aliquando
1154 1327 1278 1388 taudem
1298 1345 1397 1387 aurea
1409 1344 1468 1405 pax
1475 1324 1554 1404 juxta

361 1441 422 1482 suae
447 1421 616 1501 Msjestatis
642 1421 838 1484 intentionem
863 1422 980 1503 acquiri
1003 1422 1106 1504 possit.
1157 1422 1239 1483 Dein
1268 1421 1427 1503 quomodo
1450 1421 1551 1480 interea

361 1517 516 1596 nequead
535 1516 729 1598 pacificatum
748 1519 915 1600 Imperium
932 1518 1005 1580 belli
1022 1518 1116 1579 moles
1134 1517 1251 1579 collatis
1270 1518 1405 1591 uiribus,
1426 1513 1551 1576 unanimi

361 1633 517 1689 consensu,
542 1623 705 1677 restaurata
729 1616 889 1697 discipline
911 1615 1047 1688 militari,
1068 1615 1238 1676 continuari
1261 1613 1368 1694 possit.
1419 1611 1548 1689 Denique

361 1729 422 1790 qua
440 1710 491 1771 via
509 1711 667 1791 dissipatus
681 1711 699 1772 d
712 1711 810 1774 multo
821 1721 954 1794 tempore
963 1709 1090 1792 justitia
1104 1720 1208 1784 status,
1227 1710 1260 1770 iu
1282 1718 1394 1770 vestrae
1414 1706 1548 1768 cessae

362 1806 531 1886 Majeststis
544 1816 575 1868 et
588 1806 714 1889 Imperii
732 1809 862 1871 Camars
876 1809 974 1889 Spirae
984 1808 1025 1869 sit
1043 1806 1268 1879 restaurandus,
1287 1825 1325 1866 ac
1342 1803 1477 1866 salutaris
1487 1803 1546 1881 jus·

358 1902 435 1974 titia,
450 1903 514 1963 sine
528 1923 589 1984 qua
600 1905 811 1966 florentissima
823 1924 916 1986 regna
929 1903 1141 1978 oollabascuut,
1156 1902 1357 1982 omniumque
1377 1897 1546 1977 Principum

359 2000 471 2061 subditi
485 2002 676 2080 quantumvis
690 2001 777 2077 uniti,
799 2002 944 2063 continuo
961 2002 993 2062 in
1011 2000 1090 2061 belle
1108 2000 1321 2072 exardescunt,
1342 1994 1541 2078 promovenda,

360 2116 457 2157 causa
470 2116 562 2177 quam
575 2098 747 2159 brevissime
763 2098 967 2180 expediendae,
988 2097 1123 2158 redditus
1140 2095 1356 2158 Camenalibus
1373 2102 1404 2154 et
1416 2093 1543 2151 Amsso

359 2193 440 2252 ribus
459 2193 644 2274 aliquamdiu
663 2196 816 2270 subtracti,
833 2196 865 2255 in
888 2195 1047 2276 pristinum
1065 2202 1176 2254 statum
1194 2187 1435 2272 redintegrandi,
1454 2182 1538 2244 omui·

359 2290 474 2371 busque
487 2291 651 2354 defectibus
664 2312 755 2375 quam
769 2291 1055 2374 opportunissimum
1069 2289 1203 2350 medium
1214 2285 1449 2349 admovendum.

399 2388 448 2448 De
462 2387 508 2449 his
521 2388 616 2451 tribus
630 2390 747 2471 punctis
760 2401 790 2450 et
802 2388 953 2470 quidquid
962 2387 1023 2449 illis
1036 2405 1185 2447 annexum
1196 2404 1261 2445 esse
1272 2391 1381 2465 potest,
1391 2382 1537 2461 praesentet

358 2482 520 2558 Electores,
536 2484 695 2566 Principes
706 2505 742 2547 sc
756 2494 859 2559 status,
870 2504 906 2546 aa
916 2484 1082 2545 absentium
1093 2481 1268 2544 consiliarii
1277 2500 1371 2562 quam
1383 2470 1536 2536 humillimi

357 2578 455 2659 primo
468 2600 588 2661 quoquo
602 2590 733 2662 tempore
754 2581 917 2661 suscipient
934 2579 1192 2652 consultationem,
1211 2576 1397 2655 consiliaque
1412 2590 1464 2632 sua
1478 2584 1533 2626 ves·

355 2684 410 2737 trae
430 2673 585 2756 Majestati
602 2676 801 2737 examinanda
819 2676 921 2736 debita
938 2695 1008 2736 eum
1026 2673 1221 2735 submissione
1240 2670 1421 2752 subjicient:
1446 2660 1535 2724 omnia

356 2770 486 2852 denique
504 2790 572 2852 quae
590 2773 629 2834 ad
647 2772 902 2834 conservationem
921 2790 983 2832 sure
1001 2770 1147 2832 Caesareae
1159 2766 1359 2841 celsitudinis,
1373 2759 1485 2825 honoris
1500 2774 1531 2815 to

355 2866 454 2943 famae,
470 2866 596 2948 Imperii
609 2888 729 2949 quoque
748 2867 970 2949 prosperitatem
988 2868 1155 2929 conducere
1173 2876 1308 2948 possunt,
1328 2883 1383 2945 pro
1398 2859 1474 2923 uirili
1484 2875 1530 2917 sut

355 2981 470 3039 curare,
484 2972 518 3025 nt
531 2964 650 3039 debent,
665 2984 724 3025 non
738 2964 976 3045 praetermittent.

393 3056 474 3118 Cum
488 3078 560 3119 vero
568 3060 634 3140 Jam
648 3058 799 3141 proposita
813 3067 925 3140 puncta
937 3058 955 3119 ὲ
969 3058 1164 3139 presentibus
1178 3057 1375 3130 Electoribus,
1393 3043 1527 3124 Principi-

355 3151 420 3226 bus,
434 3154 566 3229 statibus,
581 3163 611 3217 et
624 3156 794 3217 absentibus
809 3154 997 3217 consiliariis
1013 3156 1160 3236 ejusmodi
1180 3175 1242 3216 esse
1258 3152 1448 3237 reperiantur,
1465 3158 1523 3224 quw

355 3248 515 3311 maturiore
535 3250 660 3313 oonsilio
679 3260 709 3313 ct
727 3250 940 3313 deliberatione
959 3260 1077 3333 egeant,
1093 3261 1183 3331 atque
1201 3251 1240 3312 ad
1258 3251 1293 3313 id
1310 3266 1383 3330 opus
1398 3243 1435 3305 sit
1449 3235 1523 3315 ,opis

353 3344 456 3426 aliqua
475 3346 630 3427 ipsiusmet
650 3348 870 3430 propositionis,
892 3358 1068 3430 eapropter
1088 3368 1179 3429 quam
1199 3344 1407 3408 demississime
1424 3330 1521 3413 suppli·

355 3451 426 3503 cant
439 3451 473 3504 ut
485 3464 539 3504 sua
553 3444 697 3528 Majestas
710 3446 852 3529 dignetur
865 3446 1034 3525 exemplum
1047 3444 1204 3526 impertiri.
1245 3444 1395 3507 Caterum
1406 3456 1435 3497 fle
1448 3431 1520 3492 ΡΜ·

353 3548 450 3601 senoes
467 3559 570 3602 omnes
587 3541 750 3618 Electores,
772 3542 942 3623 Principes,
965 3550 1060 3604 status
1078 3562 1114 3603 ao
1134 3541 1301 3603 absentium
1319 3526 1476 3600 conffliarii
1492 3528 1517 3581 et

355 3636 459 3719 legati
479 3656 541 3698 ⁵11ae
561 3636 708 3701 Caesareae
727 3638 831 3720 gratia
850 3647 881 3700 et
897 3638 1128 3702 clementissimo
1147 3638 1243 3699 favori
1263 3654 1351 3717 quam
1370 3620 1516 3691 humillime

355 3735 573 3796 commendant.
