3225 4700
509 330 533 397 1
540 330 915 399 TINERARIUM.
1241 331 1304 396 413

110 478 211 551 Quem
232 480 264 540 in
288 479 381 540 linem
401 490 504 541 secuta
523 480 666 541 conclusa
686 500 766 542 anno
788 480 949 542 millesimo
971 480 1186 542 sexcentesimo
1208 483 1305 562 quad-

109 575 262 659 ragesimo
286 577 385 658 primo
411 579 450 637 25
482 577 660 638 Decembris
689 577 769 639 inter
795 576 970 639 Gouradum
998 578 1036 640 de
1064 578 1185 640 Lutzaw
1211 599 1304 641 sscrae

109 671 259 734 Caesareoe
273 672 481 754 Majestatiset
491 671 660 734 Galliarum
672 673 1073 757 Succorumquedeputatos,
1084 674 1210 737 autulii
1223 696 1303 737 anno

111 768 349 832 M.DO.XLII.
364 790 401 832 ex
415 790 471 832 sua
488 780 570 851 parte
584 769 795 830 confirmavit:
817 769 860 830 ita
871 770 961 831 etiam
976 772 1130 834 accuravit
1142 781 1177 833 ut
1191 772 1304 854 Hispa·

109 867 231 927 uiarum
245 867 340 950 Regis
354 866 511 941 retificem,
532 866 753 947 quamprimum
767 865 835 926 fieri
848 876 945 948 posset
962 869 1145 931 obtineretur
1157 890 1225 950 quas
1239 871 1305 952 ipsa

109 986 171 1026 nou
186 975 301 1027 tautum
316 966 347 1027 in
360 967 459 1048 specie
473 965 564 1026 allata
576 973 622 1026 est
638 965 691 1025 sed
708 964 769 1024 alia
783 964 904 1046 insuper
914 964 1129 1047 plenipotentia
1145 968 1232 1048 cujus
1244 968 1304 1029 vir·

110 1072 175 1124 tute
186 1063 211 1123 si
225 1082 294 1143 quoe
307 1062 500 1145 imposterum
513 1061 706 1123 difficultates
722 1061 752 1121 iu
773 1072 887 1143 puncto
905 1061 1152 1143 proeliminarium
1166 1083 1303 1125 occurre·

110 1159 250 1220 rentsine
259 1181 382 1221 recursu
392 1160 432 1221 ad
444 1159 560 1241 Regem
570 1156 763 1219 catholicum
773 1157 907 1219 absolute
918 1158 1036 1220 tractari
1047 1171 1153 1238 posset,
1166 1161 1303 1222 unicum

109 1255 201 1317 salsis
214 1257 350 1337 passibus
362 1278 415 1318 seu
429 1255 608 1339 passaportis
623 1255 663 1315 ad
677 1253 831 1316 Caesareos
849 1255 962 1337 legatos
982 1254 1194 1338 Hamburgum
1208 1265 1303 1318 uuus-

109 1353 201 1415 missa
213 1363 267 1414 est.
304 1353 481 1436 Eapropter
493 1353 519 1414 si
533 1353 691 1413 doctorum
706 1365 907 1413 conventuum
922 1352 1134 1414 universalium
1151 1353 1303 1416 Monaste·

109 1451 216 1512 ricusis
238 1449 382 1512 videlicet
403 1461 434 1512 et
457 1449 698 1532 Osnabrugensis
719 1449 839 1511 initium
863 1449 998 1510 dandum
1018 1460 1105 1523 esset,
1129 1450 1302 1514 hauddubie

110 1547 200 1608 valde
213 1549 351 1629 expediet
363 1568 418 1630 pro
430 1546 700 1609 communicatione
714 1546 780 1608 istic
793 1555 928 1608 actorum
945 1567 1013 1608 oum
1029 1547 1128 1608 Gallis
1144 1562 1175 1610 et
1188 1548 1301 1622 Sueois,

108 1645 280 1727 principum
295 1659 326 1707 et
337 1655 467 1707 statuum
482 1644 593 1727 legatos
606 1643 696 1704 simul
710 1642 760 1703 hic
772 1662 836 1703 esse
848 1653 1055 1726 congregatos.

151 1741 231 1804 Haec
244 1743 345 1805 omnia
361 1742 562 1823 propositione
576 1739 670 1801 isthac
690 1740 802 1815 nostri,
822 1740 983 1801 electorum
998 1741 1180 1823 principum,
1193 1763 1230 1804 ac
1243 1753 1302 1804 sta·

108 1847 194 1898 tuum
208 1836 314 1921 legatis
324 1850 355 1900 et
369 1837 555 1910 consiliariis,
572 1837 615 1897 nti
628 1836 834 1905 conveniebat,
845 1835 1027 1918 siguificare,
1039 1857 1153 1919 nosque
1166 1839 1301 1901 omnium

108 1933 186 1995 sacri
207 1935 338 1996 Romani
362 1935 487 2016 Imperii
507 1934 679 2008 electorum,
697 1933 868 2015 principum
889 1933 994 2014 gratiae
1014 1935 1233 2010 commendare,
1251 1957 1301 1998 eo·

106 2031 236 2092 rundem
250 2032 322 2092 vero
335 2032 476 2106 dominis,
490 2029 597 2112 legatis
609 2030 742 2090 officiosa
756 2041 859 2091 nostra
871 2030 1014 2111 obsequia
1026 2031 1058 2092 in
1076 2031 1191 2113 optimi
1204 2032 1301 2095 forma

109 2127 225 2189 deferre
239 2127 397 2189 voluimus.

151 2223 229 2285 Huc
241 2223 302 2286 sere
316 2223 520 2305 fueruntque
533 2224 572 2285 ad
585 2224 752 2305 ingressum
770 2223 862 2304 hujus
881 2235 1047 2286 conventus
1064 2225 1223 2307 propositae
1238 2226 1300 2288 fue·

107 2332 190 2393 runt,
204 2331 235 2383 et
247 2321 491 2404 gravissimarum
504 2341 603 2383 rerum
618 2319 850 2382 consultationes
862 2320 977 2382 aditum
990 2333 1180 2404 aperuerunt.

150 2418 212 2491 Qui
229 2440 319 2501 porro
336 2419 368 2479 in
387 2429 537 2481 conventu
558 2418 819 2479 Francosordiensi
836 2418 927 2501 legati
947 2420 1169 2503 comparuerint
1182 2421 1240 2483 huc
1255 2444 1301 2483 re-

106 2516 184 2579 ferre
198 2517 390 2578 commodum
403 2516 585 2597 putavimus.

150 2615 250 2676 Sacrae
263 2612 410 2675 Caesarem
424 2612 593 2693 Majestatis
606 2611 729 2673 nomine
742 2612 915 2687 adfuerunt,
928 2613 971 2674 D.
986 2612 1129 2674 Ernestus
1139 2613 1249 2675 Comes
1261 2614 1299 2676 de

108 2710 273 2793 Oettingen
285 2708 416 2771 Romani
428 2708 622 2790 imperatoris
633 2709 822 2770 consiliarius
835 2709 950 2771 aulicus
960 2719 990 2770 et
1000 2709 1190 2771 camerarius.
1221 2710 1298 2772 Item

108 2808 260 2869 Dominus
288 2806 311 2867 J
314 2826 424 2869 oannes
453 2805 687 2888 christophorus
715 2806 855 2889 Metzger
876 2807 993 2888 jurium
1020 2807 1135 2881 doctor,
1163 2808 1298 2888 ejusdem

106 2905 254 2967 Caesareae
269 2903 437 2986 Majestatis
450 2903 636 2964 consiliarius
649 2902 776 2964 aulicus.

148 3000 296 3063 Electoris
310 2999 487 3081 Mogontini
501 3002 622 3061 nomine
636 2999 677 3060 D.
694 3000 870 3063 Geruardus
885 3000 1045 3083 Philippus
1059 3000 1077 3062 i
1093 3001 1297 3077 Schwalhach‚

105 3097 343 3180 metropolitanae
363 3096 499 3158 ecclesiae
521 3096 712 3180 Moguutiuoe
732 3110 842 3174 custos,
865 3098 932 3174 isc,
959 3099 1106 3161 Caesareae
1130 3100 1299 3183 Majestatis

105 3194 293 3258 consiliarius
309 3205 340 3255 et
357 3193 502 3255 Electoris
521 3193 699 3276 Mogontini
717 3194 905 3257 consiliarius
926 3196 1060 3273 intimus,
1082 3198 1123 3257 D.
1144 3198 1298 3260 Henricus

107 3290 496 3355 Bromhsethiedesheim
505 3290 692 3352 consiliarius
700 3302 730 3353 et
739 3291 961 3353 vicecominus
970 3293 1180 3375 Moguntinns‚
1190 3295 1232 3356 D.
1241 3296 1272 3358 N
1275 3297 1298 3356 i·

105 3389 208 3452 colaus
222 3388 374 3470 Georgius
389 3386 623 3470 Reigersperger
636 3408 737 3468 eques,
754 3388 900 3450 Caesareae
916 3389 1084 3471 Majestatis
1098 3392 1297 3469 consiliarius,

107 3484 254 3547 Electoris
276 3483 452 3567 Mognntini
466 3482 655 3544 consiliarius
672 3483 796 3545 intimus
815 3496 845 3546 et
862 3486 1145 3558 rice-cancellarius,
1163 3488 1232 3562 irc„
1255 3490 1296 3549 D.

105 3583 237 3645 Thomas
255 3580 365 3643 Diissel
379 3580 497 3663 jurium
513 3580 682 3642 licentiatus
695 3579 843 3644 Electoris
858 3582 1033 3666 Mognntini
1048 3584 1233 3647 consiliarius
1251 3588 1297 3648 in·

103 3681 205 3742 timus.
