3225 4700
335 349 400 413 342
714 344 1129 412 ITINERARIUM.

333 502 472 563 omuibus
493 512 524 563 et
541 500 786 584 approbantibus,
801 498 959 561 disarmari
973 497 1078 573 voluit,
1093 498 1213 580 gladius
1231 518 1302 580 ergo
1321 498 1340 559 a
1356 496 1455 559 lutere
1479 497 1539 577 ejus

333 600 518 682 abjungitur,
528 598 805 677 dissertissimisque
815 595 913 657 verbis
926 593 1058 675 perfidus
1069 595 1271 669 renunciatur,
1280 594 1334 674 qui
1347 594 1468 677 dignus
1482 614 1539 653 non

331 698 380 768 sit,
390 706 424 757 ut
435 697 513 757 inter
526 696 666 757 honestos
679 695 759 758 viros
773 692 897 775 posthac
908 702 1092 763 numeretur,
1103 700 1132 752 et
1141 692 1268 753 militem
1278 701 1357 773 agat.
1398 690 1539 771 Ideoque

332 793 364 853 in
382 813 532 854 carcerem
553 794 704 874 abreptus,
718 800 749 852 et
765 790 796 851 iu
816 789 984 851 custodiam
1003 788 1101 849 datus.
1145 787 1281 849 Similem
1300 808 1420 867 pceuam
1442 786 1540 848 tulere

332 890 393 950 duo
404 889 595 950 centuriones
606 888 753 969 equitnm,
767 898 798 948 et
812 886 911 967 plures
925 883 1095 955 vexilliferi,
1106 883 1216 963 aliique
1226 883 1361 945 officiarii
1377 883 1540 955 militares,

332 985 482 1046 exeadem
491 983 621 1067 legione.
642 982 873 1065 Quinquaginta
882 982 1048 1063 insuperex
1056 980 1122 1040 aliis
1132 979 1301 1061 legionibus
1311 981 1421 1062 partim
1430 982 1538 1049 duces,

330 1082 440 1162 partim
452 1082 584 1163 supremi
597 1081 810 1161 inferioresque
823 1077 964 1139 officiales
978 1080 1065 1158 (quos
1080 1077 1159 1137 inter
1171 1075 1342 1140 ferebantur
1355 1076 1538 1139 Colonellua

332 1178 405 1240 Gall
418 1190 449 1240 et
462 1178 636 1240 Colouellus
650 1178 688 1239 de
704 1177 784 1238 Four
795 1175 900 1250 fluisse)
912 1175 943 1235 in
958 1174 1081 1235 vincula
1093 1174 1242 1255 compacti
1255 1185 1336 1247 sunt,
1350 1173 1390 1234 ed
1404 1193 1536 1253 quorum

330 1295 452 1335 causam
470 1276 711 1357 cognoscendam
729 1273 840 1335 Comes
858 1270 989 1333 Ieslaeus
1002 1271 1123 1333 Vienna
1141 1270 1275 1353 Pragam
1294 1280 1436 1331 evocatus
1453 1270 1538 1331 dioe-

330 1372 426 1432 batur.
469 1370 540 1431 Non
561 1370 657 1432 multb
678 1360 762 1451 post,
776 1368 955 1450 Madlojena
974 1367 1055 1450 legio
1073 1378 1134 1430 tota
1147 1368 1355 1429 Roclseuzanii
1372 1367 1535 1449 perfidiam

330 1488 416 1528 suam
435 1467 503 1538 luit,
521 1467 578 1528 hoc
597 1467 661 1529 fere
683 1465 841 1548 supplicio.
883 1466 956 1526 Tres
975 1465 1108 1548 legiones
1128 1464 1230 1527 neseio
1250 1485 1310 1546 quo
1331 1476 1483 1548 praetextu
1505 1464 1535 1524 iu

330 1584 470 1645 campum
488 1564 530 1624 ad
547 1574 662 1625 certum
681 1564 784 1625 locum
804 1573 937 1625 evocatae
956 1572 1036 1638 sunt,
1051 1563 1131 1624 inter
1148 1564 1202 1625 bas
1220 1565 1321 1625 media
1334 1566 1397 1626 ibat
1409 1564 1535 1625 Madlo·

324 1660 409 1740 jana.
450 1659 512 1721 Vix
532 1672 656 1723 ventum
676 1671 741 1723 erat
760 1660 802 1721 ad
821 1660 990 1722 condictam
1012 1660 1178 1735 stationem,
1201 1680 1270 1721 cum
1295 1661 1362 1721 alioe
1387 1659 1534 1744 legiones,

331 1756 407 1817 hanc
421 1776 525 1832 unam,
540 1778 608 1838 quae
622 1757 783 1840 plectenda
800 1767 876 1829 erat,
891 1766 951 1817 tam
970 1757 1076 1818 dextre
1094 1758 1274 1832 ambierunt,
1289 1767 1322 1819 ut
1335 1758 1427 1819 nullis
1441 1758 1533 1818 armis

330 1854 361 1912 in
375 1854 424 1915 sui
437 1853 641 1917 defensionem
654 1856 700 1917 uti
714 1864 824 1936 posset,
835 1854 896 1915 imb
911 1862 992 1914 metu
1005 1873 1167 1928 armorum,
1176 1875 1244 1934 quae
1259 1854 1382 1935 reliquae
1397 1855 1533 1937 legiones

329 1950 414 2013 velut
432 1950 463 2012 in
482 1950 580 2013 hostes
598 1953 822 2033 expediremut,
837 1950 976 2032 perculsi,
990 1970 1112 2012 manum
1130 1952 1170 2012 ad
1188 1952 1307 2033 propria
1325 1972 1411 2013 arma
1427 1953 1531 2013 admo-

329 2067 399 2107 vere
413 2068 473 2109 non
488 2048 601 2110 fuerint
614 2049 690 2110 ausi.
733 2047 856 2108 Dehinc
873 2066 928 2127 per
946 2045 1121 2107 carnificem
1138 2048 1241 2108 omnia
1253 2048 1364 2109 vexilla
1380 2050 1531 2130 equestria

329 2144 400 2224 ipsis
413 2156 525 2226 erepta,
540 2146 704 2221 confracta,
717 2145 931 2224 combustaque
946 2152 1025 2205 sunt.
1068 2143 1121 2203 Ad
1134 2143 1201 2206 baec
1215 2166 1308 2219 arma,
1323 2146 1405 2226 equi,
1421 2159 1528 2219 vestes,

329 2241 557 2322 impedimenta,
571 2252 602 2304 et
614 2242 765 2323 quidquid
784 2261 886 2302 secum
904 2240 1058 2323 gerebant,
1072 2240 1206 2302 sublatur
1228 2251 1290 2303 tota
1302 2243 1425 2324 insuper
1437 2242 1528 2324 legio,

329 2358 481 2399 asummo
496 2340 537 2400 ad
554 2338 706 2415 infimum,
726 2338 910 2402 nebulonum
928 2336 1019 2400 tribui
1039 2338 1207 2422 adscripta:
1229 2339 1379 2402 Colonelli
1397 2340 1529 2402 vicarius

329 2435 444 2496 catenis
461 2435 592 2512 rinctus,
611 2438 673 2498 duo
693 2437 830 2518 equitum
848 2435 972 2512 tribuni,
987 2445 1017 2496 et
1038 2436 1173 2517 praesecti
1193 2437 1365 2519 vigiliarum
1383 2439 1527 2518 supremi,

329 2529 439 2612 solopis
463 2533 678 2613 inpraesentia
700 2533 843 2605 militum,
870 2543 900 2594 et
923 2533 1157 2612 inspectantibus
1181 2534 1368 2610 officialibus,
1397 2537 1527 2617 trajecti.

331 2627 473 2708 Gregorii
487 2628 591 2690 militis
604 2629 700 2712 gladii
714 2629 870 2703 confracti,
885 2638 915 2689 et
928 2629 1060 2690 acierum
1078 2630 1232 2710 particula
1246 2632 1400 2694 arboribus
1414 2633 1528 2696 infixa.

330 2725 472 2805 Denique
488 2726 625 2788 decimus
641 2727 768 2808 quisque
786 2725 948 2808 suspendio
967 2725 1110 2807 illigatus,
1126 2728 1244 2808 reliqui,
1257 2738 1291 2789 ut
1309 2729 1389 2790 fama
1402 2729 1527 2809 quidem

329 2823 440 2897 retulit,
459 2824 490 2884 in
512 2825 705 2909 Hungariam
727 2823 859 2900 abducti,
884 2825 973 2886 stud
995 2825 1140 2908 gratuitos
1160 2824 1276 2886 labores
1295 2825 1325 2886 in
1348 2837 1528 2907 perpetuum

329 2920 475 2982 damnati.

370 3019 451 3082 Haec
466 3020 539 3082 dum
554 3020 665 3104 Pragae
679 3030 710 3082 et
722 3021 837 3085 circum
851 3043 915 3084 eam
931 3031 1086 3106 geruntur,
1101 3020 1278 3082 victoriosus
1289 3019 1438 3082 exercitus
1453 3021 1528 3082 Sue·

328 3137 432 3176 corum
446 3117 485 3178 ed
500 3117 686 3198 Lipsieusem
698 3119 884 3182 obsidionem
898 3140 1032 3181 reversus
1045 3129 1100 3195 est,
1113 3118 1279 3198 missusque
1293 3117 1311 3178 a
1327 3117 1527 3180 Dorsteusoh·

329 3211 381 3270 nio
396 3211 518 3274 tubicen
537 3215 577 3275 ad
595 3215 711 3290 urbem,
725 3214 779 3296 qui
796 3217 918 3277 nomine
936 3236 1054 3278 coronae
1076 3214 1192 3277 Sueciae
1211 3213 1395 3275 deditionem
1414 3214 1526 3276 sollici·

328 3318 415 3369 taret.
457 3308 559 3381 Quam
576 3312 756 3392 praesidiarii
774 3333 828 3393 per
842 3310 1022 3373 Generalem
1040 3331 1139 3374 rerum
1153 3307 1329 3370 bellicarum
1344 3309 1526 3372 Commissa-

329 3404 407 3465 rium
415 3405 438 3467 J
440 3405 611 3468 oacbimnm
622 3408 785 3470 Schleinita
798 3409 933 3470 absolute
942 3419 1108 3490 negarunt;
1130 3407 1255 3487 ideoque
1269 3407 1426 3468 tormentis
1439 3427 1526 3487 quas-

327 3510 394 3562 sata
406 3502 529 3576 moenia,
543 3514 628 3566 tauto
641 3505 766 3586 impetu,
780 3517 816 3567 ut
829 3524 889 3566 nou
903 3504 999 3566 multb
1013 3514 1089 3586 post,
1108 3505 1210 3578 idest,
1224 3502 1329 3584 quinto
1343 3503 1525 3566 Novembris

328 3616 365 3657 ex
378 3598 452 3659 urbe
465 3598 619 3661 emiserint
631 3611 729 3663 certos
741 3601 877 3664 homines
891 3602 944 3682 qui
957 3602 996 3664 ds
1007 3601 1230 3662 conditionibus
1241 3611 1413 3663 tractarent.
1441 3599 1524 3672 Quas

330 3713 399 3754 cum
413 3694 518 3756 urbani
531 3696 588 3758 sibi
608 3697 699 3758 nimis
718 3700 892 3762 commodas
911 3709 1122 3781 proponerent,
1139 3699 1228 3762 Sueci
1243 3700 1324 3761 velut
1343 3691 1397 3762 suo
1415 3721 1522 3782 propo·
