3225 4700
492 334 906 404 ITINERARIUM.
1229 345 1293 412 229

85 492 120 545 et
136 502 303 566 operarum
316 484 389 546 uari
408 486 507 567 sepsit,
524 488 691 571 fossamque
709 490 749 552 ad
765 490 847 551 riam
865 510 934 571 qna
953 492 1040 556 ducit
1058 493 1293 577 Bapsnmesinm

87 600 223 662 egerere
237 580 342 653 uoluit,
356 602 416 663 qua
429 581 557 646 hostium
579 584 760 667 irruptiones
778 586 875 649 dsuis
888 588 991 650 castris
1004 590 1182 670 prohiberet.
1224 592 1294 653 Ma·

88 676 265 739 resoballus
282 677 320 738 de
335 677 447 739 Gasion
468 681 522 761 qui
542 682 687 761 equitatui
703 692 832 763 praeerat
853 703 907 745 sna
919 685 1045 748 statiooe
1059 686 1294 749 Mareschallum

89 773 134 833 de
150 772 243 834 Ferte
256 773 430 857 attingebat,
444 776 696 857 munimentisque
709 778 771 839 suis
783 778 932 841 sociorum
949 800 1074 863 aggeres
1092 782 1293 845 continuabat.

91 870 275 933 Colonellns
287 871 417 953 deniqne
431 872 576 935 Παιήων
593 874 778 936 Bsiuvillam
791 884 921 957 quatuor
933 876 1084 940 fortalitiis
1099 879 1295 941 circumdux-

93 980 174 1047 erat,
190 982 279 1052 atque
292 982 328 1033 cx
342 972 480 1034 omnibus
492 972 620 1035 vicinior
636 980 699 1033 erat
716 972 854 1033 obsessis.
893 972 969 1034 uos
980 993 1054 1035 sero
1068 983 1166 1037 costra
1178 975 1295 1058 duplici

94 1070 226 1151 insuper
237 1070 428 1144 abscissione,
442 1079 477 1132 ut
489 1077 608 1144 uocant,
622 1076 841 1149 separaverant,
860 1087 899 1130 ue
913 1089 975 1151 qua
988 1068 1161 1131 cardinalis
1178 1071 1293 1150 Infans,

96 1166 156 1247 qui
175 1166 321 1248 expeditis
338 1167 370 1227 in
389 1164 533 1227 Flandria
550 1163 678 1247 ineptiis
696 1184 767 1225 cnm
787 1163 898 1225 ammio
915 1163 1049 1227 exercitu
1068 1164 1296 1229 fortissimorum

97 1261 238 1341 equitnm
257 1262 451 1344 peditumque
468 1263 631 1323 adsumo
647 1259 801 1322 dicebatur
820 1259 1001 1323 solutionem
1017 1260 1181 1323 obsidionis
1200 1272 1296 1323 tenta·

99 1368 198 1432 turns,
212 1358 301 1421 facile
315 1358 480 1439 irrumpere
494 1356 633 1438 ipsosque
646 1356 770 1419 obruere
783 1365 892 1439 posset.

142 1456 240 1517 Arcta
254 1456 357 1537 itaque
374 1453 528 1516 obsidione
543 1452 751 1515 concluserant
765 1454 880 1529 urbem,
894 1474 964 1515 cum
979 1474 1049 1518 ecce
1061 1455 1119 1518 tibi
1130 1456 1240 1518 obsessi
1258 1478 1296 1519 ex

101 1553 227 1615 ciuitate
238 1572 349 1635 magno
362 1572 431 1614 cum
446 1551 561 1613 sarsore
575 1559 737 1631 erumpunt
748 1559 841 1630 atque
854 1549 887 1611 in
900 1550 1128 1615 Rantaauansm
1138 1555 1296 1618 stationem

102 1651 252 1732 impetum
265 1648 389 1724 faciunt,
404 1647 458 1709 sed
475 1646 659 1729 repelluntur
674 1653 741 1727 post
757 1646 974 1726 aliquantulam
992 1648 1215 1713 dimicationem
1235 1673 1296 1714 non

103 1748 169 1807 sine
182 1746 337 1827 utriusque
350 1745 443 1827 partis
457 1742 660 1826 sanguinein
674 1762 734 1823 qua
746 1741 871 1824 quidem
889 1743 1055 1825 irruptione
1073 1746 1137 1826 ipse
1150 1746 1297 1811 Rantsau

105 1843 224 1905 duabus
236 1841 396 1924 glandibus
407 1839 554 1922 plumbeis
566 1836 715 1900 lethaliter
725 1846 770 1900 est
781 1837 964 1900 vnlneratus.
997 1839 1068 1901 Hac
1077 1850 1176 1925 strage
1186 1844 1297 1905 obsessi

107 1941 279 2003 audaciores
293 1958 354 2001 non
369 1938 464 1999 multo
477 1944 543 2019 post
556 1935 667 1997 iterum
681 1933 929 2015 Millerayianum
947 1936 1075 1998 militem
1093 1957 1131 1999 ex
1148 1939 1298 2022 insperato

108 2039 248 2109 obruunt,
262 2053 424 2115 omnesque
439 2032 539 2115 copias
551 2031 667 2111 aliquot
677 2029 812 2111 passibus
825 2031 989 2114 majoribus
1001 2034 1109 2095 animis
1122 2055 1213 2117 quam
1226 2037 1298 2098 uiri·

108 2136 165 2197 bus
178 2142 257 2194 retro
270 2130 395 2213 pellam,
413 2138 444 2191 et
462 2148 501 2191 ne
518 2126 606 2190 vacui
623 2126 756 2189 redirent
768 2127 800 2188 in
814 2127 919 2189 urbem
932 2129 1064 2210 plurimo
1078 2150 1187 2212 pecora
1200 2131 1299 2194 Gallis

110 2243 212 2311 erepta
223 2228 333 2311 praedae
347 2227 414 2288 loco
427 2222 624 2287 animositatis
643 2242 706 2285 suae
723 2222 883 2305 proemium
900 2233 931 2287 et
948 2227 1086 2308 generosi
1102 2228 1195 2291 animi
1215 2229 1298 2292 testi-

112 2324 244 2388 monium
257 2325 415 2389 reducunt.

151 2421 283 2504 Hispani
296 2421 417 2482 interim
430 2420 470 2482 ad
484 2418 658 2482 Bethunam
671 2437 782 2502 magno
795 2437 921 2480 numero
929 2418 1133 2502 colliguntur3
1154 2431 1185 2484 et
1198 2422 1299 2487 Gene-

111 2519 181 2580 ralis
192 2519 316 2599 quidem
330 2517 435 2599 Major
453 2515 588 2597 Iamboy
602 2535 694 2578 morae
712 2515 870 2596 impatiens
887 2515 961 2577 dum
982 2516 1035 2577 alii
1053 2516 1298 2599 interquiescnut,

111 2636 180 2678 cnm
199 2615 296 2677 Gadis
315 2613 521 2696 congreditur,
536 2612 703 2693 turrimque
716 2611 838 2692 copioso
856 2610 1042 2674 Francorum
1059 2613 1155 2676 milite
1168 2613 1299 2676 cinctam

111 2713 314 2793 munitamque
330 2709 458 2786 inuadit,
477 2717 649 2789 armataque
668 2727 759 2768 manu
774 2707 907 2769 mascula
924 2728 1045 2770 suornm
1061 2709 1171 2772 uirtute
1186 2731 1300 2795 expug-

112 2819 180 2884 nat;
201 2827 292 2888 quam
309 2827 378 2869 cnm
398 2805 481 2868 Galli
497 2817 625 2886 quatuor
639 2803 855 2885 irruptionibus
875 2824 1051 2886 recuperare
1066 2807 1213 2885 nituntur,
1233 2808 1300 2890 plo·

112 2906 202 2967 rimus
223 2924 345 2967 snorum
361 2901 464 2986 magni
485 2901 617 2962 nominis
629 2901 710 2962 viros
730 2899 827 2962 Marti
838 2900 997 2964 victimant
1013 2913 1044 2965 et
1060 2903 1159 2984 primo
1177 2904 1300 2985 quidem

114 3001 320 3063 Marcbionem
338 3001 377 3062 de
392 2999 522 3062 Gessure
539 3017 577 3059 ex
595 2996 719 3059 vulnere
737 3006 869 3077 captum,
884 2999 1016 3061 secundo
1035 2998 1245 3061 Marcbionem
1260 2999 1300 3062 de

64 3156 68 3164 .
115 3099 255 3173 Bracata,
270 3096 323 3178 qui
339 3095 491 3171 occubuit,
506 3093 595 3156 tertio
615 3083 826 3155 Marchionem
841 3081 989 3157 de'Bress
1002 3095 1055 3176 qni
1073 3096 1211 3158 similiter
1222 3117 1301 3159 mor·

113 3204 173 3257 tem
185 3196 244 3256 isto
260 3193 292 3254 in
307 3192 411 3275 praelio
427 3191 561 3273 oppetiit.
602 3189 719 3262 Quarto
737 3190 905 3251 Dominum
926 3191 964 3252 de
979 3192 1147 3254 Valtimont
1165 3193 1301 3274 equiturn

115 3293 267 3354 ductorem
280 3288 447 3372 egregium,
461 3287 515 3368 qui
529 3287 609 3370 ipsus
627 3307 748 3367 quoque
765 3285 919 3348 luculenti
934 3287 1025 3371 plogt
1039 3288 1164 3364 interiit,
1177 3281 1301 3371 ejusque

116 3389 242 3450 cadaver
259 3395 362 3469 postea
379 3387 418 3448 ad
433 3393 531 3446 castra
555 3382 726 3464 Lamboyca
748 3384 873 3445 ductum
895 3392 950 3460 est,
968 3384 1073 3464 quinto
1095 3385 1248 3447 Bmonem
1263 3387 1302 3448 ds

117 3483 246 3546 Maretto
265 3482 402 3544 Fratrem
418 3480 546 3543 Comitis
562 3480 601 3542 de
614 3480 782 3556 Garama,
797 3481 852 3561 qni
868 3500 929 3541 non
943 3480 1042 3541 minus
1060 3499 1097 3542 ac
1113 3481 1228 3563 priores
1243 3482 1302 3544 hoc

117 3581 179 3661 ipso
191 3578 335 3642 condictu
343 3578 445 3640 uivere
455 3576 554 3651 desiit,
566 3585 650 3639 sexto
662 3577 815 3638 Baronem
824 3578 863 3639 de
873 3577 1021 3660 llgeobell
1029 3586 1163 3660 captum,
1175 3579 1302 3659 septimo

119 3676 267 3740 Batonem
278 3676 316 3737 de
327 3673 482 3739 Neusvills
492 3679 653 3748 mortuum,
664 3683 769 3735 octavo
779 3673 910 3754 equitem
919 3671 996 3735 dela
1007 3673 1130 3755 Iouppe
1138 3683 1301 3748 mortuum,
