3225 4700
465 353 873 424 ITINERARIUM.
1230 355 1293 420 267

126 499 201 562 Etsi
223 501 348 583 quidem
367 502 433 566 boec
453 505 605 570 medicina
622 507 843 590 aliquantulum
865 508 1023 589 antiquum
1044 506 1152 570 vulnus
1172 502 1291 580 leubst.

76 598 229 660 nondum
240 607 339 660 tamen
352 621 389 662 ex
399 601 482 662 omni
491 611 575 684 parte
585 605 719 678 curabat,
730 625 913 686 aequavero
924 603 1091 668 coalescere
1099 611 1169 664 aute
1175 607 1292 684 potarat

77 713 182 772 quam
203 695 242 756 de
264 695 367 778 Biuga
387 696 474 777 plene
494 697 723 780 triumpharent.
765 700 866 762 Datur
885 700 1041 783 negotium
1060 694 1290 781 oppugnationis

80 788 224 852 Gelenio
235 791 302 852 viru
318 792 466 873 imprimis
481 793 623 857 bellicoso
636 803 667 858 et
679 796 833 878 prudenti,
846 796 897 860 hio
909 817 981 861 cum
994 796 1156 878 accepisset
1169 790 1289 856 nonnisi

80 895 213 948 centnm
227 887 449 971 quinquaginta
462 889 494 950 in
508 891 649 972 praesidio
662 892 839 968 substitisse,
849 913 920 956 cum
934 893 1045 956 selecta
1056 912 1149 954 manu
1162 891 1291 953 instruc·

80 991 156 1044 tum
176 983 318 1046 bellicum
326 985 394 1067 jam
413 986 531 1066 pridem
549 999 748 1070 praeparatnm
761 989 893 1072 applicat
905 989 1144 1070 decimoquinto
1156 984 1291 1067 Augusti

80 1080 144 1140 sub
159 1078 265 1140 boram
279 1089 417 1164 quartem
430 1082 627 1160 matutinam
648 1094 738 1166 atque
751 1095 786 1148 ut
798 1083 1084 1149 militnmiortitudo
1096 1090 1290 1146 exstrueretur

81 1175 220 1258 ablegati
233 1186 319 1238 erant
332 1178 370 1239 de
385 1177 557 1242 Perillnstri
570 1181 703 1262 capitulo
716 1180 892 1244 cathedrali
907 1178 1136 1265 Mcguntinensi
1154 1179 1216 1242 duo
1229 1176 1289 1240 riri

80 1272 213 1354 gratiosi
234 1273 386 1336 Dominus
405 1274 521 1338 scilicet
537 1296 663 1338 snmmae
684 1277 758 1340 sedis
777 1278 920 1340 Deoanus
938 1287 971 1341 et
990 1276 1143 1342 Dominus
1162 1273 1286 1355 quidam

82 1368 275 1449 capitularis
287 1370 326 1431 de
341 1370 597 1453 Dalbergerorum
615 1375 739 1455 antiqua
756 1374 895 1457 prosapia
913 1372 1070 1450 oriundus,
1085 1369 1212 1433 Domini
1230 1369 1289 1432 irn-

81 1464 195 1545 primis
216 1466 391 1547 prudentes.
435 1467 499 1528 Hic
523 1469 595 1530 dum
620 1471 721 1552 agitur
742 1470 850 1533 litterae
873 1470 1021 1533 &manre
1044 1467 1287 1550 intercipiuntur,

80 1561 197 1640 quibus
216 1561 450 1624 commendanti
471 1564 620 1646 Bingensi
643 1565 676 1628 in
698 1567 849 1628 mandatis
872 1567 975 1641 dabat,
999 1575 1034 1629 ut
1056 1586 1088 1628 so
1113 1563 1288 1628 defenderet

81 1656 206 1732 acriter,
222 1657 265 1720 its
277 1666 377 1720 tamen
391 1670 426 1721 ut
437 1671 572 1722 extrema
585 1661 760 1743 neutiquam
773 1663 954 1744 experiatur,
966 1682 1022 1724 uec
1035 1662 1117 1724 enim
1130 1657 1286 1741 essequod

83 1754 257 1817 subsidium
271 1754 335 1816 bse
351 1755 472 1837 suisque
487 1757 545 1819 hoc
558 1765 691 1840 tempore
704 1769 820 1841 speret:
841 1756 994 1820 concussis
1012 1755 1105 1838 igitur
1117 1755 1236 1819 ruoeuiis
1252 1755 1285 1818 iu

41 1910 46 1920 ,
85 1851 194 1912 urbem
215 1851 380 1914 incurritur
398 1864 487 1934 atque
507 1863 622 1918 armata
642 1876 734 1918 mann
753 1856 883 1938 capitur,
903 1854 944 1916 ad
962 1872 1061 1915 arcem
1083 1859 1119 1913 ut
1140 1861 1289 1916 tormenta

87 1947 203 2008 deduci
215 1959 370 2028 ceperunt,
383 1949 463 2012 ultro
476 1971 507 2012 se
521 1950 574 2014 illa
587 1951 705 2014 dedidit
718 1951 761 2014 ita
773 1961 808 2016 ut
820 1949 934 2014 hostilis
947 1947 1034 2012 miles
1043 1944 1290 2029 omnishcaesarea

84 2043 241 2126 stipendia
254 2055 429 2122 mereretur,
443 2047 581 2110 officiarii
594 2068 666 2110 vero
681 2047 863 2130 Haganoam
875 2045 1125 2110 conducerentur.

129 2139 291 2222 cogitabat
307 2161 427 2224 quoquc
446 2142 602 2220 Gelenius,
617 2143 762 2206 confectis
777 2144 888 2230 Bingae
905 2163 943 2204 ex
958 2149 1028 2203 uoto
1044 2139 1184 2223 negotiis,
1203 2158 1288 2203 arnna

84 2235 227 2298 uictricia
238 2237 279 2298 ad
293 2237 491 2322 Fridbergam
510 2240 704 2303 Wetteraviae
719 2261 904 2322 promouere,
919 2238 1002 2320 quod
1015 2237 1090 2300 dnm
1107 2235 1241 2310 molitur,
1254 2235 1287 2297 in

85 2330 154 2413 ipso
167 2330 274 2394 itinere
282 2331 408 2413 jubetur
421 2333 589 2411 subsistere,
603 2356 639 2397 ac
653 2356 684 2399 se
700 2356 771 2398 cum
785 2335 933 2419 Gonsaga
944 2344 976 2398 et
988 2333 1107 2418 Augidii
1121 2333 1211 2397 Hasii
1225 2342 1287 2396 tnr-

86 2428 146 2491 mis
157 2430 351 2512 conjungere,
365 2430 483 2511 alioque
496 2431 647 2513 proficisci
658 2434 744 2514 quod
756 2442 788 2495 et
803 2434 929 2497 factum
957 2432 1028 2495 Hoc
1041 2441 1077 2493 ut
1087 2430 1288 2513 Fridbergen·

85 2525 170 2587 sibus
186 2525 328 2597 innotuit,
345 2547 424 2587 novo
440 2527 613 2591 exultarunt
630 2530 753 2612 gaudio,
769 2530 921 2610 simulque
936 2530 1073 2593 animum
1090 2528 1130 2590 ad
1149 2526 1289 2608 pristinas

88 2623 207 2705 praedas
220 2623 418 2706 applicarunt,
433 2624 599 2707 itineraque
613 2624 656 2687 ita
667 2626 857 2703 infestarunt,
869 2636 904 2689 ut
916 2626 993 2689 nulli
1005 2635 1104 2689 tntum
1117 2645 1180 2689 esse
1192 2634 1289 2707 posset

91 2718 142 2781 vel
154 2718 269 2781 leucam
284 2742 375 2783 uuam
390 2721 521 2803 prodire.

131 2817 182 2879 Ad
193 2817 324 2899 ipsorum
333 2819 493 2879 audaciam
503 2817 761 2899 comprimendam
774 2818 915 2893 mittitur,
925 2819 980 2902 qui
993 2838 1090 2900 nuper
1101 2818 1143 2881 ad
1153 2817 1288 2900 Bingam

90 2933 153 2975 rem
167 2914 293 2977 feliciter
310 2924 441 2998 gesserat
455 2913 606 2998 Magister
623 2914 759 2996 equitum
774 2914 902 2989 Paulus,
913 2937 988 2979 aum
1002 2936 1058 2979 suc
1070 2936 1109 2977 ex
1122 2913 1291 2979 Mendes

14 3064 15 3077 ,
89 3030 147 3071 ana
160 3010 293 3095 Legioue
307 3012 461 3093 manipulo
474 3030 546 3073 saue
558 3010 695 3085 ruendo,
707 3012 764 3093 qui
778 3012 853 3075 dum
868 3012 901 3075 iu
913 3011 1028 3075 hostem
1048 3010 1188 3084 intendit,
1200 3010 1289 3092 eique

14 3178 15 3191 χ
91 3108 220 3189 opimam
240 3109 373 3190 praedam
397 3108 495 3189 eripit,
518 3115 691 3188 certamque
711 3108 881 3180 stationem,
902 3109 954 3170 ubi
975 3117 1042 3171 tuto
1066 3108 1174 3189 pedem
1195 3106 1289 3190 figere

14 3238 15 3251 ι
90 3204 190 3284 possit,
201 3204 337 3286 inquirit,
351 3203 575 3267 Hoffbeimium
589 3204 749 3280 delabitur,
758 3213 792 3266 ut
804 3203 890 3266 illum
903 3204 1004 3267 locum
1018 3204 1080 3267 suis
1092 3204 1226 3267 consiliis
1237 3224 1289 3266 ac·

14 3302 16 3313 ’
92 3302 267 3365 commodet.
310 3302 375 3363 Hic
402 3302 496 3363 altero
522 3320 593 3361 mox
620 3300 670 3363 dis
693 3300 713 3363 d
740 3300 885 3363 Generali
910 3301 994 3363 Rosa
1018 3322 1089 3363 oum
1115 3300 1289 3384 quingentis

93 3398 240 3478 equitibus
257 3408 289 3460 et
311 3398 492 3481 octingentis
511 3396 674 3481 peditibus,
698 3418 775 3479 quos
799 3417 902 3461 secum
924 3397 1065 3475 ducebat,
1091 3398 1190 3461 omnis
1212 3418 1290 3481 pena

93 3492 181 3555 hostis
201 3516 326 3558 securus
344 3496 399 3557 sed
420 3506 452 3557 et
472 3496 595 3578 ignarus
615 3494 762 3568 obruitur,
784 3494 849 3575 ipse
869 3514 942 3557 vero
965 3516 1036 3559 curu
1057 3494 1204 3577 effugium
1226 3503 1289 3557 tam

14 3608 15 3611 ¹
92 3590 186 3652 subito
199 3611 261 3652 non
279 3592 403 3654 baberet
420 3592 453 3653 in
475 3610 656 3655 arcemcum
669 3591 731 3653 suis
750 3591 834 3655 omni
854 3590 1007 3654 dimonia
1027 3611 1137 3675 genere
1155 3600 1217 3654 tam
1235 3610 1290 3672 pro

93 3687 174 3768 equis
186 3706 277 3770 quam
297 3710 351 3772 pro
368 3688 540 3751 hominibus
558 3688 736 3753 dmtitutuur
756 3708 787 3750 se
807 3687 923 3771 recipit,
942 3688 995 3751 ubi
1013 3699 1077 3755 um
1094 3695 1176 3755 arcto
1193 3695 1290 3750 totum
