3225 4700
347 306 406 371 los
749 304 774 369 I
779 303 837 371 TI
840 301 1064 373 NERARI
1071 303 1157 371 UM.

345 460 398 523 sed
411 466 441 521 et
455 478 493 519 ex
506 456 603 519 insuld
620 455 737 518 Iisdnm
751 457 874 520 adfuere
891 456 1000 535 hostes,
1018 458 1072 540 qui
1089 467 1206 520 nostros
1218 454 1251 517 iu
1266 455 1373 539 fugam
1391 454 1574 536 conjecen

345 564 433 637 capto
450 554 543 616 Petro
558 553 644 615 Oroll
657 553 816 635 capitanei
833 554 1063 630 locumtenente,
1078 575 1148 615 enm
1164 552 1232 614 aliis
1247 552 1386 634 pauculis
1410 551 1563 612 Ibernis

343 649 490 734 vigesimi
505 649 611 731 quarta
624 650 770 731 ejusdem,
786 650 950 713 Wismario
964 651 1054 713 Sueci
1072 651 1235 712 emiserunt
1247 650 1387 730 equitnm
1408 659 1574 720 turmam,

344 748 398 829 qni
413 746 556 829 pauculos
571 747 696 828 Equites
709 755 739 808 et
752 746 878 809 famulos
891 750 908 809 ὲ
922 747 1041 831 legione
1054 746 1203 809 colonelli
1217 745 1326 807 Sichoii
1342 746 1375 805 in
1390 744 1574 825 captivita·

344 854 406 907 tem
427 843 626 905 abduxerunt.
673 842 804 914 Quantae
822 844 894 905 verb
916 844 998 905 circa
1018 842 1085 905 baec
1105 842 1172 903 loca
1192 842 1297 904 militis
1317 842 1418 903 nostri
1442 842 1574 902 fuerint

344 940 483 1015 miseriae,
502 939 565 1002 diei
580 950 632 1000 aut
647 939 777 1000 describi
794 960 855 1000 non
872 949 978 1021 potest,
997 940 1179 1021 cogebantur
1195 939 1277 999 enim
1293 938 1426 1021 integrm
1449 948 1574 999 turmae

344 1039 400 1099 sub
417 1046 519 1119 aperto
536 1037 628 1110 Jove,
645 1035 722 1098 coelo
738 1034 934 1117 frigidissimo
952 1036 1062 1098 multas
1079 1045 1182 1097 noctes
1200 1034 1330 1116 exigere,
1352 1035 1408 1095 vix
1429 1034 1570 1095 aliunde

343 1154 433 1214 quam
455 1134 574 1195 nivibus
594 1142 624 1194 et
637 1132 752 1214 pruinis
771 1131 942 1211 nuperrimis
958 1133 1048 1193 tecti:
1081 1132 1182 1212 Atque
1199 1130 1264 1192 haeo
1278 1131 1381 1191 omnia
1394 1133 1568 1193 tenacitati

344 1231 433 1291 unius
453 1239 507 1291 aut
522 1229 644 1291 alterius
662 1225 820 1288 Generalis
836 1226 1070 1309 imputabantur,
1086 1228 1139 1308 qui
1158 1225 1234 1315 licet
1245 1228 1303 1308 ipsi
1321 1228 1438 1289 milites
1457 1240 1566 1289 essent

343 1327 458 1409 egregii
472 1325 589 1386 nullum
603 1332 767 1384 metuentes
780 1323 906 1399 bostem,
922 1325 1058 1406 pecuniis
1070 1335 1171 1385 tamen
1185 1324 1314 1385 nimium
1330 1336 1489 1403 quantum
1505 1326 1562 1385 ad·

342 1422 506 1496 haerebant,
517 1421 644 1500 ideoque
654 1429 690 1481 ut
701 1440 768 1481 suas
779 1441 851 1501 opes
860 1431 1004 1503 augerent
1014 1420 1143 1481 militem
1154 1420 1303 1500 reliquum
1313 1422 1560 1501 pessundabant.

342 1517 459 1579 Audivi
473 1536 534 1577 non
548 1516 698 1577 neminem
711 1516 843 1593 illorum,
857 1518 1020 1598 aliquando
1033 1538 1065 1578 se
1078 1537 1147 1579 cum
1160 1516 1184 1578 J
1186 1537 1283 1578 oanne
1296 1518 1334 1579 de
1348 1517 1463 1579 Wertb
1477 1540 1557 1579 con·

343 1614 497 1687 ferentem,
509 1613 562 1674 sed
576 1612 639 1673 visa
652 1621 696 1673 est
708 1612 783 1673 mihi
796 1613 862 1675 baec
874 1613 994 1675 collatio
1003 1614 1085 1675 uelut
1096 1613 1209 1694 Reguli
1221 1634 1292 1674 cum
1301 1614 1430 1695 Aquili.
1462 1616 1556 1675 Wer-

343 1710 424 1773 tbius
438 1710 519 1771 enim
532 1708 633 1769 omnia
645 1729 714 1790 quae
729 1711 961 1792 aggrediebatur
974 1710 1036 1771 suis
1052 1710 1192 1791 auspiciis
1204 1718 1235 1771 et
1248 1710 1383 1772 consiliis
1398 1712 1533 1773 faciebat
1540 1736 1551 1788 3

345 1806 410 1868 Hic
423 1814 523 1867 autem
542 1805 669 1867 aliorum
680 1808 769 1886 jussu
782 1815 813 1867 et
828 1806 1027 1881 ordinatione,
1041 1816 1072 1867 et
1087 1806 1169 1886 quod
1184 1817 1274 1888 caput
1284 1816 1328 1868 est
1340 1808 1502 1869 Wertbius
1520 1831 1552 1869 se

343 1903 442 1984 potins
456 1923 546 1983 quam
560 1922 681 1963 suorum
695 1902 828 1963 militum
842 1903 974 1983 aliquem
988 1912 1099 1964 temere
1116 1903 1303 1983 perdidisset,
1317 1903 1367 1964 bie
1381 1914 1485 1965 autem
1504 1907 1550 1964 in·

344 2010 442 2081 tegnas
455 1998 586 2081 legiones
603 1998 701 2079 perire
717 1997 772 2058 sut
789 1998 916 2059 evantii
932 1999 1056 2060 sinebat.
1099 1998 1161 2061 Sed
1177 1999 1242 2060 boee
1258 2020 1328 2060 eum
1345 2000 1469 2061 alterius
1486 2003 1549 2063 sint

344 2096 412 2167 fori,
426 2096 467 2157 ad
479 2094 538 2155 alia
552 2094 789 2176 progrediamur.

386 2192 457 2253 Hoc
480 2212 559 2252 anno
582 2191 715 2272 quinque
742 2192 949 2274 Hispanorum
969 2193 1074 2269 millia,
1098 2193 1311 2255 anlrirolram
1331 2202 1459 2274 quatuor
1478 2196 1544 2257 auri

344 2309 416 2350 vase
436 2288 629 2349 devexerunt.
676 2288 716 2348 In
735 2289 925 2373 Portugallit
942 2311 1062 2373 quoqne
1080 2290 1189 2372 aliquis
1207 2300 1312 2353 contra
1327 2289 1542 2372 Hispaniarum

345 2388 461 2469 Regem
482 2395 579 2448 motus
599 2395 644 2447 est
659 2388 814 2460 excitatus,
835 2389 888 2468 qni
903 2398 1002 2451 tamen
1024 2409 1115 2469 qnam
1134 2409 1203 2449 mox
1222 2389 1342 2450 sedatus
1362 2399 1416 2450 est.
1458 2390 1543 2451 Obiit

344 2504 462 2566 quoque
478 2482 614 2544 Mantuae
630 2483 704 2544 Dux
716 2483 772 2545 boc
791 2486 896 2547 eodem
909 2507 999 2548 anno.
1041 2485 1104 2548 snb
1122 2485 1213 2546 linem
1227 2486 1251 2548 J
1253 2486 1370 2546 aunarii
1382 2487 1540 2548 Viae-Ma·

343 2579 506 2641 raschallus
517 2579 625 2640 Comes
639 2581 677 2640 de
688 2579 826 2663 Ridberg
840 2582 914 2642 dum
928 2603 981 2662 per
992 2603 1085 2662 aquas
1094 2581 1190 2664 glaeie
1204 2583 1358 2656 obductas,
1369 2583 1400 2642 in
1413 2585 1537 2646 insulam

346 2677 414 2758 Rye
433 2675 591 2738 transitum
607 2675 738 2751 molitur,
753 2679 967 2759 praemittitque
983 2700 1020 2740 ex
1038 2680 1173 2760 equitatu
1187 2681 1422 2762 quinquagenos,
1435 2683 1536 2762 quien

344 2773 501 2834 commode
521 2773 642 2834 transiri
661 2781 750 2853 queat
767 2781 901 2834 tentent:
930 2774 962 2834 hi
979 2796 1082 2836 omnes
1099 2796 1170 2836 eum
1186 2774 1306 2858 longius
1322 2777 1534 2856 processissent,

344 2871 441 2954 glaeie
454 2869 542 2952 rupti
555 2869 717 2950 perierunt,
729 2870 771 2931 ita
785 2879 820 2931 ut
833 2871 931 2932 redire
945 2872 1056 2933 (lomes
1069 2881 1186 2934 coaetus
1200 2872 1300 2934 luerit.
1335 2872 1418 2944 Quid
1429 2876 1534 2936 mirum

344 2969 426 3040 verb,
440 2968 465 3029 si
478 2966 658 3047 quandoque
673 2965 764 3027 Dans
777 2966 834 3027 sibi
847 2968 1073 3030 adversantibus
1089 2969 1285 3030 adversaturi
1325 2969 1465 3050 Quisquis
1480 2975 1533 3033 mi·

343 3062 430 3124 litum
446 3061 568 3124 Baccho
580 3071 610 3122 et
622 3062 735 3124 Veneri
753 3063 886 3139 deditur,
899 3085 977 3145 saepe
991 3065 1010 3126 ὲ
1025 3064 1096 3126 Duo
1111 3065 1276 3126 necessarii
1288 3087 1344 3148 ope
1359 3068 1529 3131 destituitur.

346 3159 530 3220 Pudendum
547 3169 591 3219 est
604 3159 694 3238 hodie
714 3171 813 3221 castm
828 3160 901 3222 illue
916 3161 1087 3238 defluxisse,
1102 3171 1138 3223 nt
1154 3163 1261 3223 merito
1274 3163 1400 3237 dubites,
1412 3184 1448 3225 an
1458 3166 1530 3228 inter

343 3253 454 3315 milites
465 3253 554 3316 Dans
567 3253 692 3331 colatur,
704 3256 752 3317 vel
766 3257 792 3317 si
806 3257 915 3320 colitur
927 3259 953 3319 is
966 3258 1016 3318 vel
1026 3258 1166 3319 Bacchum
1178 3266 1224 3318 est
1235 3259 1285 3320 rel
1295 3259 1406 3320 Venus.
1436 3261 1527 3333 Quam

343 3350 468 3430 quidem
488 3349 670 3431 impietatem
690 3353 801 3434 optime
821 3374 918 3434 nuper
937 3355 1111 3435 perstrinxit
1129 3355 1325 3435 pudicissima
1339 3357 1391 3418 illa
1401 3359 1483 3440 juxta
1499 3371 1526 3421 et

343 3445 529 3507 nobilissima
543 3446 686 3522 Domina,
702 3451 870 3510 Antouetta
888 3451 930 3511 La
947 3449 1017 3531 Ray
1031 3451 1063 3511 in
1076 3451 1234 3512 convivio:
1256 3453 1307 3513 cui
1323 3473 1391 3514 eum
1404 3454 1420 3515 l
1434 3457 1524 3538 magni

343 3542 475 3603 nominis
487 3541 559 3602 belli
575 3541 663 3604 Duce
675 3545 788 3606 vitrum
801 3557 971 3626 porrectum
984 3557 1071 3622 esset,
1082 3547 1114 3608 in
1127 3567 1189 3628 qno
1201 3567 1289 3608 sunm
1302 3548 1353 3610 ille
1365 3570 1422 3612 esse
1434 3553 1523 3614 Danu

343 3638 526 3716 venditabat,
539 3639 604 3721 ipsa
617 3639 740 3703 dimisso
750 3641 781 3702 in
795 3651 906 3704 terram
919 3645 936 3705 ὲ
949 3644 1086 3705 manibus
1099 3644 1177 3706 vitro
1189 3643 1241 3721 ait,
1255 3665 1325 3707 ecce
1340 3647 1435 3710 Dsurr
1447 3658 1522 3711 tunm
