3225 4700
341 349 405 417 298
577 343 862 413 EPISTULA
905 343 1054 412 DEDI
1059 341 1334 412 CATORIA.

387 498 483 560 Emisi
495 498 695 580 superioribus
709 498 835 560 annisin
845 498 943 559 lucem
956 496 1085 578 primam
1096 504 1127 556 et
1136 493 1318 556 secundam
1327 496 1449 572 partem
1459 507 1543 549 remu

347 598 377 658 in
390 595 510 678 Europb
520 605 670 678 gestarum
680 615 807 677 quarum
821 615 878 677 ego
887 591 1079 655 veloculatns
1087 591 1169 654 testis
1180 589 1310 664 adstiti,
1322 585 1375 648 vel
1385 585 1544 647 relationem

346 713 382 754 ex
393 692 465 752 viris
474 689 533 752 fids
542 692 725 775 dignissimis
733 693 847 772 accepi,
856 710 931 770 quos
938 689 1083 751 itinerarii
1093 689 1222 749 nomine
1234 683 1407 767 insignivi,
1413 692 1477 743 tum
1486 682 1544 760 qnia

347 787 380 848 in
394 788 500 848 itinere
513 787 641 848 existens
658 808 693 849 ac
710 787 837 849 subinde
854 786 925 846 hino
943 786 1092 865 istincque
1105 783 1372 863 interquiesoens,
1391 788 1427 838 ut
1444 785 1544 857 teinpus

347 883 501 965 negotioso
514 883 575 944 otio
588 883 721 946 fallerem
734 892 958 955 annomveram,
971 889 1036 942 tum
1049 899 1124 960 ques
1137 879 1243 940 varias
1257 876 1408 957 regiones
1419 873 1543 933 oberrem

346 999 416 1041 oum
430 979 524 1041 molta
537 979 630 1040 animi
644 979 703 1040 mei
715 977 878 1060 voluptate,
892 985 922 1038 et
934 977 1132 1038 admiratione
1140 975 1306 1035 videram:
1330 990 1439 1031 mum
1447 969 1543 1049 priore

347 1079 444 1154 partes
457 1082 517 1134 tuta
533 1071 798 1134 Excellentissimae
818 1069 1047 1141 Dominationis,
1063 1087 1099 1128 ac
1118 1066 1318 1128 lectissimae
1335 1063 1405 1144 ejus
1422 1061 1542 1142 conjugis

347 1167 463 1229 nomini
480 1168 661 1230 consecravi.
705 1167 798 1229 Nunc
812 1165 844 1227 in
857 1165 945 1229 tertii
958 1175 988 1227 et
1000 1162 1149 1246 postremi
1161 1161 1222 1224 hac
1238 1170 1333 1243 parte
1347 1160 1391 1220 ad
1408 1169 1439 1219 te
1450 1157 1541 1217 iterem

348 1275 516 1340 convertor,
530 1276 564 1328 ut
577 1264 673 1346 reipsd
687 1265 889 1344 comprobem,
903 1272 934 1323 te
948 1260 1150 1322 Patronornm
1164 1278 1315 1320 meorum
1335 1254 1442 1336 Alpba
1454 1274 1509 1313 esse
1519 1263 1543 1312 et

349 1359 468 1443 Omsga
480 1360 537 1422 hoc
557 1366 600 1421 est
617 1358 800 1442 principium
818 1360 850 1420 et
866 1356 968 1419 finem.
1010 1355 1111 1416 sumit
1129 1355 1162 1416 id
1180 1365 1239 1417 tua
1261 1355 1297 1414 in
1318 1377 1371 1417 me
1394 1349 1543 1411 humanitas

348 1457 439 1519 erlolt
451 1473 569 1517 mecum
583 1455 614 1515 in
628 1463 658 1516 te
672 1455 804 1516 studium
818 1454 871 1516 sed
881 1455 1026 1534 imprimis
1037 1453 1182 1516 virtmnm
1194 1463 1328 1514 tuarum
1340 1471 1438 1534 seges,
1449 1447 1541 1527 qmbns

350 1571 451 1613 omnes
466 1551 596 1631 Europe
610 1559 708 1632 partes
721 1549 873 1611 uberrimo
887 1561 917 1610 et
929 1549 1153 1613 mnndlmmo
1166 1558 1237 1611 satu
1253 1544 1462 1629 complevisti.

391 1649 487 1731 Cujus
499 1647 712 1709 fertilissimam
728 1667 812 1728 spem
829 1647 861 1708 in
877 1645 975 1728 prima
990 1645 1187 1708 adolescentis
1205 1645 1314 1707 aetatis
1333 1639 1429 1704 herm
1445 1638 1540 1721 promi·

350 1745 432 1806 sisti:
454 1764 545 1824 quem
559 1746 590 1804 in
604 1744 761 1826 procinctu
774 1743 878 1804 messis
891 1743 1038 1824 majoram
1052 1751 1171 1804 tuorum
1189 1741 1296 1802 oculis
1314 1737 1506 1820 spectandam
1519 1743 1543 1792 et

351 1841 550 1924 colligendam
564 1841 752 1923 proposuisti,
765 1839 886 1920 quando
895 1839 1010 1900 scilicet
1019 1838 1059 1900 ad
1074 1838 1201 1899 Domini
1213 1835 1383 1899 Avuncnli
1394 1833 1438 1895 tui
1448 1829 1540 1910 Magni

350 1936 431 1998 illius
444 1936 567 1998 Thomas
580 1955 667 2018 quem
684 1936 816 2017 Nigrum
832 1935 999 1996 Coaeteaeis
1017 1934 1166 2016 appellare
1180 1932 1316 2015 placuit,
1339 1949 1450 2014 puna,
1463 1943 1541 2007 prope

350 2034 440 2095 etiam
455 2043 527 2094 tnnc
541 2053 615 2113 puer
629 2033 660 2093 in
673 2032 845 2114 Carigiensi
860 2030 955 2093 Curii
969 2030 1111 2092 aceedisti
1124 2041 1155 2092 et
1172 2051 1261 2092 more
1282 2028 1393 2091 Patrio
1410 2024 1464 2086 sub
1479 2022 1539 2081 anni

351 2129 481 2191 ineuntis
495 2129 649 2190 exordium
662 2127 757 2190 fausti
770 2130 876 2189 cantis
891 2127 1095 2189 modulntione
1109 2127 1305 2207 auspicatum
1323 2124 1483 2185 decursam
1498 2137 1540 2195 ap

351 2244 474 2305 precans
494 2233 624 2285 strenam
644 2224 778 2305 exegisti.
821 2223 891 2295 Qno
908 2233 1043 2303 tempore
1060 2222 1124 2303 ipse
1145 2223 1203 2283 tuis
1221 2223 1306 2284 votis
1323 2235 1458 2281 annuens
1474 2210 1538 2272 vatis

353 2321 447 2382 instar
459 2339 542 2382 sacro
558 2319 759 2381 Endnsiasmo
770 2319 906 2402 perfusus
919 2320 1055 2391 adstante
1073 2318 1168 2389 multd
1183 2317 1401 2402 cognatorum
1418 2311 1539 2374 conmu-

353 2418 588 2499 guineorumque
609 2425 639 2477 et
656 2416 807 2498 praecipui
827 2416 982 2477 Ormoniae
1001 2414 1176 2495 Osoriaeque
1196 2412 1380 2477 Nobilitatis
1395 2404 1499 2470 ‹mrond
1511 2402 1536 2461 in

238 2578 241 2583 ,
353 2511 410 2572 hoc
429 2511 626 2580 Vatioinium,
646 2510 689 2572 Te
709 2508 866 2588 allocutus,
886 2512 1030 2593 prorupit.
1076 2509 1143 2573 Hos
1162 2510 1339 2573 Comitatus
1358 2524 1457 2566 metm
1473 2515 1537 2579 {⁹⁰⁰0

354 2616 478 2668 mortem
494 2607 668 2688 possidebis,
683 2606 869 2688 feliciterque
888 2608 961 2669 mihi
979 2610 1011 2669 in
1029 2610 1234 2671 hereditatem
1253 2604 1401 2669 succedes
1416 2612 1447 2660 et
1464 2596 1490 2657 P
1491 2612 1536 2654 ff*

354 2699 536 2760 dicessorum
550 2710 668 2761 tuorum
681 2700 849 2762 antistitum
864 2700 990 2764 bonores
1003 2712 1033 2765 et
1045 2702 1207 2784 dignitates
1220 2696 1390 2781 superabis·

396 2794 521 2857 Dictum
536 2796 656 2857 factum.
700 2794 766 2857 Nec
778 2799 957 2880 presagium
973 2798 1078 2860 fefellit
1093 2806 1218 2859 eventus
1235 2793 1357 2857 indoles
1373 2808 1441 2870 qnoe
1456 2784 1486 2845 in
1501 2790 1535 2840 lt

352 2892 468 2954 seriore
487 2900 572 2954 aetate
591 2900 650 2954 tuae
669 2892 822 2974 sapienties
842 2893 1029 2974 praeludebat
1051 2892 1283 2956 succedentibus
1306 2887 1396 2950 annis
1416 2879 1537 2960 majore

353 2997 420 3049 tuos
434 2990 626 3069 praecederes.
648 2986 733 3049 Felix
748 2988 871 3049 omnino
883 2998 994 3049 mrum
1007 2988 1076 3063 fuit,
1088 2988 1172 3070 quod
1184 2986 1339 3049 nativitati
1354 2993 1413 3045 tnse
1425 2968 1534 3037 alluit!

353 3084 425 3145 felix
438 3094 622 3146 momentum
636 3084 718 3163 quod
735 3092 764 3145 te
781 3086 909 3146 materni
925 3086 1002 3146 uteri
1021 3086 1189 3147 carceribus
1206 3084 1238 3145 in
1255 3081 1430 3145 liberiorem
1448 3074 1534 3130 ntem

354 3180 470 3241 emisit!
492 3182 605 3243 faustus
618 3181 746 3241 nuncius
758 3181 812 3261 ‘qui
825 3190 924 3242 ortum
937 3190 1023 3243 tunm
1033 3181 1178 3243 exultanti
1187 3180 1294 3263 patriae
1309 3169 1460 3257 vulgavit!
1482 3164 1532 3224 ior·

355 3283 457 3336 tnnata
472 3277 617 3338 Ormonis
631 3287 661 3337 et
675 3276 790 3337 Osoriae
804 3296 872 3356 quae
885 3284 916 3337 te
930 3276 1140 3339 Moschionem
1151 3285 1183 3338 et
1197 3276 1378 3346 Dominum,
1389 3256 1533 3349 quidverb

355 3371 402 3431 aio
418 3370 603 3432 Dominum?
625 3372 702 3445 Qum
716 3381 745 3433 te
760 3371 872 3432 Patriae
884 3372 1007 3433 Patrem
1018 3374 1159 3448 salutm,
1169 3371 1272 3433 laudes
1282 3381 1351 3432 tuas
1358 3355 1528 3427 festivissima

356 3469 511 3549 Panegyri
536 3470 695 3543 celebrant,
720 3468 865 3529 virtutum
889 3477 1009 3530 tuarum
1035 3468 1265 3549 amplitudinem
1288 3467 1329 3528 ad
1351 3462 1429 3544 ipsos
1446 3464 1529 3528 ¹¹⁸l¹¹⁰

355 3566 466 3627 salites
488 3564 626 3625 evehunt.
668 3565 736 3625 Tibi
755 3565 834 3624 enim
852 3574 882 3626 et
900 3564 1105 3625 invictissimis
1121 3565 1181 3625 tuis
1195 3565 1288 3625 armis
1307 3552 1524 3623 incolumitatem

355 3664 447 3725 vitam
462 3663 653 3744 fortunasque
667 3661 759 3722 libere
773 3682 803 3721 se
818 3661 925 3723 debere
942 3659 1128 3742 profitentur.
1171 3660 1255 3722 lnter
1268 3662 1332 3732 bos,
1347 3672 1404 3736 ego
1420 3645 1526 3709 iniimus
