3225 4700
506 339 908 424 ITINE'RARIUM.
1235 359 1300 424 aes

102 509 215 570 mentis
236 510 276 571 ad
299 511 464 573 Generales
484 513 660 573 conclusum
682 522 737 581 est,
762 511 855 592 quod,
880 511 1126 593 prosequentibus
1145 511 1225 572 bona
1246 531 1300 572 aua

100 605 280 668 officialibus
293 607 415 670 factum.
459 609 530 672 Hoc
549 621 583 672 ut
596 610 738 672 viderunt
757 609 867 670 milites
883 608 1034 670 officiariis
1052 609 1197 682 destituti,
1216 609 1299 670 anxii

101 703 306 765 reddebantur
319 706 358 766 de
371 727 471 766 rerum
486 716 606 782 aventu,
623 706 701 768 unde
714 706 813 788 primb
827 704 959 786 pauculi,
974 725 1045 765 mox
1058 705 1158 786 plures
1172 705 1299 767 transire

100 799 143 858 ad
162 799 310 862 victomm
327 812 426 883 partes
446 804 643 876 constituunt,
663 813 780 864 etcum
800 823 867 863 eam
886 803 924 863 ob
938 821 1058 864 causam
1077 802 1222 863 dissensio
1235 811 1300 863 orta

100 894 208 957 suisset
223 896 302 958 inter
314 898 435 974 milites,
451 901 504 979 qui
516 899 624 981 reliqui
637 900 766 976 fuerant,
778 921 834 962 nec
848 900 885 960 de
900 898 1066 961 desectione
1078 899 1257 980 cogitarant,
1268 897 1297 958 vi

100 991 328 1068 abstrahuntur,
351 1005 382 1056 et
403 1017 457 1076 per
480 997 613 1080 legiones
634 997 788 1059 caumas
810 997 1000 1058 dividuntur.
1044 993 1211 1076 Displicuit
1232 993 1298 1056 haec

101 1089 343 1153 audaciamnltis
351 1093 405 1154 sed
419 1093 566 1175 imprimis
574 1095 626 1156 nbi
637 1095 769 1156 innotuit
778 1093 989 1167 Generalibus,
1001 1092 1165 1172 quistatim
1177 1091 1298 1152 concla-

100 1195 216 1254 eerunt‚
237 1207 292 1248 sua
309 1189 406 1250 cnivis
425 1189 642 1271 impedimenta
660 1211 724 1252 esse
742 1190 954 1272 permittenda,
974 1187 1086 1250 milites
1105 1207 1224 1268 quoque
1245 1189 1297 1268 qui

101 1301 135 1341 sc
149 1281 229 1343 ultro
242 1284 390 1345 victorum
404 1287 538 1367 partibus
555 1308 615 1348 non
635 1287 853 1369 adjunxissent,
868 1285 918 1347 rel
935 1305 1005 1346 cam
1019 1284 1164 1347 Caesareis
1179 1303 1298 1344 manere

102 1398 164 1438 non
182 1379 416 1458 constituissent,
436 1382 643 1456 dimittendos,
661 1404 697 1444 ac
714 1393 805 1466 prout
820 1383 938 1464 petebat
953 1380 1212 1442 Brunckhorstiue
1226 1379 1298 1440 We-

100 1473 209 1536 saliam
225 1475 400 1539 Hollandias
413 1499 477 1541 esse
491 1480 695 1542 deducendos.

144 1570 359 1636 Lamentabilis
377 1575 436 1637 t’uit
455 1576 580 1637 duorum
601 1577 807 1639 caesareorum
829 1575 953 1637 Ducum
975 1575 1083 1648 exitus,
1104 1571 1158 1653 qui
1179 1573 1211 1634 iu
1231 1573 1296 1635 bac

100 1680 240 1748 tempora
252 1669 369 1732 incidit.
411 1673 508 1734 Erant
526 1673 572 1735 illi
589 1673 764 1736 Colonellus
780 1669 913 1756 Spiegel,
932 1681 962 1733 et
975 1668 1150 1733 Colonellus
1167 1669 1296 1753 Dnglas,

103 1775 230 1845 uterque
243 1766 283 1827 ad
295 1787 380 1828 arma
392 1780 557 1851 promptas.
599 1771 730 1832 Miserat
747 1770 802 1831 hos
820 1768 1034 1832 serenissimus
1048 1765 1208 1827 Archidax
1223 1766 1296 1827 Leo-

102 1859 212 1940 poldus
227 1862 407 1926 Wilbelmus
420 1865 580 1928 Sittariam
590 1878 702 1928 etcum
712 1866 908 1930 Snecicoram
921 1883 1072 1925 armorum
1083 1861 1211 1923 ducibus
1220 1870 1298 1922 trac-

101 1967 212 2032 tarent,
227 1959 260 2020 id
269 1960 353 2039 qnod
362 1960 490 2023 feliciter
499 1972 530 2023 et
540 1963 744 2024 citraomnem
756 1962 971 2025 dissensionem
981 1960 1093 2021 sactum
1104 1967 1158 2018 cst.
1188 1957 1297 2019 Finitis

101 2056 267 2130 tractabas,
280 2065 315 2116 ut
327 2056 394 2120 lieri
407 2059 524 2130 assolet,
537 2059 654 2121 lautum
669 2061 843 2122 convivium
860 2059 879 2121 a
893 2058 1027 2121 Suecicis
1040 2045 1219 2138 quibusdam
1233 2055 1297 2117 offi-

101 2150 229 2212 cialibus
245 2163 291 2214 est
309 2153 491 2228 institutum,
505 2156 536 2216 in
551 2177 611 2236 quo
631 2177 686 2237 pro
701 2177 782 2218 more
799 2155 965 2238 largissimi
983 2155 1140 2236 potitatum
1155 2162 1218 2227 est;
1246 2173 1297 2213 ex·

101 2247 186 2320 inde,
206 2249 289 2327 quod
305 2251 506 2312 communiter
527 2253 676 2326 usuvenit,
694 2253 727 2313 in
747 2253 828 2314 rixas
848 2253 934 2322 itum,
949 2261 979 2312 ct
996 2249 1094 2311 verbis
1113 2248 1296 2310 contentiose

101 2355 263 2422 certatum,
278 2347 355 2409 adeo
371 2357 405 2408 ut
422 2347 497 2410 dicti
511 2349 573 2411 duo
586 2349 747 2425 Colonelli,
763 2370 835 2413 cum
849 2348 1023 2411 alteralteri
1037 2348 1143 2409 cedere
1157 2345 1295 2423 nesciret,

100 2442 234 2521 asperius
253 2443 360 2518 collisi,
381 2466 445 2506 sese
463 2446 569 2507 mirtub
587 2447 627 2507 ad
646 2446 783 2507 duellum
803 2446 1005 2521 erocarerint,
1027 2444 1059 2505 iu
1076 2464 1137 2525 quo
1154 2443 1227 2504 dam
1243 2464 1296 2504 en-

100 2535 206 2600 dactcr
219 2540 387 2615 decertant,
404 2541 540 2603 funestus
555 2542 681 2603 omnino
696 2543 811 2604 accidit
823 2562 920 2611 maus,
935 2551 969 2602 ut
987 2540 1102 2603 scilicet
1117 2540 1222 2601 eodem
1236 2540 1297 2602 fere

100 2645 254 2696 momento
276 2637 365 2696 ambo
387 2635 523 2718 sclcpum
542 2638 618 2699 alter
636 2638 668 2698 in
689 2637 817 2699 alterum
838 2637 1039 2707 exonerarint,
1059 2656 1094 2697 ac
1115 2656 1146 2697 se
1163 2636 1297 2698 vicissim

101 2732 244 2813 plumbea
261 2732 372 2813 glande
388 2734 571 2814 trajecerint,
592 2754 628 2795 ac
650 2734 802 2815 Spigelins
823 2735 946 2815 quidem
969 2733 1053 2794 nullo
1072 2732 1196 2794 ulterius
1216 2734 1298 2795 edito

101 2826 191 2909 signo
205 2828 409 2889 miserandum
431 2830 461 2890 in
483 2830 608 2891 modum
626 2830 778 2905 occubuit,
799 2830 967 2913 Duglasius
988 2829 1060 2890 verb
1078 2849 1158 2911 aegre
1177 2828 1297 2891 trahens

101 2923 252 3003 spiritum,
265 2924 305 2984 ad
318 2925 476 2986 dimidiam
490 2946 549 2986 non
564 2926 692 3007 amplius
705 2925 809 2987 boram
822 2927 996 3006 supervixit.

144 3019 310 3082 Geminum
325 3020 396 3081 huic
409 3022 548 3101 estquod
561 3022 734 3105 Hamburgi
748 3043 808 3084 non
823 3022 919 3084 multd
932 3033 1000 3105 post
1012 3022 1151 3105 contigit,
1161 3024 1213 3084 ubi
1227 3024 1297 3085 rerd

8 3097 18 3146 ³
102 3128 237 3177 extrema
255 3118 360 3199 gaudii
379 3118 478 3179 luctus
497 3119 666 3199 occupavit.
709 3119 772 3179 Res
790 3120 833 3180 ita
847 3118 945 3181 babet
988 3119 1175 3180 Inritarerat
1198 3118 1297 3179 Gene-

101 3211 173 3274 ralis
186 3214 359 3297 vigiliarum
379 3214 546 3276 Praeseuus
561 3215 635 3277 Pful
654 3216 695 3277 ad
713 3215 828 3277 lautum
845 3216 1018 3277 convivium
1032 3214 1208 3297 praecipuos,
1223 3236 1297 3296 qnos

102 3309 171 3371 istic
189 3321 349 3391 repererat,
365 3309 539 3381 belliduces,
554 3311 606 3392 qui
627 3322 661 3373 ut
677 3312 860 3373 addixerunt
879 3314 1045 3374 convenere
1063 3312 1243 3392 frequentes,
1264 3322 1298 3373 ut

10 3381 16 3424 ἰ
101 3405 275 3483 liberaliter,
297 3407 378 3487 quod
398 3406 569 3468 institutum
589 3419 662 3482 crat,
684 3418 891 3470 tractarentur.
934 3408 998 3469 Hic
1019 3409 1091 3469 dum
1112 3409 1299 3471 accumbitur

101 3500 180 3562 citra
195 3502 287 3563 ullam
302 3502 397 3564 animi
416 3504 680 3583 perturbationem,
697 3506 863 3585 aequalibus
882 3504 1056 3578 haustubus,
1075 3505 1114 3565 ad
1130 3524 1206 3585 quos
1222 3504 1298 3565 alter

100 3598 227 3659 alterum
245 3599 401 3674 invitabat,
421 3610 569 3661 certatum
590 3601 721 3671 suenni,
741 3602 795 3663 sed
815 3611 845 3663 et
863 3602 962 3662 subito
981 3601 1082 3663 nescio
1099 3601 1182 3681 quod
1197 3611 1296 3661 ortum

10 3692 18 3708 '
99 3693 159 3755 suit
172 3695 249 3756 iuter
259 3695 282 3756 J
285 3696 420 3756 uniorem
430 3694 639 3777 Kuipbauseu‚
651 3707 680 3759 et
690 3718 863 3780 supremum
875 3697 987 3779 vigiliis
999 3698 1181 3760 Praefectum
1194 3699 1297 3759 Wich·
