3225 4700
500 317 528 383 I
533 319 820 388 TINERARI
826 320 914 387 UM.
1237 328 1300 394 229

100 474 134 527 et
148 485 310 549 operarum
323 468 396 531 curt
416 470 515 550 sepsit,
532 471 699 553 fossamque
717 474 757 535 ud
773 472 855 535 vium
873 494 942 555 quoe
962 475 1048 538 ducit
1066 476 1300 560 Bapaumesium

102 583 230 646 egerere
244 563 350 637 voluit,
364 584 424 647 que
436 565 566 628 hostium
587 568 768 649 irruptiones
786 569 805 631 l
820 571 883 632 suis
895 571 999 633 uacuis
1012 572 1190 653 prohiberet.
1232 574 1302 636 Ma·

102 659 272 722 renchallus
290 661 328 722 de
343 661 455 723 Gesion
477 664 530 744 qui
551 665 695 745 equitatui
711 676 840 746 praeerat
861 686 915 729 sua
927 669 1053 731 statione
1067 668 1302 732 Muresohullum

102 756 145 817 de
161 756 251 819 Ferte
263 758 439 840 attingebat,
451 760 703 841 munimentisque
716 762 779 823 suis
791 762 940 823 sociorum
957 783 1083 846 aggeres
1100 766 1301 829 continuabat.

103 852 283 915 Colonellus
296 854 425 936 denique
438 856 584 919 Rautuuw
601 857 786 919 Bainvillam
799 868 928 939 quatuor
941 860 1092 923 fortalitiis
1107 862 1302 924 circumdux-

104 963 183 1030 erat,
198 966 288 1035 atque
300 966 337 1016 ex
350 956 487 1017 omnibus
500 956 629 1018 vicinior
644 964 707 1017 erut
724 954 861 1017 obsessis.
901 955 977 1017 Tota
988 976 1061 1019 vero
1076 967 1174 1020 costra
1186 959 1303 1041 duplici

104 1053 233 1134 insuper
246 1053 435 1127 abscissione,
450 1062 485 1115 ut
496 1060 616 1126 vocant,
630 1059 849 1132 separaverant,
868 1071 907 1113 ne
921 1072 984 1133 qus
996 1051 1168 1115 Cardinulis
1185 1054 1301 1133 Iussus,

104 1149 165 1229 qui
183 1149 329 1231 expeditis
346 1150 378 1210 iu
398 1148 541 1211 Flundria
558 1148 686 1231 negotiis
704 1166 774 1207 eum
795 1146 906 1209 eximio
924 1147 1056 1210 exercitu
1075 1148 1303 1213 fortissimorum

105 1245 246 1325 equitum
265 1245 458 1327 peditumque
476 1245 639 1307 adventure
655 1242 810 1305 dicebatur
829 1242 1010 1305 solutionem
1025 1244 1189 1307 obsidionis
1208 1255 1303 1307 teum

106 1350 206 1416 turus,
220 1341 309 1404 facile
323 1342 488 1422 irrumpere
502 1341 640 1421 ipsosque
654 1339 778 1401 obruere
791 1348 900 1422 posset

150 1441 248 1500 Arcta
263 1439 365 1521 itaque
382 1437 536 1499 obsidione
552 1435 760 1499 concluserant
772 1436 888 1513 urbem,
901 1456 972 1498 cum
987 1458 1057 1501 ecce
1070 1438 1126 1501 tibi
1138 1440 1248 1502 obsessi
1266 1461 1304 1503 ex

108 1536 234 1598 civitate
246 1556 357 1619 magno
370 1556 441 1597 eum
454 1535 569 1596 fervore
583 1542 744 1615 erumpunt
757 1542 848 1613 atque
862 1534 895 1594 in
908 1534 1136 1599 Rantuavenum
1146 1538 1304 1601 stationem

109 1634 259 1715 impetum
273 1630 397 1706 fuciunt,
412 1631 466 1693 sed
483 1629 667 1713 repelluntur
682 1637 750 1711 post
766 1628 982 1710 aliquantulum
1000 1632 1223 1696 dimicationem
1243 1655 1304 1696 non

109 1730 177 1791 sine
190 1729 345 1811 utriusque
358 1728 451 1810 partis
464 1726 667 1810 sanguinein
682 1745 742 1807 qua
755 1726 879 1806 quidem
897 1726 1064 1808 irruptione
1081 1727 1145 1810 ipse
1158 1731 1305 1794 Rantuaw

111 1828 232 1889 duabus
244 1824 404 1906 glandibus
415 1822 562 1905 plumbeis
574 1820 722 1883 lethaliter
733 1830 778 1883 est
788 1821 972 1883 vulneratus.
1005 1822 1076 1884 Hac
1085 1833 1185 1907 strage
1194 1826 1305 1889 obsessi

112 1924 287 1987 audaciores
300 1942 362 1983 non
377 1921 472 1983 multo
484 1929 551 2001 post
564 1918 674 1979 iterum
689 1917 936 1998 Millerayiunum
954 1920 1083 1982 militem
1101 1942 1138 1982 ex
1156 1923 1306 2004 insperato

112 2022 257 2093 obruunt,
271 2036 432 2098 omnesque
448 2016 547 2097 copias
560 2014 674 2094 aliquot
685 2013 820 2095 passibus
833 2015 997 2096 majoribus
1008 2017 1117 2078 animis
1130 2038 1221 2099 quem
1234 2020 1307 2081 viri.

112 2120 172 2179 bus
186 2126 266 2177 retro
278 2114 403 2196 pellunt,
421 2121 452 2174 et
471 2132 509 2173 ue
526 2111 615 2173 vacui
631 2110 764 2173 redirent
776 2110 809 2171 in
824 2110 926 2172 urbem
940 2111 1072 2192 plurimu
1086 2133 1194 2196 peoora
1208 2114 1306 2177 Gallis

115 2224 220 2294 erepta
232 2211 342 2293 predas
355 2209 422 2271 loco
435 2207 632 2270 animositatis
651 2225 714 2269 suae
731 2207 891 2288 praemiuuu
909 2216 939 2269 et
956 2210 1093 2291 generod
1110 2211 1203 2273 animi
1222 2212 1306 2274 testi·

116 2308 253 2372 monium
266 2308 423 2370 reducunt.

158 2405 292 2488 Hispani
305 2404 425 2465 interim
438 2403 478 2465 ad
493 2401 666 2464 Betbuuam
679 2420 790 2484 magno
803 2421 928 2464 numero
937 2401 1140 2485 colliguntur3
1162 2413 1193 2466 et
1206 2406 1306 2468 Gene-

116 2503 189 2565 ralis
201 2502 323 2583 quidem
338 2500 442 2581 Major
461 2498 596 2579 Inmboy
610 2518 703 2560 morae
720 2498 878 2578 impatiens
895 2497 969 2560 dum
990 2499 1043 2560 ulii
1061 2500 1306 2581 interquiescuut,

116 2619 187 2661 eum
205 2597 305 2660 Gallis
323 2595 529 2679 congreditur,
543 2595 711 2675 turrimque
723 2595 845 2675 copioso
865 2593 1050 2657 Francorum
1067 2596 1163 2658 milite
1176 2597 1307 2660 cinctum

115 2697 322 2776 munitumque
338 2693 467 2769 invadit,
485 2701 656 2773 armataque
675 2709 767 2751 manu
781 2690 916 2752 muscula
932 2710 1053 2753 suorum
1068 2693 1178 2755 virtuto
1194 2713 1308 2777 expug-

116 2803 187 2868 uat3
208 2811 300 2872 quam
316 2811 387 2852 cum
406 2788 489 2852 Galli
505 2801 633 2870 quatuor
647 2786 862 2868 irruptionibus
883 2807 1059 2869 recuperare
1074 2790 1221 2866 nituntur,
1241 2791 1308 2872 plu·

117 2889 209 2950 rimus
231 2907 353 2950 suorum
369 2885 472 2968 magui
494 2883 625 2947 nominis
637 2884 718 2946 rircs
738 2882 834 2944 Marti
846 2883 1006 2947 victimant
1021 2894 1052 2947 et
1068 2885 1167 2966 primo
1184 2888 1307 2967 quidem

119 2984 328 3046 Marchiouem
346 2983 385 3046 de
399 2982 530 3044 Gessure
547 2999 585 3042 eu
603 2979 727 3041 vulnere
745 2989 877 3060 captum,
892 2982 1024 3043 secundo
1043 2981 1253 3044 Murohiouem
1268 2982 1308 3046 dc

120 3081 263 3157 Breuem,
277 3080 332 3161 qui
347 3079 500 3154 occubuit,
514 3076 603 3138 tertio
623 3067 833 3138 Murcluionem
849 3063 997 3139 de'Breue
1010 3078 1064 3159 qui
1081 3079 1218 3141 similitor
1230 3100 1309 3141 mor·

119 3187 179 3240 tem
193 3179 252 3239 isto
267 3177 300 3238 in
316 3175 419 3258 proelic
435 3173 569 3256 oppetiit.
610 3172 727 3245 Quarto
745 3173 913 3234 Dominum
934 3174 972 3235 de
987 3174 1155 3237 Vultirnont
1173 3176 1309 3272 equitum

121 3277 276 3336 ductorem
289 3272 455 3355 egregium,
469 3269 523 3351 qui
536 3269 618 3353 ipsus
636 3289 756 3351 quoque
773 3268 927 3331 luculentd
942 3270 1033 3354 plagi
1047 3271 1172 3347 interiit,
1185 3272 1309 3353 ejusque

20 3369 21 3396 ¹
122 3371 250 3433 morer
267 3379 370 3452 postea
387 3368 427 3430 ad
441 3375 539 3430 castra
563 3366 735 3447 Iumboyca
755 3366 881 3428 ductum
902 3375 958 3442 est,
976 3367 1081 3447 quinto
1103 3367 1256 3430 Beronem
1270 3369 1310 3432 de

123 3467 254 3528 Murette
272 3466 410 3528 Fratrem
426 3464 554 3527 Comitis
570 3463 609 3524 de
622 3463 790 3539 Graudsec‚
805 3463 860 3544 qui
877 3482 938 3524 non
951 3463 1051 3524 minus
1069 3482 1105 3525 eu
1122 3464 1236 3546 priores
1251 3465 1310 3527 boc

123 3563 186 3645 ipso
199 3563 343 3625 conflictu
352 3562 453 3623 visere
463 3559 562 3635 desiit,
574 3570 657 3622 sexto
669 3559 823 3622 Beronum
832 3561 871 3622 de
880 3558 1030 3642 Egeubell
1039 3569 1171 3642 captum,
1183 3561 1310 3642 septimo

125 3659 275 3723 Berouem
286 3659 324 3721 de
336 3655 491 3722 Nsusvills
501 3661 661 3732 mortuum,
673 3665 778 3718 octavo
787 3656 918 3737 equitem
927 3657 965 3718 de
974 3655 1005 3716 la
1016 3656 1138 3738 Iouppe
1146 3665 1309 3730 mortuum,
