3225 4700
315 325 379 392 284
710 324 731 388 1
739 321 1018 390 TINERARI
1025 319 1107 387 UM.

318 474 452 555 gimento
465 472 589 557 vulgare
601 495 639 536 ue
653 473 832 556 gravemini,
844 474 898 537 sad
911 472 1068 536 authorem
1085 468 1163 532 nulli
1178 485 1298 550 prorsus
1312 462 1523 526 manifestate.

319 571 430 652 Pragoe
445 571 494 632 die
509 574 539 631 8.
554 571 662 632 Martii
676 572 769 633 Anno
786 574 873 631 1640.

838 665 985 728 Amadilis
998 667 1120 726 Amicus
1134 665 1177 722 D.
1196 663 1229 721 V.

1016 761 1188 822 Panaretus
1200 757 1433 817 Rmncusnur.

766 939 881 1007 Glosaa
896 939 1063 1006 Aetheria.

325 1055 511 1206 ERRAS
527 1058 659 1120 virorum
672 1059 798 1141 pessime
812 1058 895 1140 quod
907 1077 1014 1140 parum
1027 1057 1099 1118 vere
1108 1050 1344 1116 comminisceris
1352 1067 1402 1109 me
1413 1047 1521 1110 Cona-

413 1176 515 1221 cenaes
537 1165 567 1217 et
587 1156 779 1218 Ultonieuses
796 1156 947 1237 appellare
966 1155 1084 1216 rabidos
1102 1169 1202 1224 caum,
1220 1148 1275 1210 sed
1292 1166 1348 1208 neo
1363 1144 1523 1206 Barbaros

321 1270 424 1313 omnes
437 1273 531 1317 voco:
554 1255 624 1317 Hoc
638 1263 754 1316 tantum
767 1273 806 1313 ex
817 1253 850 1314 S.
865 1251 1024 1314 Bernardo
1036 1269 1136 1311 assero
1148 1246 1222 1309 olim
1238 1244 1330 1306 faisse
1349 1241 1521 1310 Barbaros,

322 1357 352 1410 et
365 1369 403 1410 ex
416 1352 630 1414 consuetudine
644 1371 714 1412 cum
727 1348 840 1433 Anglis
853 1349 1024 1430 deposuisse
1036 1347 1179 1410 ferociam
1191 1351 1222 1404 et
1234 1340 1368 1402 induisse
1377 1355 1523 1398 mansue·

322 1445 411 1507 tiores
425 1467 531 1508 mores.
574 1446 665 1520 Quod
677 1467 750 1508 vero
763 1455 795 1509 tn
810 1445 916 1508 asseris
928 1445 967 1506 de
981 1444 1093 1506 rabidis
1105 1441 1230 1504 canibus
1246 1436 1296 1498 vel
1313 1456 1351 1496 ex
1370 1453 1456 1495 mera
1467 1452 1522 1492 ca-

322 1540 490 1604 lumniandi
503 1541 655 1624 voluptate
668 1542 743 1604 mihi
757 1541 885 1624 affingis,
899 1539 948 1601 vel
960 1539 1033 1620 quia
1045 1537 1181 1600 libellum
1195 1552 1297 1596 meum
1311 1550 1374 1592 non
1392 1529 1522 1610 inspex-

323 1636 372 1696 isti
386 1637 474 1709 serio‚
488 1638 535 1700 vel
549 1639 621 1719 quia
635 1659 695 1699 non
710 1637 864 1720 intelligis,
879 1637 961 1718 quod
973 1634 1090 1716 scripsi.

364 1731 448 1804 Quos
467 1754 537 1795 vero
556 1754 652 1796 vanus
671 1733 828 1796 Poetaster
845 1731 1014 1814 compilasti
1030 1739 1136 1792 contm
1153 1747 1202 1789 me
1219 1743 1333 1797 versus,
1351 1741 1466 1802 eosque
1485 1720 1520 1780 in

323 1828 431 1910 vulgus
439 1831 569 1892 militum
581 1830 707 1892 sollicite
718 1830 858 1892 seminari
868 1828 1002 1903 voluisti,
1012 1847 1114 1888 eorum
1124 1822 1342 1886 calumniarum
1352 1826 1519 1878 torrentem

323 1923 342 1984 ὲ
357 1945 404 1985 me
417 1925 572 1988 amolitum
586 1926 617 1986 in
631 1936 661 1988 te
674 1946 789 2009 rogero,
804 1924 956 2005 talemque
968 1934 998 1986 te
1012 1923 1093 1985 orbis
1105 1920 1236 1995 habebit,
1249 1917 1347 1999 quoad
1365 1933 1417 1975 me
1429 1911 1520 1974 illum

324 2021 493 2101 probaveris
506 2043 596 2102 quem
610 2022 724 2083 tinxisti
735 2045 743 2083 a
765 2021 859 2083 verbo
867 2019 944 2082 habe
953 2040 1051 2082 meam
1060 2021 1098 2081 de
1108 2018 1168 2079 tuis
1180 2015 1316 2077 versibus
1326 2009 1518 2072 sententiam.

324 2117 397 2178 Tuis
417 2137 466 2179 me
478 2117 542 2179 illic
554 2117 703 2179 coloribus
721 2117 883 2198 injuriosus
895 2117 992 2198 pictor
1005 2113 1199 2178 adumbrusti.
1238 2112 1327 2172 Tues.
1367 2104 1520 2167 Tenebra-

324 2233 374 2274 sus
387 2222 417 2274 et
430 2213 587 2288 Tenebrio,
602 2212 823 2289 Hallncinatar‚
839 2213 988 2285 Mendax,
1003 2211 1198 2286 Ambitiosns,
1215 2206 1372 2289 Stupidus,
1384 2199 1517 2275 Rabula,

326 2310 469 2383 Vinosae,
484 2309 571 2371 Erro.

366 2406 526 2479 Quomodo
545 2407 626 2468 enim
648 2417 677 2469 te
698 2406 852 2469 tartarium
873 2421 984 2467 torrem
1003 2424 1066 2466 esse
1086 2413 1196 2486 optem,
1218 2400 1273 2482 qni
1294 2418 1363 2461 cam
1382 2397 1516 2459 Doctore

325 2503 462 2584 gentium
477 2503 576 2565 Paulo
588 2524 691 2565 omnes
702 2503 792 2585 cupio
806 2502 883 2564 coelo
895 2500 1082 2563 lacrifacere.
1120 2498 1306 2560 Tenebrosns
1321 2505 1353 2557 et
1368 2488 1518 2554 Tenebrio

326 2597 432 2659 merito
446 2596 495 2660 vel
507 2608 559 2660 tuo
572 2599 686 2660 indicio
697 2598 794 2673 andis,
809 2596 1055 2680 quandoquidem
1072 2605 1102 2657 te
1115 2604 1268 2657 auctorem
1279 2610 1419 2655 versuum
1434 2596 1515 2649 tene·

326 2692 388 2753 bris
405 2694 548 2755 abscondi
560 2695 661 2776 jubes.
705 2693 900 2769 Hellnonem‚
921 2692 1074 2773 Hydram,
1095 2691 1295 2772 Hypocritam
1312 2708 1404 2771 agere
1418 2706 1515 2748 sacer·

327 2790 429 2852 dotem
443 2790 571 2851 nimium
584 2792 756 2871 probrosum
770 2800 825 2865 est,
839 2791 908 2852 ideo
920 2790 1054 2851 abstineo
1066 2797 1128 2850 tam
1137 2784 1377 2869 significantibus
1385 2781 1516 2866 appella-

327 2887 468 2948 tionibus.
513 2886 773 2949 Hellucinatorem
787 2896 817 2948 te
829 2906 906 2948 uoco
918 2887 992 2968 qnia
1004 2885 1160 2967 splendide
1173 2883 1374 2945 hallucinatus
1388 2902 1430 2956 es,
1445 2900 1514 2942 cum

326 2985 451 3065 putabas
472 3003 521 3045 me
545 2992 596 3044 tuo
620 2982 761 3063 penicillo
781 2982 958 3045 deformare.
1006 2982 1077 3043 Scio
1096 2982 1237 3063 equidem
1260 2980 1293 3042 in
1317 2979 1514 3042 sacerdotium

327 3080 519 3141 mendacium
536 3079 644 3141 cadere
661 3098 721 3139 non
739 3078 859 3149 debere,
875 3078 948 3159 qnia
963 3086 1063 3139 tamen
1079 3096 1128 3139 me
1144 3078 1321 3154 mendacem
1338 3078 1403 3139 sine
1420 3077 1515 3139 fronte

326 3176 442 3251 macris,
457 3176 489 3237 iu
503 3184 589 3237 tuum
601 3174 700 3237 sinum
715 3194 835 3236 revomo
848 3173 1008 3245 vomicam,
1023 3172 1043 3234 b
1055 3183 1085 3234 te
1097 3174 1223 3255 turpiter
1235 3173 1343 3235 fusam.
1376 3174 1446 3235 Non
1458 3194 1512 3255 pu·

329 3273 381 3334 det
398 3272 470 3333 verb
491 3280 521 3333 te
539 3273 584 3334 tui
600 3270 730 3353 stuporis
748 3290 820 3333 cum
839 3289 888 3331 me
907 3270 1096 3353 sacrilegum,
1118 3270 1316 3345 seductorem,
1334 3270 1461 3342 simiam,
1480 3282 1511 3334 et

326 3386 461 3431 scurram
479 3368 563 3439 facis,
581 3368 635 3450 qui
652 3366 867 3429 sacerdotalem
882 3365 1071 3448 dignitatem,
1091 3386 1183 3448 quam
1199 3366 1343 3448 indignas
1353 3368 1419 3448 jam
1433 3368 1511 3450 plns·

326 3464 403 3529 culis
416 3464 503 3525 annis
514 3484 598 3545 gero,
612 3464 742 3526 revereri
760 3462 878 3537 debeas,
895 3472 927 3524 et
940 3464 979 3523 ab
997 3482 1036 3523 eo
1051 3462 1156 3525 saltem
1177 3463 1324 3525 abstinere
1340 3473 1401 3524 tam
1419 3464 1511 3525 invisa

327 3560 463 3636 dicteria,
478 3562 532 3622 sed
544 3560 651 3621 merito
664 3559 768 3621 dubito
781 3578 820 3619 an
834 3558 925 3620 etiam
938 3558 1119 3620 intellexeris
1132 3560 1292 3621 verborum
1308 3560 1370 3622 vim
1387 3570 1419 3622 et
1429 3582 1510 3623 euer-

324 3658 417 3741 giam,
429 3657 596 3725 existimem
611 3656 708 3741 potius
720 3656 818 3738 (quod
828 3655 872 3717 tui
885 3654 1049 3719 excumndi
1061 3675 1153 3719 eausa
1160 3656 1243 3733 dico)
1253 3666 1282 3719 te
1291 3657 1388 3720 multa
1398 3658 1508 3725 adoar-
