3225 4700
453 412 459 424 ,
495 333 900 404 rrrnsnsaron.
1250 336 1292 400 ar

94 492 250 554 Statntnm
285 500 351 552 erat
382 499 456 552 tune
489 509 592 552 omnes
621 489 778 552 Bohemiae
808 510 947 573 proceres
982 489 1119 551 funditus
1155 488 1293 571 perdere,

91 607 259 668 eorumque
273 596 367 648 terras
388 586 429 648 ad
445 595 612 648 extremum
625 607 720 668 usqne
744 585 874 648 minutal
888 595 1016 660 vastare,
1036 605 1075 646 ne
1098 583 1158 667 qod
1177 583 1292 646 Oaesari

92 693 202 747 coutm
216 705 248 746 ιι
268 684 431 766 sappetitas
444 684 523 745 ferre
537 694 667 766 possent,
680 683 712 745 in
725 683 856 746 eundem
870 683 962 744 finem
976 683 1137 743 immanem
1150 681 1293 762 pecnnia·

92 803 162 843 rum
183 782 250 842 vim
274 781 470 856 conflaverat,
495 800 617 862 sperans
639 781 790 863 argenteis
811 779 892 840 hisee
912 780 1055 862 gradibus
1076 779 1116 840 ad
1133 777 1293 839 Bohemiei

93 879 183 960 regni
205 877 316 940 solium
333 877 553 951 conscendere3
591 876 631 938 ad
649 877 683 937 id
701 876 854 958 delegerat
868 875 958 938 etiam
981 875 1081 936 locum
1101 875 1293 936 commodum

93 979 245 1054 (montem
266 974 368 1036 album
385 973 548 1055 appellant,
566 972 597 1032 in
620 993 681 1055 quo
700 972 772 1034 olim
796 972 955 1034 Palatinus
977 971 1087 1033 Comes
1108 971 1291 1045 Friderious,

94 1081 125 1132 et
139 1070 241 1132 alieno
254 1070 368 1131 honore
381 1070 439 1130 sibi
453 1070 619 1151 eontra-jus
633 1069 737 1148 sasque
751 1077 890 1149 arrogata
903 1078 934 1129 et
947 1067 1076 1149 propriis
1086 1068 1172 1128 terris
1185 1078 1293 1128 exutus

94 1169 154 1240 est)
166 1166 224 1228 sed
235 1187 295 1228 nou
308 1166 406 1248 potuit
419 1166 473 1227 diu
485 1165 576 1227 latere
591 1166 741 1227 Caesarem
756 1173 817 1226 tam
831 1165 936 1244 iniqua
946 1163 1141 1237 machinatio,
1155 1164 1194 1224 ad
1206 1165 1294 1245 cujus

94 1283 186 1325 aures
207 1284 280 1324 cnm
297 1264 429 1325 venisset
447 1281 558 1337 rumor,
580 1261 691 1342 scripto
713 1260 937 1342 quamprimum
960 1259 1091 1320 inhibuit
1108 1259 1294 1320 fidelioribus

94 1359 168 1420 belli
183 1358 323 1435 ducibus,
338 1379 376 1420 ne
390 1369 457 1440 post
468 1358 525 1419 hac
539 1357 558 1419 b
571 1356 797 1418 Walleusteinio
809 1355 935 1437 imperia
947 1364 1156 1438 capesserent3
1176 1355 1293 1436 hocque

94 1456 244 1538 seriptum
272 1455 383 1538 Pragae
406 1456 538 1537 primdm
561 1453 701 1515 innotuit.
743 1452 868 1514 Accidit
885 1452 969 1525 verb,
995 1473 1066 1514 enm
1093 1450 1293 1515 Walleustein

93 1561 196 1613 totum
212 1551 377 1640 exercitum
391 1571 554 1612 convocare
570 1549 770 1633 proposuisset
787 1549 819 1609 in
839 1549 956 1610 dietum
972 1560 1117 1622 montem,
1133 1558 1168 1610 ut
1184 1549 1294 1611 Comes

97 1649 136 1710 de
163 1647 284 1729 Tersky
309 1647 408 1709 affinis
433 1645 673 1721 Walleusteinio,
703 1646 742 1707 de
768 1644 923 1726 propalato
950 1646 1115 1726 proditorio
1140 1646 1294 1727 proposito

96 1745 210 1806 certior
228 1745 335 1820 iaetus,
349 1744 389 1805 ad
401 1742 664 1805 Walleusteininm
685 1741 807 1816 rediret,
828 1740 944 1820 ipsique
965 1741 1119 1820 proditum
1137 1742 1292 1822 negotium

98 1839 291 1902 institutioni
304 1841 471 1914 nunciaret,
493 1837 656 1920 explicaret
676 1837 766 1899 etiam
779 1836 872 1918 quim
888 1834 1063 1917 periculose
1082 1835 1204 1917 plenum
1218 1856 1294 1918 opus

98 1936 176 1996 alem
192 1936 365 2018 agitaretur,
382 1957 419 1997 eo
432 1933 694 1996 Walleusteininm
708 1933 835 1995 adduxit
850 1941 885 1993 ut
899 1931 1001 1992 omnia
1018 1941 1166 1992 tormenta
1185 1931 1294 1994 bellica

100 2031 197 2092 clavis
214 2032 356 2093 obdurari
376 2031 561 2113 preciperet,
578 2029 752 2110 Pilsnarqne
765 2028 918 2089 hominem
931 2028 989 2089 sibi
1006 2028 1104 2090 fidum
1115 2027 1293 2109 praeficeret,

100 2130 157 2210 qui
179 2128 270 2189 nullis
293 2128 399 2208 pactis,
423 2125 688 2209 pollicitationibus
711 2133 763 2186 aut
783 2125 947 2186 rationibus
969 2125 1072 2186 locum
1092 2125 1179 2186 illum
1206 2125 1293 2189 alteri

100 2245 194 2306 qnam
209 2224 439 2286 Walleusteinio
460 2226 612 2300 traderet3
634 2225 696 2306 ipse
709 2225 781 2286 verb
800 2245 832 2285 se
853 2223 966 2306 Egram
983 2245 1086 2285 versas
1107 2234 1295 2287 converteret

101 2341 174 2383 cnm
192 2321 327 2383 millibus
340 2321 455 2402 aliqnot
467 2323 575 2404 partim
590 2321 736 2402 Equitum
749 2322 859 2403 partim
872 2321 1018 2403 peditum.
1061 2320 1100 2381 Ia
1114 2320 1171 2383 hoc
1190 2321 1293 2384 Comi·

100 2428 168 2479 tatu
187 2417 497 2498 comprehendebatur
510 2418 591 2501 legio
604 2417 753 2479 Waltheri
772 2418 904 2491 Butleri,
916 2438 986 2498 qaae
994 2418 1062 2499 jam
1076 2418 1095 2479 d
1109 2418 1296 2480 Coesmeanis

101 2516 214 2595 passim
228 2514 503 2577 Walleusteinianre
516 2514 654 2577 factionis
667 2534 730 2576 esse
751 2515 855 2595 inique
872 2516 1059 2598 arguebatur,
1072 2534 1163 2594 qaam
1176 2515 1247 2575 verb
1261 2515 1295 2576 id

101 2611 180 2672 falso
207 2610 371 2673 declaravit
396 2621 530 2673 eventus.
579 2612 649 2673 Hoc
666 2612 789 2691 quidem
810 2612 934 2672 evidens
954 2621 1008 2687 eat,
1032 2610 1295 2673 Walleusteininm

103 2707 215 2789 saepius
233 2716 373 2769 conatum
394 2728 457 2768 esse
479 2707 639 2769 Butlerum
662 2707 694 2767 in
721 2707 839 2769 consilii
861 2707 908 2769 sui
933 2708 1105 2769 societatem
1127 2706 1293 2783 traducere,

104 2804 224 2886 ipsique
236 2804 403 2886 pollicitum
416 2824 479 2865 esse
492 2804 690 2886 amplissimas
703 2812 795 2865 terras
816 2812 847 2865 et
866 2804 982 2887 opimas
996 2803 1169 2887 dignitates,
1183 2802 1296 2864 ducea-

104 2912 196 2982 tuque
224 2902 429 2983 Imperialinm
453 2901 551 2963 millia
577 2922 630 2983 per
656 2901 808 2962 cambium
836 2901 945 2981 partim
976 2900 1160 2982 Hambnrgi,
1187 2902 1295 2982 partim

106 2998 221 3081 Segani
233 2998 395 3060 destinasse
412 2999 452 3060 ad
465 2998 650 3080 colligendos
665 2998 775 3059 milites
794 2997 919 3060 Ibemos
940 2998 972 3058 in
990 3017 1045 3058 sna
1066 2997 1189 3058 servitia
1204 2996 1294 3059 fidos.

106 3094 269 3157 Butlerum
291 3104 392 3156 tamen
410 3114 528 3175 semper
547 3103 718 3175 suspectam
742 3093 880 3155 habuisse
902 3104 963 3156 tam
981 3093 1096 3175 prolixe
1115 3113 1296 3175 propensam

104 3192 165 3253 sibi
187 3191 407 3253 Walleusteinii
428 3192 570 3254 favorem.
613 3190 744 3262 Quando
766 3190 839 3251 verb
863 3189 974 3252 elarius
999 3189 1147 3252 intellexit
1168 3211 1229 3270 qno
1249 3212 1296 3254 res

105 3309 225 3372 ρειιιιιιι
240 3298 386 3371 vergeret,
405 3308 560 3368 uunquam
584 3286 751 3349 consentire
767 3285 906 3362 voluisse,
924 3295 960 3347 ut
979 3297 1164 3348 sacramento
1182 3288 1297 3349 Caesari

105 3387 185 3448 faeta
202 3385 385 3460 solveretur3
414 3383 524 3446 dehinc
542 3384 682 3445 omnibus
703 3384 818 3444 viribus
839 3402 974 3444 annexus
991 3393 1045 3459 est,
1063 3392 1097 3445 ut
1114 3384 1296 3465 proditorem

105 3484 187 3545 hune
208 3481 228 3545 ὲ
252 3480 372 3544 Caesare
398 3481 474 3541 adeo
501 3480 649 3543 elevatam
676 3479 951 3562 comprehenderet,
979 3500 1015 3541 ae
1037 3480 1217 3563 Imperatori
1241 3492 1297 3563 pro

106 3580 213 3641 merito
225 3576 420 3661 plectendum
432 3576 579 3638 traderet:
615 3596 686 3638 cnm
706 3576 778 3637 verb
795 3576 859 3657 ipse
872 3574 953 3637 solus
965 3576 1114 3639 sufficiens
1127 3577 1210 3639 haud
1220 3589 1298 3640 esset

107 3686 167 3739 am
180 3674 280 3739 arduo
292 3674 415 3757 negotio
427 3672 624 3756 expediendo,
637 3673 669 3735 in
683 3671 841 3737 consilium
853 3672 1054 3755 propositioni
1066 3674 1204 3738 adhibuit
1217 3672 1298 3737 miii-
