3225 4700
492 361 904 434 ITINERARIUM.
1220 367 1284 432 375

84 536 239 597 opponere
253 525 333 578 metu
346 516 459 598 proprii
472 525 503 577 et
515 515 638 597 majoris
655 516 823 590 infortunii,
838 515 971 597 adeoque
985 527 1019 579 nt
1035 517 1190 580 timeretur
1203 519 1284 580 exci-

85 613 175 673 dium
192 613 283 675 totius
299 614 331 672 iu
350 613 422 674 urbe
440 612 607 673 Viennensi
622 613 646 675 J
648 612 796 672 udaismi:
819 613 900 674 unde
915 615 1013 675 subito
1030 615 1164 676 excubiae
1184 614 1203 676 is
1221 636 1285 678 rua-

85 710 265 792 gistratibus
286 711 442 791 dispositae
464 711 503 771 ad
531 710 632 771 aditus
650 708 723 781 uici,
744 730 833 790 quam
855 709 1024 771 incolebant
1044 711 1225 788 circumcisi,
1247 733 1284 773 ne

85 805 194 867 saltem
206 806 275 868 freti
284 816 372 868 nocte
381 806 595 868 tumultuantes
605 805 813 888 irrumperent,
822 817 852 867 et
858 807 960 868 obvios
968 828 1102 890 quosque
1110 819 1284 872 sternerent.

87 902 159 964 Nec
172 904 244 964 saue
262 896 327 984 ipse
344 903 490 964 tumuitus
507 914 612 964 auctor
626 902 662 962 de
676 903 726 964 die
744 903 847 964 reduci
863 902 902 966 ad
920 925 1053 967 carceres
1066 909 1173 987 potuit,
1187 908 1284 968 sedin

85 1011 211 1061 noctem
224 1000 335 1061 alicubi
349 1000 472 1061 retineri
483 999 596 1074 debuit,
610 1019 650 1060 ne
662 999 737 1061 forte
751 999 890 1062 manibus
903 1002 1043 1064 lictorum
1057 1004 1284 1078 abstraheretur,

86 1109 120 1158 et
133 1097 321 1159 membratim
335 1097 562 1177 discerperetur.

132 1195 260 1255 Postero
273 1195 323 1256 die
344 1183 468 1255 Sabathi
486 1194 690 1256 abominanda
707 1194 807 1255 bellua
825 1195 925 1257 denuo
938 1196 979 1257 ad
992 1215 1116 1256 examen
1130 1205 1246 1273 vocata,
1261 1198 1286 1259 si

87 1291 168 1352 forte
181 1292 325 1370 resiperet
337 1299 368 1351 et
380 1291 451 1351 facti
472 1291 640 1372 paeniteret.
680 1293 889 1374 Interrogatur
905 1313 960 1354 cur
972 1302 1033 1353 tom
1046 1293 1186 1354 barbaras
1200 1315 1288 1354 voces

87 1388 290 1468 protrusisset,
309 1407 452 1448 earumue
473 1389 658 1450 meminisset
674 1390 784 1451 satisne
803 1410 893 1450 sanus
910 1389 1024 1464 fuisset,
1042 1389 1285 1470 quandoquidem

88 1485 155 1565 ipse
168 1504 228 1545 non
248 1485 376 1546 multbm
395 1493 466 1545 aute
477 1494 580 1546 contra
592 1485 616 1547 J
619 1487 784 1546 udaismuru
799 1496 830 1548 et
848 1486 946 1568 legem
961 1497 1090 1548 veterem
1109 1487 1288 1567 scripsisset.

89 1581 146 1642 Ad
160 1581 226 1642 haec
241 1582 519 1663 impudentissimus
532 1582 656 1644 furcifer
674 1583 795 1664 procaci
813 1583 928 1663 lingua,
943 1592 973 1644 et
990 1603 1074 1656 voce,
1090 1583 1163 1656 imo,
1177 1583 1287 1663 iuquit,

90 1678 271 1758 probissime
283 1679 425 1740 recordor
439 1680 600 1739 verborum
614 1699 760 1749 meorum,
775 1688 895 1760 tamque
914 1699 1044 1760 praeseus
1060 1679 1135 1740 mihi
1148 1679 1203 1751 fui,
1218 1700 1287 1740 cum

90 1793 128 1834 ea
141 1795 209 1834 sum
223 1774 407 1854 prolocutus,
422 1776 513 1855 quam
533 1776 590 1836 bac
608 1777 673 1857 ipsa
686 1776 769 1851 bora,
784 1795 846 1857 qua
866 1787 986 1857 paratus
998 1796 1064 1836 sum
1079 1775 1192 1847 eadem,
1207 1777 1232 1837 si
1247 1777 1290 1837 ita

85 1871 214 1952 jubetis,
239 1882 391 1953 repetere:
405 1901 409 1908 ·
425 1873 508 1953 quod
535 1874 608 1934 verb
631 1873 714 1934 maus
736 1874 795 1934 sim
822 1873 951 1934 scribere
979 1882 1085 1933 contra
1108 1873 1290 1934 contribules

92 1988 176 2028 meos
195 1976 387 2049 nostramque
406 1969 517 2050 legem,
535 1969 568 2030 id
584 1971 683 2051 potins
702 1970 743 2030 ad
761 1970 931 2051 aagendam
949 1970 1046 2050 gentis
1067 1987 1142 2029 meae
1164 1968 1289 2051 gloriam

93 2065 165 2136 feci,
178 2085 239 2125 non
255 2076 289 2127 ut
301 2066 501 2149 ignominiam
517 2087 690 2142 causarem3
712 2078 743 2128 et
755 2067 876 2147 quidem
894 2066 1006 2147 scripta
1019 2085 1096 2138 mea,
1110 2065 1135 2126 si
1150 2066 1225 2126 bene
1239 2086 1290 2127 ex·

93 2162 275 2243 pendantur,
299 2163 443 2244 majorem
467 2163 680 2225 contumeliam
704 2163 884 2225 Christianis
907 2164 998 2242 quitur
1019 2163 1139 2224 Judaeis
1160 2164 1290 2243 pariunt.

95 2258 189 2330 Quod
202 2261 228 2320 si
241 2270 340 2321 umen
355 2261 584 2342 imprudentiori
598 2261 714 2322 calamo
727 2261 842 2342 aliquid
856 2260 1023 2332 excidisset,
1034 2261 1066 2321 id
1077 2281 1158 2322 nuuc
1171 2281 1289 2336 revoco,

95 2370 126 2420 et
139 2369 288 2440 protestor
303 2380 403 2421 meum
422 2380 483 2421 non
502 2380 583 2421 esse:
603 2378 660 2420 nec
677 2358 749 2419 sane
769 2358 843 2419 mibi
864 2378 996 2439 unquam
1017 2359 1048 2419 in
1066 2370 1196 2420 mentem
1209 2364 1292 2423 venit

96 2457 304 2519 Christianum
319 2457 430 2539 dogma
448 2456 594 2538 profiteri,
610 2466 662 2517 aut
680 2454 775 2516 ulium
795 2465 1014 2516 sacramentum
1030 2476 1130 2516 eorum
1147 2456 1292 2519 Ecclesiae

96 2554 259 2633 suscipere,
272 2553 346 2634 quin
363 2574 399 2614 ea
417 2566 530 2634 quanto
547 2573 667 2634 possum
687 2552 757 2613 odio
775 2552 914 2624 detestor,
934 2552 1099 2628 abominor,
1114 2562 1145 2613 et
1158 2574 1291 2615 execror.

98 2650 191 2723 Quod
205 2651 230 2711 si
244 2651 373 2712 credatis
387 2671 435 2711 me
449 2650 585 2731 Synaxin
600 2660 739 2722 vestram,
754 2669 846 2730 quarn
857 2648 980 2722 vocatis,
996 2648 1157 2729 sumpsisse
1168 2652 1289 2712 erratis:

95 2748 223 2810 hostiam
239 2748 360 2827 quidem
374 2748 505 2808 oblatam
519 2768 570 2809 ore
583 2747 697 2828 excepi,
709 2747 762 2807 sed
776 2764 931 2826 nunquam
941 2744 1099 2827 deglutiri,
1110 2747 1164 2808 sed
1176 2766 1293 2829 semper

98 2855 258 2927 regestum,
277 2854 308 2905 et
323 2844 417 2904 linteo
437 2854 603 2925 exceptam,
626 2843 657 2903 iu
677 2842 794 2904 cloacas
816 2842 922 2923 abjeci,
942 2842 1136 2902 abominabar
1152 2844 1293 2924 equidem

96 2944 185 3004 illurn
205 2942 308 3002 cibum
328 2942 412 3022 pejus
430 2960 521 3021 quam
538 2940 704 3022 porcinam,
725 2961 794 3021 qua
813 2940 837 3003 J
840 2938 934 3000 udaeis
952 2939 1017 3021 iege
1035 2940 1129 3000 vetita
1145 2950 1209 3017 eet;
1232 2942 1293 3003 imb

97 3042 177 3102 banc
191 3058 307 3121 semper
327 3048 514 3099 sacramento
530 3050 629 3099 vestro
646 3038 777 3118 pratuli,
792 3056 829 3098 ac
847 3037 874 3096 si
885 3038 1049 3097 etiamnum
1065 3036 1189 3098 daretur
1200 3040 1292 3119 optio,

96 3140 177 3201 hanc
194 3158 258 3220 prae
278 3136 331 3198 illo
350 3136 539 3197 admitterem
560 3134 661 3196 serbo.
705 3136 816 3196 Tantas
838 3134 961 3214 insuper
982 3132 1179 3213 blasphemias
1199 3136 1293 3197 nebu-

95 3237 176 3297 lonis
188 3235 265 3296 illud
279 3235 408 3296 frustum
424 3234 576 3313 protrusit,
597 3242 633 3294 ut
650 3233 812 3294 atrociores
824 3234 876 3294 vix
890 3250 1022 3311 unquam
1043 3232 1172 3313 scriptae,
1192 3234 1292 3311 dieta,

97 3344 127 3395 et
141 3332 258 3402 dubito,
272 3351 310 3392 an
330 3330 468 3412 cogitatas
481 3330 561 3404 sint3
582 3350 639 3412 ego
652 3330 724 3391 sane
737 3329 843 3390 borreo
855 3328 920 3389 lraec
938 3327 1082 3403 scribens,
1098 3339 1128 3388 et
1143 3329 1291 3390 calamum

97 3430 295 3491 reluctantem
310 3426 406 3488 libens
419 3426 600 3508 substringo‚
615 3448 653 3487 ne
665 3437 710 3489 tot
723 3426 852 3487 bominis
865 3425 1031 3509 blasphemi
1045 3427 1185 3490 sordibus
1201 3430 1295 3492 sacri-

98 3526 167 3608 lege
180 3525 392 3586 contaminem.

138 3622 296 3705 vigesima
313 3631 397 3681 sexta
410 3619 532 3681 taudem
550 3620 601 3681 die
617 3618 727 3681 mensis
748 3620 881 3701 Augusti
899 3620 1152 3703 improbissimum
1170 3622 1251 3685 orbis
1264 3633 1295 3685 et

99 3719 184 3782 urbis
197 3720 337 3801 probrum
352 3719 390 3780 ad
403 3738 511 3781 novam
526 3717 704 3779 seutentiam
719 3717 902 3780 audiendam
916 3730 1051 3796 vocatur,
1066 3739 1133 3800 quas
1146 3720 1204 3801 ipsi
1218 3742 1294 3803 prm·
