3225 4700
333 318 396 382 228
723 309 746 375 I
751 309 848 376 ΤΙΝ
854 309 1036 377 ERARI
1043 308 1129 377 ΠΜ.

335 467 554 529 occubuerunt:
577 464 692 527 Baroui
702 464 774 526 verb
784 464 823 525 de
835 464 1024 525 Donawduo
1034 459 1563 546 gladiiinterpraeliandumrupti,

335 574 461 645 uterquc
474 572 574 624 umen
588 560 689 623 salvus
701 560 806 623 evasit.

379 661 451 721 Non
463 658 562 740 potuit
573 666 636 720 tam
648 658 779 741 propitio
793 656 895 719 Marte
907 655 1037 739 pugnari
1048 656 1121 737 quin
1136 662 1167 717 et
1180 654 1422 736 Hispanorum
1438 652 1563 735 plusculi

337 756 549 819 occumberent
569 764 622 817 eut
643 755 881 826 vulnerarentur,
905 756 985 815 inter
1010 753 1116 835 prima
1139 751 1344 813 auctoritatis
1376 752 1470 811 viros
1496 750 1562 809 Dua

337 854 361 915 J
362 852 489 933 oscphus
498 852 536 914 de
545 852 680 914 Savedra
690 852 819 913 Maistro
829 850 880 913 del
890 850 1007 931 Campo
1014 849 1120 912 leviter
1129 848 1286 910 sauciatus
1298 858 1368 923 est,
1383 847 1561 909 Bernartius

338 949 377 1010 de
392 950 511 1032 Burgus
524 949 640 1010 duobus
653 947 783 1032 globulis
796 947 945 1030 plumbeis
955 946 1140 1008 vulneretur.
1181 945 1392 1025 capitaneus
1408 944 1561 1005 Martinus

339 1045 478 1107 Valentia
501 1044 653 1121 occubuit,
676 1044 859 1126 Capitanens
881 1043 1003 1107 Patalta
1024 1052 1160 1104 mortuus
1181 1050 1236 1118 cst,
1267 1041 1358 1102 Don
1386 1041 1561 1102 Ludoricus

339 1143 440 1224 Cayro
452 1142 576 1224 accepti
589 1150 712 1203 cruenta
724 1142 815 1224 plaga
827 1150 942 1223 captus,
959 1140 1013 1203 sed
1024 1161 1094 1201 mox
1107 1138 1286 1221 captivitate
1302 1147 1493 1219 exemptus,
1506 1147 1561 1198 eru

339 1239 390 1301 hic
406 1239 578 1301 Ludovicus
591 1238 810 1300 Gubernatoris
821 1236 1083 1299 Herreuthalensis
1093 1237 1199 1313 Filius,
1209 1238 1356 1318 jamque
1366 1234 1556 1317 aliquamdiu

340 1336 420 1397 iuter
440 1343 572 1395 mortuos
588 1334 735 1415 jacuerat,
752 1342 909 1415 vestesque
927 1334 985 1415 ipsi
1001 1333 1021 1395 b
1040 1332 1186 1395 militibus
1200 1342 1310 1395 exutae
1330 1332 1476 1407 fuerant,
1493 1352 1557 1392 cun

341 1451 413 1493 vero
426 1429 563 1492 nonnulli
576 1429 706 1491 militum
725 1430 926 1512 disceptarent
943 1432 982 1492 de
994 1429 1101 1512 caligis
1113 1440 1144 1492 et
1155 1431 1253 1492 ocreis
1267 1432 1358 1512 ejus,
1375 1437 1482 1491 erecto
1493 1448 1556 1487 mor

341 1527 450 1608 capite,
462 1527 530 1606 quis
542 1534 619 1587 esset
628 1527 755 1607 aperuit,
768 1528 921 1609 vitamque
929 1547 984 1609 pro
994 1527 1125 1589 militum
1133 1528 1204 1609 jure
1213 1526 1277 1588 sibi
1289 1527 1421 1589 servari
1430 1525 1554 1608 rogasit,

343 1643 435 1703 quam
450 1622 597 1685 Hollaudi
611 1623 668 1704 ipsi
681 1624 761 1705 pacti
775 1633 855 1699 suut,
870 1625 1081 1706 captivumque
1094 1623 1302 1699 admiserunt,
1318 1633 1421 1705 atque
1438 1624 1480 1684 ad
1490 1640 1554 1683 suus

342 1719 540 1781 abduxerunt.
583 1718 634 1781 De
646 1730 740 1783 morte
755 1720 883 1783 Comitis
898 1722 1027 1783 Henrici
1041 1721 1182 1784 Oasimiri
1195 1720 1321 1782 multus
1341 1720 1487 1781 omnium
1501 1718 1554 1779 fuit

342 1815 443 1876 luctus
461 1816 572 1897 quippe
586 1816 639 1897 qui
652 1817 738 1880 miles
751 1818 848 1880 fuerat
861 1839 921 1881 non
933 1819 1034 1881 miuus
1046 1819 1197 1880 animosus
1209 1836 1312 1899 quam
1328 1818 1480 1899 prudens,
1493 1835 1551 1877 on·

344 1911 491 1992 cibusque
505 1914 543 1974 ob
555 1912 725 1976 comitatem
737 1914 855 1977 charus.

386 2009 490 2092 Longe
502 2010 699 2091 auspicatiorc
714 2011 815 2072 Marte
827 2012 860 2072 in
874 2011 1016 2074 Arthesia
1028 2013 1048 2074 d
1061 2011 1159 2074 Gallis
1171 2019 1351 2093 pugnatum
1368 2020 1426 2085 cst,
1441 2009 1547 2070 Ducto-

345 2104 426 2165 ribus
438 2106 586 2167 exercitus
602 2106 742 2168 Francici
761 2106 905 2187 Milleray
918 2119 949 2170 ct
962 2107 1148 2170 Chastillons
1168 2128 1205 2168 ac
1220 2108 1301 2169 licet
1319 2108 1416 2169 initia
1427 2105 1548 2167 Aurela·

345 2202 437 2263 tensis
449 2202 613 2264 obsidionis
623 2212 765 2283 susceptae
780 2202 886 2286 gravia
897 2212 929 2264 et
941 2203 1073 2285 litigiosa
1083 2204 1206 2280 luerint,
1216 2204 1296 2266 finis
1305 2212 1413 2265 nmen
1426 2212 1545 2285 optatus,

344 2296 441 2359 fracta
453 2297 569 2362 scilicet
581 2318 641 2361 nou
656 2299 719 2360 siue
732 2298 834 2362 labore
848 2307 879 2361 ct
892 2300 1039 2384 sanguine
1048 2320 1137 2380 nuce,
1147 2303 1312 2383 respondit
1321 2300 1547 2364 difficultatibus

346 2394 442 2456 multa
454 2415 525 2458 cum
538 2396 674 2458 molestia
685 2397 854 2469 exantlatis,
867 2407 902 2458 ut
915 2418 953 2459 ex
963 2398 1156 2478 sequentibus
1169 2401 1300 2481 patebit.

388 2491 472 2554 Inter
485 2493 652 2574 praecipuas
666 2493 816 2558 Artbesiae
829 2494 977 2557 Civitates
990 2515 1050 2557 non
1064 2495 1203 2557 iniimum
1215 2497 1278 2559 sibi
1298 2497 1407 2559 locum
1418 2494 1545 2556 vindicat

347 2589 474 2672 insignis
486 2588 539 2650 illa
551 2589 680 2651 munitio
693 2591 869 2654 Arrelmum
883 2590 976 2667 dicta,
991 2591 1101 2673 quippe
1116 2613 1185 2674 qua
1198 2594 1297 2654 totius
1313 2593 1432 2655 Patriae
1444 2599 1544 2650 metro

348 2685 425 2767 polis
438 2696 469 2749 et
480 2685 574 2748 clavis
587 2686 722 2762 habetur,
736 2696 847 2749 etcum
860 2687 990 2750 multum
1003 2686 1069 2749 boec
1083 2689 1154 2750 urbs
1169 2688 1354 2765 celebretur,
1368 2687 1477 2748 merito
1493 2683 1543 2744 sibi

348 2781 457 2844 Gallus
470 2802 535 2844 eam
548 2783 675 2844 subdere
688 2784 797 2865 sapius
811 2783 931 2845 molitus
942 2793 988 2846 est
996 2807 1006 2861 3
1028 2785 1239 2847 nuncdemum
1255 2786 1339 2847 serio
1351 2777 1542 2868 aggrediendi

348 2879 592 2942 commoditatem
610 2888 727 2954 nactus,
747 2879 877 2942 distento
894 2881 1056 2943 Cardinale
1079 2881 1239 2963 Hispania
1256 2884 1291 2944 in
1311 2880 1460 2943 Flandria
1476 2896 1539 2938 cun

351 2976 524 3051 Hollaudis‚
552 2976 628 3037 duos
650 2975 831 3058 justissimos
858 2977 1006 3039 exercitus
1032 2977 1088 3038 sub
1112 2977 1326 3040 Mareschallis
1354 2975 1497 3051 Milleray
1512 2977 1540 3029 el

350 3072 518 3136 chastillon
532 3073 666 3154 perrupti
680 3071 820 3134 Arthesia
834 3073 874 3135 ad
895 3073 1048 3135 civitatem
1064 3073 1213 3154 applicat3
1235 3086 1330 3156 atque
1349 3082 1385 3134 ut
1401 3091 1437 3131 eo
1454 3066 1538 3130 tutius
1563 3112 1569 3125 .

351 3187 414 3230 rem
428 3169 663 3252 aggrederentur
676 3169 708 3229 in
722 3169 855 3249 quinque
868 3169 1009 3251 capitalia
1018 3171 1178 3250 quarteria,
1191 3179 1227 3232 ut
1240 3180 1365 3244 vocant,
1380 3187 1442 3229 sese
1454 3161 1537 3244 parti·

352 3271 443 3326 untur
457 3264 624 3327 Ghastillon
638 3265 669 3328 in
685 3265 774 3349 Pago
787 3265 927 3328 Auberth
939 3265 1106 3348 hospitatus
1119 3275 1174 3340 est,
1184 3267 1216 3328 in
1229 3288 1293 3350 quo
1304 3285 1397 3348 quam
1414 3261 1536 3343 primum

351 3358 451 3420 nobile
464 3359 638 3424 fortalitium
651 3361 751 3423 moliri
763 3371 794 3423 et
804 3363 882 3444 erigi
889 3363 991 3442 jussit.
1025 3363 1096 3425 Nou
1105 3364 1211 3446 procul
1223 3366 1262 3426 ab
1276 3385 1314 3426 eo
1328 3354 1533 3425 Mareschallus

352 3454 498 3536 Milleray
511 3457 551 3517 ad
568 3457 646 3520 latus
661 3457 829 3540 conjunxit,
842 3457 1072 3540 duplicibusque
1084 3461 1280 3523 munimentis
1293 3467 1399 3521 contra
1414 3451 1531 3513 hostium

352 3553 499 3634 impetum
512 3553 648 3615 armavit
691 3551 909 3616 Mareschallus
920 3574 1010 3636 porro
1023 3555 1061 3618 de
1081 3556 1168 3618 Ferte
1181 3577 1284 3619 versus
1297 3555 1487 3617 Camaracum
1500 3550 1529 3600 '¹‘

352 3649 480 3711 vicinior
490 3657 565 3712 essct
579 3649 645 3710 urbi
658 3649 816 3712 stationem
825 3650 934 3730 posuit,
945 3672 1036 3732 seque
1045 3651 1141 3714 tribus
1151 3652 1299 3716 fortalitiis
1309 3647 1402 3713 multa
1411 3641 1527 3706 militmll
