3225 4700
317 334 381 399 228
707 325 731 391 I
736 324 832 392 TIN
838 323 1021 391 ERARI
1027 322 1114 390 ΠΜ.

320 483 539 545 occubuerunt:
562 478 677 542 Baroni
688 479 759 541 verb
769 478 807 539 de
820 478 938 539 Donav
947 478 1008 539 duo
1018 474 1114 560 gladii
1123 475 1203 536 inter
1211 470 1413 555 praeliandum
1422 467 1527 549 rupti,

320 591 446 660 uterque
459 587 559 640 tamen
573 576 673 639 salvus
687 575 790 637 evasit.

364 677 435 738 Non
448 675 546 756 potuit
558 682 621 736 tam
633 672 764 755 propitio
778 670 880 733 Marta
892 668 1022 752 pugnari
1033 669 1106 749 quin
1120 674 1151 729 et
1164 666 1372 748 Hispanorum
1385 661 1525 745 plusculi

323 769 534 833 oooumb'erent
553 779 607 832 ant
628 769 866 840 vulnerarentur,
890 768 969 829 inter
994 766 1100 848 primae
1123 762 1309 826 auctoritatis
1335 762 1416 823 viros
1443 759 1524 819 Don

322 869 346 931 J
348 867 474 949 osepbns
484 868 522 930 de
530 866 665 929 Savedra
675 865 804 926 Maistro
814 864 865 926 del
875 863 992 944 Campo
999 863 1105 925 leviter
1114 861 1262 923 sauciatus
1271 868 1328 934 est,
1340 858 1524 919 Bernardns

324 965 363 1026 de
377 964 497 1047 Burges
509 964 625 1026 dnobus
638 961 768 1045 globulis
781 960 930 1043 plumbeis
941 960 1125 1021 vulneratur.
1166 958 1349 1038 Capitaneus
1361 954 1524 1015 Martinus

324 1061 464 1123 Valentia
487 1060 638 1135 oooubuit,
661 1058 844 1140 Capitaneus
864 1057 988 1119 Patalta
1009 1064 1145 1117 mortuns
1166 1061 1221 1129 est,
1247 1053 1319 1114 Don
1343 1050 1524 1113 Ludovions

325 1158 426 1238 anro
439 1157 561 1238 accepti
573 1162 697 1217 cruente
709 1155 800 1237 plaga
812 1162 927 1235 eaptus,
944 1154 998 1216 sed
1009 1173 1080 1215 mox
1092 1151 1263 1233 captivitate
1275 1156 1444 1229 exemptus,
1458 1156 1527 1207 erat

324 1254 376 1316 bio
391 1254 563 1316 Lndovious
577 1252 794 1315 Gubernatoris
805 1249 1068 1313 Herrentbalensis
1078 1250 1184 1324 Filius,
1194 1250 1320 1330 jamque
1329 1245 1525 1328 aliquamdiu

326 1351 405 1413 inter
425 1357 558 1410 mortuos
573 1350 720 1429 jacuerat,
738 1355 894 1428 vestesque
913 1347 971 1428 ipsi
987 1345 1006 1408 b
1025 1346 1171 1408 militibus
1185 1353 1283 1406 exuta
1299 1342 1430 1417 fuerant,
1449 1361 1526 1401 oum

326 1467 398 1508 vero
411 1444 549 1507 nonnulli
562 1444 692 1505 militnm
710 1444 912 1525 disceptarent
928 1445 967 1505 de
979 1442 1085 1525 caligis
1098 1452 1129 1505 et
1141 1442 1236 1503 ocreis
1248 1442 1323 1522 ejus,
1337 1447 1438 1500 ereoto
1451 1458 1527 1497 mox

327 1543 436 1623 eapite,
448 1542 516 1623 quis
528 1550 604 1602 esset
613 1541 740 1622 aperuit,
754 1542 906 1622 vitamque
915 1561 970 1622 pro
980 1539 1110 1601 militnm
1118 1540 1190 1621 jure
1199 1538 1256 1600 sibi
1266 1537 1379 1599 servari
1388 1535 1524 1618 rogavit,

329 1658 421 1719 quam
436 1637 583 1699 Hollandi
596 1638 654 1719 ipsi
667 1638 747 1719 pacti
761 1633 846 1713 sunt*
856 1638 1067 1720 captivumque
1080 1635 1276 1709 admiserunt,
1290 1643 1380 1715 atque
1397 1634 1440 1693 ad
1452 1650 1526 1692 suos

328 1735 526 1796 abduxerunt.
569 1734 619 1796 De
631 1744 727 1797 morte
740 1734 869 1798 Comitis
883 1734 1013 1797 Heariei
1027 1732 1169 1797 Casimiri
1181 1731 1293 1793 multus
1311 1729 1448 1791 omnium
1464 1728 1528 1789 fuit

329 1832 429 1893 luotus
447 1831 558 1912 quippe
571 1832 625 1913 qui
637 1832 724 1894 miles
737 1832 834 1893 fuerat
846 1852 908 1893 nou
919 1831 1020 1893 minus
1033 1831 1183 1892 animosus
1196 1847 1287 1910 quam
1299 1828 1443 1909 prudens,
1457 1846 1526 1887 om·

330 1928 477 2008 nibusqne
491 1929 529 1989 ob
541 1928 711 1991 comitatem
723 1928 841 1989 obsrus.

331 2070 333 2074 -
372 2025 476 2107 longa
489 2024 685 2106 auspicatione
700 2024 800 2086 Marte
813 2026 846 2085 in
861 2023 1003 2086 Artbesia
1014 2024 1034 2086 a
1047 2022 1146 2086 Gallis
1157 2031 1324 2105 pugnatum
1337 2030 1391 2096 est,
1406 2020 1526 2081 Ducto-

331 2120 412 2182 ribus
424 2121 572 2182 exereitus
587 2120 728 2183 Frsuoioi
747 2119 891 2201 Milleray
905 2131 936 2182 et
948 2120 1135 2183 Obsstillon:
1155 2140 1192 2181 ao
1206 2120 1279 2180 lieet
1295 2118 1382 2178 initia
1394 2116 1526 2177 Aurela·

330 2218 423 2279 tensis
435 2216 599 2278 obsidionis
609 2226 752 2298 suseeptae
765 2217 872 2299 gravia
883 2225 915 2278 et
927 2216 1060 2299 litigiosa
1069 2216 1193 2293 fuerint,
1202 2216 1274 2277 linis
1282 2224 1383 2275 tamem
1393 2223 1526 2296 optatus,

331 2312 427 2375 fraote
439 2313 555 2376 seilicet
567 2334 628 2376 non
641 2315 705 2376 sine
719 2314 821 2377 labore
834 2322 866 2376 et
878 2314 1025 2397 sauguine
1035 2334 1124 2392 nuoe,
1135 2313 1290 2395 respondit
1298 2311 1527 2375 difficultatibus

332 2410 429 2472 multa
440 2431 511 2473 oum
524 2411 661 2473 molestia
673 2411 841 2484 exantlatis,
854 2421 889 2473 ut
901 2433 939 2472 ex
950 2412 1143 2492 sequentibus
1156 2412 1280 2493 patebit.

374 2507 459 2571 Inter
471 2509 639 2589 praeoipuas
653 2509 802 2572 Artbesias
816 2508 963 2571 Civitates
975 2530 1037 2570 nou
1050 2509 1190 2570 infimum
1202 2509 1260 2570 sibi
1278 2509 1377 2570 locum
1389 2507 1527 2569 vindieat

333 2605 460 2687 insignis
473 2603 526 2664 illa
538 2605 667 2667 munitio
680 2605 857 2668 Arrelatnm
871 2605 963 2681 diota,
977 2605 1088 2686 quippe
1103 2625 1172 2685 quae
1185 2606 1277 2666 totius
1291 2605 1405 2666 Patria
1417 2614 1526 2665 metro

335 2701 411 2783 polis
425 2711 455 2763 et
467 2701 561 2764 clavis
574 2701 709 2775 habetur,
724 2712 754 2764 et
763 2722 834 2763 oum
847 2702 977 2764 multum
990 2702 1056 2762 baro
1070 2702 1140 2763 urbs
1156 2701 1331 2776 oelebretur‚
1344 2699 1451 2760 merito
1468 2699 1525 2761 sibi

335 2796 443 2860 Gallus
457 2817 523 2858 eam
536 2798 662 2860 subdere
675 2798 784 2879 soepius
796 2797 918 2860 molitus
929 2808 993 2874 est3
1015 2797 1227 2859 nunodemum
1239 2797 1317 2858 serio
1328 2796 1525 2879 aggrediendi

335 2895 579 2958 commoditatem
598 2901 714 2968 uectus,
734 2893 864 2956 distento
882 2893 1043 2957 Oardlnale
1066 2893 1226 2976 Hispania
1240 2894 1273 2955 in
1292 2893 1437 2955 Flaudria
1454 2913 1523 2954 eum

339 2991 511 3067 Hollaudis‚
540 2991 615 3052 duos
637 2989 819 3071 justissimos
845 2989 993 3051 exereitus
1019 2990 1075 3051 sub
1100 2989 1308 3052 Mareseballis
1335 2988 1477 3069 Milleray
1495 2997 1526 3050 et

337 3087 506 3151 Cbaatillon
519 3087 653 3168 perrupti
667 3085 809 3147 Artbeaia
822 3086 862 3146 ad
883 3085 1035 3148 civitatem
1051 3086 1201 3168 applicat;
1222 3097 1312 3167 etque
1330 3093 1417 3147 uteo
1435 3086 1525 3147 tutius
1555 3139 1563 3152 .

338 3203 401 3244 rem
415 3183 651 3268 aggrederentur
663 3183 695 3243 in
709 3181 843 3263 quinque
856 3180 996 3263 capitalia
1006 3183 1165 3262 quarteria,
1179 3193 1214 3245 ut
1227 3191 1348 3256 vocant,
1362 3202 1425 3244 sess
1438 3183 1525 3263 parti·

339 3288 431 3341 umtur
444 3279 612 3343 Chastillon
625 3279 657 3342 in
672 3278 761 3362 Pago
775 3277 914 3340 Anberth
926 3278 1094 3360 hospitatus
1106 3279 1204 3351 estin
1217 3299 1380 3361 quoquam
1397 3279 1525 3360 primum

339 3374 438 3436 nobile
451 3375 626 3438 fortalitium
639 3375 738 3436 moliri
752 3383 782 3436 et
792 3375 869 3458 erigi
877 3375 979 3456 jussit.
1012 3375 1084 3438 Non
1094 3376 1198 3458 proonl
1211 3377 1249 3437 ab
1262 3396 1299 3438 eo
1313 3377 1525 3440 Maresoballus

340 3470 485 3550 Milleray
498 3470 538 3530 ad
554 3471 633 3533 latus
649 3472 817 3553 conjunxit,
830 3471 1060 3552 dupboibusque
1072 3473 1267 3534 munimentis
1279 3481 1385 3534 eontra
1400 3471 1523 3534 hostium

340 3569 486 3648 impetum
499 3567 636 3629 armavit.
677 3565 897 3629 Maresoballns
909 3587 997 3649 porro
1011 3569 1049 3630 de
1068 3569 1155 3631 Ferte
1168 3589 1271 3631 versus
1285 3567 1480 3631 Camaracum
1492 3579 1524 3629 ut

339 3664 467 3726 vicinior
477 3671 553 3728 esset
567 3664 632 3725 urbi
646 3664 804 3726 stationem
815 3664 922 3743 posuit,
933 3684 1024 3744 seque
1033 3665 1128 3726 tribus
1138 3664 1287 3728 fortalitiis
1297 3664 1392 3727 multa
1401 3664 1522 3726 militum
