3225 4700
351 328 410 389 120
742 320 1147 389 ITINERARIUM.

385 477 511 540 Viderat
521 479 587 559 jam
603 473 698 536 multb
711 484 781 536 ante
793 474 1002 559 sagacissimus
1015 473 1261 537 Wimarieusinm
1275 474 1360 550 Dux,
1377 474 1565 537 Brisacum

345 570 791 657 postdiuturnamohsidionem
800 573 853 635 vix
864 592 949 653 posse
957 572 1070 634 diutius
1082 572 1227 633 sustinere
1238 572 1284 633 sui
1293 571 1398 634 militis
1408 572 1567 655 vigilan-

343 682 405 732 tem
414 669 571 742 cautelam,
584 668 644 749 qui
653 667 750 729 omnis
760 668 951 744 commeatui,
963 688 1022 749 quo
1034 669 1163 729 maxime
1174 668 1284 730 obsessi
1294 669 1480 739 laborabant,
1492 690 1564 730 ac-

344 787 443 828 cessus
456 763 706 846 praecludebatur,
718 763 760 824 ita
772 772 807 824 ut
819 782 867 823 res
878 781 982 823 eorum
995 761 1158 822 admodum
1172 770 1265 823 curtas
1279 760 1341 823 illio
1350 762 1415 843 jam
1427 782 1522 823 essen
1530 771 1564 829 t.

343 863 426 924 utob
437 860 644 944 grauissimam
654 860 763 922 famem
774 871 805 921 et
814 857 990 940 quotidiana
999 856 1104 919 funera
1113 858 1290 938 praesidiarii
1301 857 1396 919 multb
1407 858 1561 940 amplius

343 958 541 1020 munitionem
559 966 659 1019 tenere
678 977 739 1018 nou
757 964 886 1038 possent.
926 954 1036 1015 Emisit
1053 954 1147 1036 igitur
1159 962 1221 1014 tam
1235 974 1271 1015 ex
1284 954 1428 1035 peditatu,
1444 975 1559 1035 quam

342 1054 478 1135 equitatu
498 1073 564 1128 suo,
586 1055 638 1135 qni
659 1072 802 1134 quorsum
823 1060 876 1112 aut
897 1069 987 1130 quam
1008 1050 1040 1110 in
1064 1058 1179 1130 partem
1198 1071 1230 1111 se
1250 1050 1378 1112 thzius
1397 1060 1554 1125 verteret,

341 1153 458 1212 maturi
473 1150 681 1232 explorarent:
701 1147 734 1208 hi
747 1167 818 1208 cnm
832 1167 869 1207 ex
880 1144 1065 1207 Caesareanis
1075 1146 1171 1208 varios
1186 1148 1319 1228 captivos
1329 1148 1554 1223 adduxissent,

340 1248 458 1328 abipso
473 1247 560 1307 Duce
576 1243 733 1305 Bernardo
747 1242 908 1303 examinati
921 1242 1036 1303 sincere
1052 1242 1221 1314 edixerunt,
1235 1244 1349 1305 nescire
1363 1264 1395 1305 se
1411 1244 1552 1325 quidem

340 1344 415 1424 quid
429 1342 556 1404 Gdtzius
568 1340 733 1415 moliretur,
750 1359 847 1421 quove
861 1338 1024 1399 exercitum
1039 1348 1115 1399 esset
1128 1341 1330 1415 traducturus,
1345 1339 1402 1401 hoc
1418 1350 1552 1402 certum

339 1439 422 1520 quod
436 1436 680 1510 Waldishudum,
691 1455 753 1496 non
765 1436 807 1497 ita
817 1434 934 1517 pridem
947 1434 1076 1496 venisset
1089 1435 1250 1517 Philippus
1261 1435 1370 1498 Comes
1380 1436 1418 1497 de
1430 1436 1550 1497 Mans·

341 1534 404 1596 feld
425 1533 444 1594 d
465 1532 585 1593 Caesare
601 1532 641 1593 ad
663 1532 827 1607 Bararum,
849 1540 937 1611 atque
959 1530 1029 1592 hino
1047 1532 1087 1593 ad
1105 1539 1201 1592 totum
1220 1532 1383 1593 exercitum
1402 1532 1547 1593 maxime

340 1630 412 1692 verb
425 1630 465 1691 ad
479 1629 633 1710 copiarum
647 1628 739 1689 duces
753 1627 926 1703 destinatus,
942 1627 974 1687 in
987 1647 1077 1708 quem
1091 1626 1183 1687 finem
1197 1648 1235 1689 ue
1248 1628 1281 1689 id
1295 1628 1417 1708 quidem
1433 1628 1546 1689 adhuc

341 1724 465 1808 liquere.
508 1725 643 1787 Militem
659 1725 748 1807 porrb
766 1723 940 1786 Ooesareum
955 1731 1000 1785 sat
1019 1724 1171 1806 copiosum
1188 1726 1286 1785 miuus
1302 1734 1401 1786 tamen
1416 1725 1544 1787 animo-

341 1843 419 1897 sum,
433 1822 466 1882 vi
481 1821 621 1902 irrupisse
637 1824 669 1882 in
686 1841 785 1883 arcem
803 1820 1105 1902 Guttenbergeusem,
1119 1819 1148 1879 in
1164 1819 1225 1900 qud
1238 1820 1277 1881 ad
1290 1821 1455 1903 quingenta
1471 1822 1543 1883 fru-

340 1922 435 1985 menti
444 1921 552 1982 multra
561 1920 749 2002 reperissent.
792 1918 853 1980 His
865 1916 1200 1979 nunciatishWimario
1210 1914 1274 1977 sine
1285 1915 1368 1977 mori
1378 1937 1541 1999 supremus

341 2018 512 2100 vigiliarum
527 2015 695 2078 Praefectus
707 2014 846 2097 Prignitu
860 2035 929 2075 eum
942 2013 1079 2075 ducentis
1094 2011 1252 2093 equitibus,
1267 2012 1466 2095 trecentisque
1482 2036 1540 2097 pe-

339 2114 453 2176 ditibus
476 2114 715 2195 Gutteubergam
735 2130 837 2173 versus
859 2129 977 2171 movere
994 2109 1096 2190 jussus
1116 2115 1170 2183 ast,
1192 2108 1300 2188 partim
1322 2118 1357 2170 ut
1379 2110 1538 2173 ulteriores

339 2230 510 2293 progressus
524 2210 691 2291 impediret,
706 2208 814 2291 partim
828 2216 863 2268 ut
876 2206 919 2267 rei
933 2206 1090 2268 veritatem
1107 2222 1207 2266 coram
1221 2204 1389 2286 inspiceret.
1432 2207 1536 2279 Quem

341 2318 376 2371 ut
390 2306 547 2370 Gdtzianoe
564 2306 659 2388 copioe
672 2306 774 2368 adesse
791 2310 1006 2386 cognoverunt,
1025 2302 1153 2384 opinatae
1171 2310 1242 2363 suut
1258 2320 1378 2364 omnem
1393 2302 1536 2366 Wimari-

338 2405 417 2466 ensis
440 2403 537 2464 Ducis
558 2403 721 2464 exercitum
742 2401 915 2474 adventare,
938 2399 1064 2479 ideoque
1088 2398 1218 2459 necdum
1242 2397 1375 2459 collectis
1397 2401 1473 2460 vasis
1499 2401 1533 2462 in

339 2499 463 2562 effusam
486 2499 585 2561 abiere
608 2498 723 2581 sugam,
747 2517 839 2577 seque
861 2494 943 2556 omni
968 2514 1038 2556 cum
1062 2493 1250 2556 festinatione
1272 2493 1438 2577 Villingam
1460 2515 1533 2557 con·

338 2597 445 2673 tulere,
462 2596 572 2657 relictis
589 2595 749 2676 potissimis
766 2592 922 2654 tormentis
940 2591 1066 2665 bellicis,
1084 2610 1151 2672 quoe
1169 2589 1258 2653 facile
1276 2591 1374 2653 dictus
1392 2589 1532 2676 Prignitu

339 2692 465 2754 avehere
479 2692 633 2774 potuisset,
648 2691 707 2752 nisi
720 2710 865 2771 equorum
881 2688 1006 2772 penurii
1023 2689 1054 2750 id
1068 2687 1181 2771 negotii
1197 2689 1409 2770 impedivisset,
1423 2701 1532 2772 prater

339 2808 449 2869 paucos
469 2786 570 2868 itaque
589 2785 725 2868 captivos
745 2787 862 2868 reliqua
883 2788 1000 2869 integra
1020 2786 1146 2860 dimisit,
1168 2787 1328 2868 retulitque
1349 2788 1389 2849 ad
1412 2788 1530 2849 Ducem

339 2905 438 2958 mom,
453 2883 603 2945 Comitem
620 2881 839 2945 Mamfeldium
855 2905 935 2944 nuuc
951 2903 1021 2944 cum
1038 2883 1170 2944 exercitu
1184 2883 1323 2946 Oaesareo
1338 2903 1412 2958 esse,
1427 2885 1531 2946 militi·

339 3000 399 3061 que
421 2980 567 3061 Diploma
586 2979 716 3042 casaris
737 2979 756 3040 h
777 2977 973 3041 serenissimo
995 2980 1116 3041 Basaro
1135 2981 1336 3062 subscriptum
1352 2980 1530 3058 exhibuisse,

339 3095 399 3156 quo
407 3077 571 3156 jubeantur
586 3076 700 3137 nullam
715 3075 839 3157 posthac
857 3075 979 3150 thzio,
994 3075 1051 3137 sibi
1064 3095 1135 3136 vero
1150 3096 1269 3137 omnem
1285 3077 1486 3139 obedientiam
1500 3089 1530 3140 et

339 3171 567 3234 submissionem
584 3172 742 3234 militarem
764 3182 915 3254 praestare.
958 3171 1033 3234 Mox
1055 3170 1128 3232 hino
1145 3172 1185 3233 ad
1204 3171 1348 3234 Ghtzium
1369 3172 1476 3236 adiisse
1496 3185 1530 3238 ut

338 3266 475 3328 vinctum
495 3268 534 3329 ad
553 3267 703 3330 Caesarem
721 3267 771 3330 vel
790 3271 870 3330 certe
893 3268 1047 3329 Bavarum
1067 3267 1228 3350 ablegaret,
1252 3271 1336 3350 quod
1355 3269 1419 3332 sine
1439 3291 1527 3334 cuno·

339 3364 451 3425 tatione
475 3363 597 3440 facturn,
625 3364 778 3446 rhodoque
805 3365 979 3446 impositum
1000 3385 1070 3426 oum
1091 3364 1229 3426 ducentis
1250 3367 1399 3447 equitibus
1418 3366 1527 3429 Oaesmi

338 3458 521 3522 fidelissimis
542 3460 740 3523 Monachinm
758 3461 867 3522 abduci
883 3461 984 3542 jussit
1027 3461 1094 3523 Nec
1113 3461 1176 3542 ipse
1193 3481 1312 3543 quoque
1330 3463 1527 3526 Mauafeldius

337 3555 433 3617 multb
442 3565 519 3636 post,
531 3576 601 3617 cum
610 3556 738 3638 militare
749 3557 908 3638 imperium
917 3577 986 3618 cum
997 3557 1114 3618 summi
1123 3557 1301 3620 auctoritate
1310 3559 1350 3620 ad
1361 3559 1525 3623 ulteriorem

338 3651 466 3714 earnis
479 3651 702 3735 dispositionem
714 3653 746 3714 in
763 3653 917 3716 Goltzium
931 3653 1137 3731 transtulisset,
1153 3653 1213 3716 alib
1227 3656 1374 3736 profectus
1387 3665 1441 3718 est.
