3225 4700
467 350 874 422 ITINERARIUM.
1232 353 1295 416 267

136 496 204 560 Etsi
225 499 350 580 quidem
369 501 435 564 luteo
455 502 607 566 medicina
625 505 845 586 aliquantulum
867 505 1026 586 antiquum
1046 503 1154 566 vulnus
1174 499 1293 578 leniret.

90 595 232 658 nondum
243 605 341 658 tanum
355 618 391 660 ex
401 599 484 660 omni
494 609 577 681 parte
587 603 722 676 curabat,
733 623 915 684 aequavero
926 601 1093 664 coalescere
1101 609 1171 662 aute
1178 605 1294 681 potent

90 711 186 770 quam
206 692 245 754 de
266 693 369 776 Binga
389 694 476 774 plane
496 695 725 778 triumpharant.
767 697 868 760 Datur
888 697 1043 780 negotium
1061 693 1292 778 oppugnationis

92 785 226 850 Galerio
238 789 304 851 riro
320 789 468 871 imprimis
484 791 625 854 bellicoso
638 801 669 856 et
682 793 835 876 prudenti,
848 793 899 858 hic
912 815 983 858 cum
996 794 1158 876 accepisset
1171 787 1291 854 nonnisi

90 893 216 946 centum
229 885 451 969 quinquaginta
464 887 497 948 in
511 889 652 968 prasidio
664 889 841 966 substitisse,
852 911 923 954 oum
935 890 1046 954 selecta
1058 909 1151 952 mauu
1163 887 1293 950 instruc·

90 988 160 1042 tum
179 981 320 1044 bellicum
329 983 396 1064 jam
415 983 533 1064 pridem
551 997 750 1067 praeparatum
764 987 896 1069 applicat
908 987 1027 1050 decimo
1038 986 1146 1067 quinto
1158 981 1293 1064 Augusti

88 1077 149 1137 snb
163 1075 268 1138 boram
281 1087 419 1161 quartam
433 1080 629 1158 matutinam
650 1092 740 1164 atque
753 1092 788 1146 ut
801 1083 931 1146 militum
941 1081 1086 1146 fortitudo
1098 1087 1292 1144 amoneretur

89 1173 222 1255 ablegati
236 1184 321 1237 erant
333 1176 372 1236 da
387 1175 560 1240 Parillustri
572 1178 704 1260 capitulo
719 1177 895 1242 cathedrali
909 1176 1139 1263 Mogontiuensi
1156 1176 1219 1239 duo
1230 1174 1291 1238 riri

87 1269 215 1352 gratiosi
236 1271 388 1332 Dominus
408 1271 523 1334 scilicet
539 1293 665 1336 summae
686 1274 760 1337 aedis
779 1276 923 1338 Decsuus
940 1284 973 1338 et
992 1273 1146 1340 Dominus
1164 1270 1288 1353 quidam

89 1365 276 1446 capitularis
290 1369 329 1429 da
344 1367 600 1450 Dalbargemrum
617 1372 742 1452 antiqua
758 1371 897 1454 prosapia
915 1370 1072 1447 oriundus,
1087 1367 1214 1431 Domini
1233 1365 1291 1430 iru-

88 1462 198 1543 primis
219 1463 393 1545 prudentes.
437 1464 501 1526 Hic
525 1467 597 1528 dum
622 1468 723 1550 agitur
744 1467 853 1530 litterar
876 1469 1023 1531 Βοιοιιιιω
1046 1464 1289 1548 intercipiuntur,

87 1557 200 1638 quibus
219 1559 453 1622 commendanti
474 1562 622 1644 Biugansi
646 1563 678 1624 in
701 1565 852 1626 mandatis
874 1564 978 1638 dabat,
1001 1573 1036 1628 ut
1058 1584 1090 1625 aa
1115 1561 1290 1626 defenderet

87 1655 209 1730 acriter,
225 1655 267 1716 ita
279 1663 379 1718 tamen
393 1665 429 1719 nt
440 1669 575 1720 extrema
587 1659 762 1742 neutiquam
776 1660 957 1741 experiatur,
968 1680 1025 1722 nac
1037 1659 1119 1721 anim
1132 1655 1289 1738 essequod

87 1751 259 1813 subsidium
274 1752 337 1814 das
353 1753 474 1834 suisque
489 1755 547 1817 boc
560 1763 693 1838 tempore
706 1767 823 1838 speret:
844 1754 997 1820 concussis
1014 1753 1107 1836 igitur
1119 1753 1239 1816 muniis
1254 1751 1287 1814 in

42 1909 48 1918 ,
90 1848 197 1910 urbem
218 1849 382 1913 incurritur
401 1861 490 1932 atque
510 1861 624 1914 armata
644 1874 736 1916 manu
755 1853 885 1935 capitur,
905 1851 947 1914 ad
964 1870 1064 1914 arcem
1086 1857 1121 1910 ut
1142 1858 1291 1914 tormenta

92 1945 205 2006 deduci
218 1954 372 2026 ceperunt,
385 1946 465 2010 ultro
479 1969 510 2010 se
523 1948 576 2011 illa
589 1949 708 2011 dedidit
720 1950 763 2012 ita
775 1959 810 2014 ut
822 1947 937 2012 hostilis
949 1945 1036 2010 miles
1045 1942 1292 2026 omuisCaesures

88 2041 243 2123 stipendia
256 2051 431 2119 mereretur,
446 2045 583 2108 officiarii
596 2065 668 2108 vero
683 2045 865 2128 Haganoam
877 2043 1127 2108 conduceranmr.

133 2136 293 2220 cogitabat
309 2158 430 2222 quoque
448 2140 605 2217 Gelenius,
620 2141 764 2204 consectis
779 2143 891 2228 Bingae
907 2160 946 2202 ax
960 2148 1030 2200 voto
1047 2137 1187 2220 negotiis,
1205 2155 1290 2200 arms

88 2233 229 2296 uictricia
241 2235 281 2296 sd
295 2234 493 2319 Fridbergam
512 2237 707 2300 Wetteravioe
721 2259 906 2320 promouere,
922 2236 1004 2316 quod
1017 2236 1092 2297 dum
1111 2231 1243 2308 ¹11⁰llffl·
1256 2232 1289 2294 1¹¹

87 2327 157 2411 ipso
169 2327 276 2393 itinere
284 2329 410 2412 jubetur
423 2330 591 2409 subsistere,
605 2353 641 2395 ao
655 2354 687 2397 se
702 2354 773 2395 cum
788 2333 935 2417 Gonaags
947 2341 978 2395 et
991 2331 1110 2415 AEagidii
1123 2330 1213 2393 Harii
1227 2340 1290 2393 tur·

88 2426 149 2489 mis
158 2428 353 2510 conjungere,
367 2428 485 2509 alioque
499 2429 649 2510 proficisci
660 2432 746 2512 quod
758 2440 790 2493 at
806 2432 932 2495 facum
960 2430 1030 2493 Hos
1043 2438 1079 2490 ut
1089 2427 1291 2509 Fridberpen·

87 2523 173 2585 sibus
189 2524 330 2595 innotuit,
347 2544 426 2585 novo
443 2524 615 2589 exultarunt
632 2528 755 2610 gaudio,
771 2527 923 2608 simulque
938 2526 1075 2591 animum
1092 2524 1133 2589 ad
1150 2523 1291 2605 pristinas

89 2620 210 2702 praedas
222 2621 421 2703 applicarunt,
435 2623 602 2705 itineraque
616 2622 658 2685 ita
669 2623 859 2700 infestarunt,
871 2633 907 2687 ut
919 2623 995 2687 nulli
1008 2632 1107 2687 tutum
1119 2643 1183 2687 esse
1194 2632 1292 2705 posset

92 2715 144 2777 vel
157 2716 272 2780 leucam
287 2739 378 2780 unam
392 2718 523 2800 prodire.

131 2815 184 2877 Ad
196 2814 327 2895 ipsorum
336 2816 495 2877 audaciam
506 2815 763 2897 comprimendam
776 2816 918 2890 mittitur,
926 2817 983 2898 qui
995 2836 1093 2898 nuper
1103 2816 1145 2879 sd
1156 2815 1290 2897 Bingsm

88 2931 155 2973 rem
169 2911 295 2975 feliciter
313 2922 444 2996 gesserat
458 2912 608 2995 Magister
625 2912 761 2993 equitum
777 2912 990 2985 Paulus,cu1u
1004 2933 1061 2977 suo
1072 2933 1111 2975 ex
1125 2910 1293 2977 Mautberi·

88 3028 149 3069 aaa
162 3008 296 3093 Legioue
309 3008 464 3091 manipulo
477 3028 548 3071 saue
561 3008 698 3083 visendo,
709 3008 766 3091 qui
781 3008 855 3071 dnm
870 3009 902 3073 iu
915 3008 1031 3071 hostem
1050 3008 1190 3081 intendit,
1203 3006 1291 3089 cique

10 3138 11 3153 ι
88 3105 222 3186 opimam
242 3107 375 3187 praedum
400 3105 498 3187 eripit,
521 3112 693 3186 certamque
713 3105 883 3177 stationem,
905 3107 957 3167 ubi
978 3114 1045 3168 tuto
1069 3106 1176 3187 pedem
1197 3104 1292 3187 figere

87 3202 192 3282 possit,
203 3202 339 3284 inquirit,
352 3201 578 3265 Hoffbeimium
591 3200 751 3278 delabitur,
761 3208 795 3263 ut
806 3199 892 3263 illum
906 3202 1006 3263 locum
1019 3200 1082 3263 suis
1095 3200 1228 3265 consiliis
1240 3221 1291 3263 ao·

10 3314 12 3327 ·
88 3300 269 3363 commodet.
312 3300 377 3361 Hic
404 3299 498 3361 altero
524 3318 596 3359 mox
622 3298 673 3360 dia
696 3298 715 3360 d
742 3298 886 3361 Generali
913 3298 996 3359 Rosa
1020 3318 1092 3361 cum
1118 3298 1291 3381 quingentis

89 3394 242 3476 equitibus
260 3405 292 3458 et
313 3396 494 3479 octingentis
514 3394 676 3477 peditibus,
701 3416 778 3476 quos
801 3415 905 3457 secum
927 3395 1068 3473 ducebat,
1093 3395 1192 3458 curuis
1215 3414 1292 3477 pene

89 3490 184 3553 bostis
204 3513 327 3557 securus
347 3494 401 3555 sed
423 3501 454 3555 et
474 3493 598 3575 ignarus
618 3492 765 3565 obruitur,
786 3492 851 3573 ipsa
872 3512 944 3555 vero
967 3512 1038 3555 oum
1058 3490 1206 3574 effugium
1229 3500 1292 3555 tatu

87 3586 189 3649 subito
203 3607 264 3650 nou
281 3590 405 3651 baberet
423 3590 455 3650 in
478 3608 659 3651 arcenmum
671 3589 734 3651 suis
753 3588 837 3651 omni
856 3588 1009 3651 alimoniae
1029 3608 1139 3672 genere
1157 3596 1219 3651 tam
1237 3606 1293 3668 pro

90 3684 176 3765 equis
189 3704 279 3767 quam
299 3707 354 3769 pro
371 3686 542 3749 hominibus
561 3684 738 3749 destitutum
758 3706 790 3747 se
809 3685 926 3769 recipit,
945 3686 998 3749 nbi
1017 3695 1080 3752 ιιω
1097 3693 1179 3752 arcte
1195 3692 1292 3745 totum
