3225 4700
503 365 920 437 ITINERARIUM.
1230 370 1288 436 119

71 517 171 599 quod
183 538 281 601 nuper
290 518 310 579 i
318 516 505 581 Oaesamuuis
513 519 552 580 ab
561 518 660 583 hostes
668 520 806 601 nequiter
813 517 1030 602 transfugisset,
1041 518 1080 581 ad
1088 516 1287 581 Veclrtensem

74 614 280 676 obsidionem
303 613 438 675 animum
458 634 495 675 sc
516 616 594 678 vires
614 616 833 699 applicuerunt,
852 635 941 697 quam
965 615 1088 696 quidem
1110 616 1166 678 etsi
1190 624 1290 678 noster

74 710 179 772 miles
190 711 274 773 haud
287 711 462 772 diuturnam
475 711 537 773 fore
545 722 672 795 putaret,
687 734 722 775 eo
736 713 818 794 quod
830 712 903 774 exili
916 712 1028 773 ambitu
1041 712 1107 774 haec
1117 713 1222 774 civitas
1231 714 1289 774 cir·

76 806 254 869 cumscrrbi
273 806 437 880 videretur,
460 809 499 869 ob
520 808 657 871 incidens
674 819 774 871 tamen
795 808 906 870 coelum
925 808 1072 890 pluvium,
1092 817 1123 872 et
1141 810 1288 873 musculas

77 903 280 965 obsessorum
293 903 504 985 oppositiones,
519 924 571 965 sex
586 904 676 967 focile
691 905 864 986 septimanis
881 926 941 965 non
955 904 1018 965 sine
1034 914 1202 966 nostrorum
1219 926 1287 967 san-

76 1000 185 1081 guine
198 999 305 1061 tenuit.
348 998 386 1059 In
400 998 436 1059 eb
447 1000 603 1063 obsidione
617 1001 753 1062 bnostris
764 1000 949 1062 Perillustris
961 1000 1043 1061 Baro
1056 1001 1095 1062 de
1105 1001 1288 1065 Westerholt

79 1114 123 1155 ex
139 1095 210 1157 ictu
223 1094 338 1177 globuli
353 1094 486 1175 plumbei
501 1097 652 1159 extinctus
664 1106 718 1157 est.
760 1096 809 1157 Ex
827 1096 1006 1159 adversariis
1019 1096 1091 1157 verb
1104 1095 1163 1157 loci
1179 1118 1288 1178 praeses

80 1190 269 1253 colonellas
287 1189 384 1267 Lesle,
405 1192 467 1253 aab
487 1213 557 1254 oum
576 1192 726 1255 Praefecto
745 1192 920 1275 vigiliarum
940 1211 1002 1253 uno
1024 1193 1165 1254 tormenti
1187 1194 1288 1256 bellici

79 1285 218 1370 majoris
231 1287 305 1361 ictu,
320 1286 437 1348 occisus
451 1296 504 1349 est.

127 1386 251 1448 Contra
271 1384 384 1446 Succos
404 1404 464 1445 non
484 1384 584 1464 minus
603 1392 704 1445 actum
723 1393 768 1445 est
787 1383 859 1445 alibi
878 1383 1003 1460 fortiter,
1021 1383 1130 1446 Comes
1150 1385 1231 1447 enim
1249 1386 1288 1449 de

84 1482 205 1562 Bruny
223 1480 256 1541 in
274 1480 477 1561 quinquentos
496 1480 697 1542 Bennirianos
713 1480 839 1560 equites,
852 1478 1042 1561 legionesque
1059 1481 1194 1562 peditum
1212 1483 1288 1544 duas

82 1587 262 1660 opportuno
275 1574 344 1637 loco
359 1576 495 1638 incidens
511 1576 591 1638 fudit
605 1576 760 1657 plurimos,
775 1575 893 1657 fugavit
908 1575 1047 1657 reliquos.
1089 1576 1155 1638 Nec
1172 1578 1289 1641 minora

82 1675 206 1736 darum
215 1674 331 1753 reliquo
344 1672 514 1734 adversario
527 1672 684 1753 equitatui,
696 1673 734 1733 ob
744 1672 825 1733 luem
839 1691 906 1751 quae
919 1679 991 1731 tuno
1003 1672 1034 1731 iu
1049 1692 1151 1752 equos,
1163 1674 1288 1736 immani

83 1770 179 1832 clade
193 1770 389 1842 cremebatur,
402 1768 487 1829 illata
499 1774 580 1838 sunt,
596 1765 639 1825 ita
651 1773 687 1826 ut
699 1763 852 1845 potissima
865 1762 999 1843 equitum
1010 1782 1088 1843 pers,
1100 1765 1190 1845 pedes
1204 1766 1288 1845 equi.
1334 1815 1338 1830 ‚

82 1875 169 1940 tare,
182 1866 222 1927 ob
237 1885 382 1946 equorum
397 1863 618 1934 mortalitatem,
635 1858 726 1922 fuerit
741 1870 855 1921 coacta.
897 1857 1102 1919 Gallassianus
1117 1858 1188 1920 verb
1205 1880 1289 1922 exer·

85 1964 173 2023 citus
181 1982 253 2023 cnm
264 1960 344 2023 same
354 1960 451 2023 indies
464 1960 571 2043 magis,
587 1958 679 2040 q'ubm
692 1980 762 2019 oum
775 1957 930 2019 hostilibus
944 1956 1037 2037 copiis
1050 1956 1288 2034 conflictabatur,

86 2059 173 2121 adeo
186 2066 221 2119 ut
234 2066 309 2139 quot
321 2056 427 2119 diebus
445 2056 533 2118 multi
546 2055 676 2117 militum
690 2054 790 2116 inedii
803 2053 931 2116 confecti
944 2054 983 2113 ad
996 2053 1178 2136 sepulturum
1192 2054 1289 2133 defer·

83 2164 211 2228 runtur,
223 2153 277 2215 alii
289 2152 372 2229 verb,
385 2162 418 2214 ut
430 2152 525 2214 vitam
537 2150 610 2213 alibi
620 2149 745 2232 quaesitb
757 2148 877 2213 mnoni
889 2148 1079 2225 sustinerent,
1091 2148 1170 2211 clam
1183 2148 1288 2233 fugere

85 2260 282 2333 cogerentur.

133 2553 184 2668 ιζ
262 2529 412 2676 Q*
457 2584 499 2633 ἰ
646 2525 722 2657 ’ἳζῑ
854 2581 904 2655 ²l²
1037 2522 1088 2631 εἶτ
1156 2584 1172 2587 ψ
1226 2582 1246 2631 ²

446 2858 637 2936 CAPUT
672 2854 884 2933 XXXIII.

90 3045 148 3112 De
158 3043 315 3111 deditione
327 3039 517 3120 Brisueensi,
529 3038 663 3127 aliisque
676 3036 861 3126 quibusdam
872 3033 961 3101 rebus
972 3033 1005 3098 in
1016 3030 1153 3119 Imperio
1163 3031 1290 3098 exactis.

115 3205 155 3296 ‘³2
185 3199 274 3306 '‘{ljsy‘
311 3205 336 3246 ‘³
358 3221 418 3285 Uo
436 3230 551 3302 spectat
571 3217 758 3282 Brisacensis
775 3214 967 3300 expugnatio,
988 3213 1026 3276 de
1047 3211 1107 3294 qui
1119 3213 1185 3295 jam
1205 3233 1295 3294 supra

113 3325 155 3382 s!
196 3315 211 3375 ἦ
224 3287 267 3404 ljl
308 3302 336 3412 'lg
375 3317 484 3399 saepius
501 3315 626 3377 fecimus
642 3313 836 3382 mentionem,
850 3331 917 3392 quae
934 3310 989 3370 sub
1002 3308 1095 3369 finem
1113 3307 1203 3390 hujus
1220 3307 1293 3369 anni

111 3392 155 3485 ‚25'
198 3395 268 3477 ..ψ’
308 3404 343 3507 ξ
377 3410 688 3476 annonarum
712 3430 765 3491 per
791 3406 1037 3469 arimenensium
1066 3404 1186 3466 nucem
1218 3404 1294 3465 ner-

115 3494 155 3572 7,
201 3485 268 3512 ¹
309 3508 346 3578 Ἦ
375 3509 514 3584 nardum,
529 3529 589 3568 nou
605 3507 705 3568 minus
720 3504 835 3566 fortiter
850 3501 943 3584 quum
960 3508 1136 3574 constanter,
1151 3520 1212 3561 non
1229 3500 1293 3560 sine

115 3580 153 3661 ⁷-
190 3643 220 3661 ‚f
235 3607 275 3666 [a
375 3625 486 3688 magno
498 3603 589 3665 totius
602 3602 720 3684 imperii
733 3598 935 3674 incommodo,
952 3596 1088 3678 contigit.
1130 3595 1206 3678 Ejus
1221 3595 1294 3656 Hir·

94 3707 206 3766 toriam
219 3703 311 3785 paulb
323 3702 420 3764 fusius
433 3700 606 3763 referemus.
