3225 4700
329 574 417 647 capto
434 564 527 625 Petro
541 562 628 624 Oroll
642 562 799 643 Capitanei
817 563 1047 639 locumtenente,
1062 584 1132 623 cum
1149 560 1216 622 aliis
1232 560 1367 642 pauculis
1387 558 1536 620 Ibernis
1556 579 1571 617 z

328 660 475 743 vigesimi
488 658 596 742 quarti
608 659 754 741 ejusdem,
770 660 934 721 Wismario
948 659 1039 721 Sueoi
1056 659 1219 719 emiserunt
1231 656 1368 738 equitum
1386 667 1569 726 turmam,

328 757 382 839 qui
398 757 541 839 pauculos
555 756 681 837 Equites
694 764 724 815 et
737 755 863 817 famulos
875 758 893 817 ὲ
906 756 1025 839 legione
1038 753 1187 818 Colonelli
1202 753 1311 815 Sichoii
1326 753 1358 814 in
1372 751 1568 833 captivita-

328 864 390 916 tem
412 853 610 914 abduxerunt.
658 850 788 924 Quantas
806 851 879 913 verb
900 852 982 913 circa
1002 850 1068 912 haec
1090 850 1157 911 loca
1176 850 1282 912 militis
1303 850 1396 911 nosbi
1416 849 1567 909 fuerint
1585 871 1586 934 j

328 950 467 1026 miseriae,
486 948 549 1010 dici
565 958 616 1010 aut
631 947 761 1009 describi
778 968 839 1009 non
856 956 962 1030 potest,
980 948 1163 1029 cogebantur
1180 947 1262 1008 enim
1278 946 1404 1028 integrae
1423 954 1561 1006 turmae
1585 1001 1586 1004 ,

328 1048 384 1108 sub
401 1056 503 1128 aperto
521 1046 612 1119 Jove,
630 1043 706 1106 coelo
722 1043 919 1126 frigidissimo
936 1043 1047 1105 multas
1064 1052 1166 1104 noctes
1185 1042 1315 1123 exigere,
1336 1043 1389 1102 vix
1406 1042 1559 1102 aliunde
1585 1031 1586 1044 ¹

328 1163 418 1224 quam
440 1144 559 1205 nivibus
579 1152 609 1203 et
622 1141 737 1223 pruinis
756 1140 926 1220 asperrimis
942 1141 1033 1201 tectis
1066 1141 1166 1220 Atque
1183 1138 1249 1199 baec
1263 1139 1364 1199 omnia
1376 1139 1556 1200 tenacitati
1585 1115 1586 1200 l

328 1240 418 1301 unius
438 1249 491 1301 aut
507 1238 629 1301 alterius
646 1234 803 1298 Generalis
820 1235 1055 1317 imputabantur,
1071 1236 1123 1315 qui
1142 1234 1219 1323 licet
1229 1234 1288 1315 ipsi
1306 1235 1416 1295 milites
1434 1246 1555 1296 essent

327 1324 442 1418 egregii
456 1334 574 1395 nullum
587 1342 751 1393 metuentes
765 1332 891 1408 hostem,
906 1333 1042 1414 pecuniis
1055 1342 1156 1393 tamen
1169 1332 1298 1392 nimium
1315 1341 1467 1411 quantum
1483 1333 1550 1392 ad-
1585 1319 1586 1388 i

327 1432 491 1506 haerebant,
502 1430 629 1509 ideoque
640 1438 675 1490 ut
685 1449 752 1489 suas
763 1449 835 1511 opes
845 1439 989 1511 augerent
999 1429 1127 1490 militem
1138 1428 1287 1508 reliquum
1298 1429 1548 1509 pessundabant.
1585 1421 1586 1426 ¹

326 1527 445 1589 Audivi
458 1546 518 1586 non
532 1525 683 1586 neminem
695 1524 827 1600 illorum,
842 1526 1005 1606 aliquando
1018 1546 1049 1585 se
1063 1546 1132 1586 cum
1145 1524 1169 1585 J
1170 1545 1267 1585 oaune
1280 1525 1319 1586 de
1332 1526 1443 1587 Werth
1457 1547 1546 1587 con·
1585 1509 1586 1552 l

327 1624 482 1697 ferentem,
494 1622 546 1682 sed
560 1621 623 1681 visa
636 1630 681 1681 est
693 1621 768 1681 mihi
781 1622 846 1683 boec
858 1622 978 1684 collatio
987 1622 1071 1683 velut
1081 1621 1193 1703 Reguli
1207 1641 1276 1682 cum
1287 1622 1412 1701 Aquila.
1442 1622 1545 1683 Wer-

329 1720 409 1782 thius
422 1718 504 1780 enim
516 1717 618 1778 omnia
631 1738 699 1798 quse
714 1719 945 1801 aggrediebatur
958 1719 1021 1779 suis
1037 1718 1176 1800 auspiciis
1188 1726 1220 1778 et
1233 1718 1367 1779 consiliis
1382 1720 1540 1796 iaciebat3
1585 1711 1586 1744 ¹

330 1815 394 1876 Hic
409 1823 508 1875 autem
526 1814 654 1875 aliorum
666 1816 754 1895 jussu
767 1823 798 1875 et
813 1815 1011 1889 ordinatione,
1026 1824 1057 1875 et
1072 1814 1154 1893 quod
1169 1823 1259 1895 caput
1268 1824 1313 1875 est
1326 1815 1483 1877 Wertbius
1501 1838 1542 1877 se

328 1912 426 1993 potius
440 1932 531 1992 quam
545 1930 666 1971 suorum
680 1910 812 1971 militum
827 1910 959 1992 aliquem
973 1920 1083 1972 temere
1101 1910 1288 1991 perdidisset,
1302 1910 1352 1971 hic
1365 1922 1467 1973 autem
1487 1914 1540 1973 in·

328 2020 428 2091 tegras
440 2007 571 2090 legiones
590 2006 686 2088 perire
702 2005 756 2066 sci
774 2006 900 2067 avaritib
917 2007 1042 2068 sinebat.
1084 2006 1147 2069 Sed
1161 2007 1227 2067 baec
1243 2027 1313 2068 cum
1330 2007 1452 2069 alterius
1469 2010 1539 2071 sint

329 2106 396 2175 fori,
411 2105 451 2165 ad
464 2104 524 2163 alia
537 2102 775 2185 progrediamur.

331 317 391 381 104
734 310 1141 381 rurucnsarusr.
1585 257 1586 276 Ν

329 470 382 532 sed
395 477 426 531 et
440 488 477 529 ex
490 465 588 528 inauli
604 464 721 527 Iisdum
735 466 858 529 adsuere
875 466 984 543 hostes,
1003 466 1056 548 qui
1074 475 1191 527 nostros
1201 462 1235 525 in
1249 463 1355 546 fugam
1372 295 1587 810 ωιῇεοῆ

371 2202 442 2262 Ηοο
465 2220 544 2261 anno
567 2200 700 2281 quinqua
727 2201 933 2283 Hispanorum
953 2202 1059 2278 millia,
1083 2200 1296 2263 Dtnlrirolram
1316 2208 1444 2283 quatuor
1463 2204 1535 2265 anri

329 2318 402 2360 vasa
420 2297 614 2359 devexerunt.
662 2296 700 2357 In
721 2297 910 2381 Portugallii
927 2319 1047 2380 quoque
1065 2298 1174 2380 aliquis
1192 2308 1297 2361 contra
1312 2297 1533 2379 Hispaniarum

330 2398 447 2478 Regem
467 2405 564 2457 motus
585 2404 630 2455 est
644 2396 799 2467 excitatus,
819 2396 873 2477 qui
889 2406 987 2457 tamen
1009 2415 1101 2476 quam
1119 2416 1188 2458 mox
1207 2397 1327 2457 sedabis
1347 2406 1402 2457 est.
1443 2397 1534 2459 Obiit
1585 2424 1586 2427 ¹

329 2513 448 2574 quoque
462 2491 599 2553 Mantum
615 2492 690 2551 Dux
701 2493 757 2553 boc
776 2493 880 2554 eodem
894 2513 984 2554 anno.
1027 2493 1090 2554 Sub
1107 2492 1199 2554 finem
1213 2493 1237 2555 J
1238 2493 1355 2554 anuarii
1368 2494 1531 2556 Viae-Ma·

329 2588 491 2650 rasclrallus
501 2587 610 2649 Comes
624 2589 662 2649 de
674 2587 812 2671 Ridberg
825 2591 899 2651 dum
912 2610 966 2670 per
978 2609 1070 2670 aquas
1080 2588 1175 2672 glacie
1190 2591 1344 2666 obductas,
1355 2590 1387 2650 in
1400 2591 1527 2652 insulam

332 2687 400 2767 Rye
418 2685 576 2747 transitum
592 2685 723 2759 molitur,
738 2687 952 2767 praemittitque
968 2708 1006 2748 ex
1024 2687 1159 2767 equitatu
1173 2687 1409 2769 quinquagenos,
1423 2690 1475 2769 qui
1488 2711 1526 2750 an

329 2782 486 2844 commode
506 2781 627 2843 transiri
646 2791 735 2862 queat
752 2790 887 2843 tentent:
915 2782 947 2842 hi
965 2803 1068 2844 omnes
1085 2803 1156 2843 cum
1172 2783 1292 2865 longius
1308 2785 1524 2863 processissent,

330 2881 426 2963 glacie
440 2878 527 2961 rupti
540 2879 702 2959 perierunt,
715 2878 757 2938 ita
770 2888 805 2939 ut
818 2879 916 2940 redire
930 2880 1040 2941 (lomes
1054 2889 1172 2942 coactns
1186 2879 1285 2941 fuerit.
1320 2880 1406 2952 Quid
1419 2884 1525 2942 mirum

329 2979 412 3050 verb,
425 2977 450 3038 si
464 2974 643 3055 quandoque
658 2975 749 3035 Dsus
761 2975 819 3035 sibi
832 2976 1059 3037 adversamibns
1075 2976 1271 3037 adversetur?
1311 2977 1455 3057 Quisquis
1471 2981 1524 3040 mi·

328 3073 416 3134 litum
431 3070 554 3133 Baccho
565 3079 596 3132 et
608 3071 720 3133 Veneri
738 3071 871 3146 deditur,
884 3092 963 3154 soepe
977 3073 996 3134 b
1011 3073 1082 3134 Duo
1097 3072 1262 3134 necessarii
1274 3093 1329 3155 ope
1345 3074 1522 3137 destituitur.

331 3169 515 3229 Pudendum
533 3177 577 3228 est
589 3167 680 3246 bodie
699 3177 797 3229 castra
814 3168 886 3230 illuc
902 3170 1073 3245 defluxisse,
1088 3178 1124 3230 ut
1140 3169 1246 3230 merito
1259 3170 1388 3244 dubites,
1401 3190 1439 3231 an
1450 3172 1523 3235 inter

329 3263 439 3325 milites
450 3263 539 3326 Dnus
552 3262 678 3340 colatur,
690 3264 737 3325 vel
752 3265 777 3326 si
791 3265 901 3327 colitur
914 3267 939 3326 is
952 3265 1001 3327 vel
1012 3265 1152 3326 Bacchus
1164 3275 1209 3326 est
1221 3266 1271 3326 vel
1281 3267 1395 3328 Venus.
1427 3267 1520 3340 Quam

330 3360 453 3442 quidem
473 3359 655 3440 impietatem
675 3361 787 3441 optime
808 3383 904 3443 nuper
923 3363 1098 3443 perstrinxit
1115 3362 1311 3442 pudicissima
1325 3364 1379 3424 illa
1390 3366 1475 3446 juxta
1491 3377 1519 3426 et

329 3455 514 3518 nobilissima
529 3456 672 3533 Domina,
687 3459 856 3519 Antonetta
873 3459 916 3519 Ia
932 3459 1003 3539 Roy
1016 3459 1048 3519 in
1062 3458 1220 3519 convivio:
1242 3459 1293 3519 cui
1307 3480 1378 3523 cnm
1392 3461 1411 3522 i
1425 3463 1516 3543 magn

329 3552 460 3614 nominis
472 3551 545 3612 belli
561 3551 648 3614 Duce
661 3554 774 3614 vitrum
788 3565 957 3635 porrectum
970 3565 1057 3629 esset,
1068 3555 1099 3615 in
1113 3574 1175 3635 qno
1187 3575 1275 3615 suum
1288 3555 1339 3618 illc
1352 3577 1413 3620 esse
1425 3559 1516 3619 Danu

329 3649 512 3726 venditabat,
524 3648 589 3731 ipsa
602 3649 726 3712 dimisso
736 3650 766 3711 iu
781 3659 892 3712 terram
905 3653 922 3713 ἑ
934 3651 1072 3714 manibus
1084 3652 1163 3713 vitro
1175 3651 1227 3728 ait,
1241 3672 1312 3714 ecce
1326 3654 1427 3717 Duorr
1438 3663 1518 3716 tuum
