3225 4700
484 336 510 401 I
520 336 802 405 TINERARI
810 340 893 408 ΗΜ.
1223 342 1282 408 123

124 478 175 545 X'.
200 484 338 549 Omnem
356 498 531 569 apparatum
550 500 581 553 et
599 492 779 555 instructum
796 492 950 567 bellicum,
972 492 1177 574 cujuscunque
1190 492 1281 554 fuerit

69 581 220 643 nominis
229 584 402 660 antianum,
411 584 542 648 fideliter
551 588 677 668 siquem
688 589 762 649 Dux
770 588 979 664 nominaverit,
991 590 1104 651 tradet:
1126 608 1182 649 nec
1192 587 1281 669 quid·

70 693 171 756 quarn
185 698 298 741 eornm
309 680 483 753 infodiunt,
497 682 675 759 destruetur,
689 684 917 747 comminuetur.

119 772 191 833 XI.
221 774 349 837 Civibus
365 796 418 838 seu
437 776 551 839 Incolis
562 780 797 855 Briaacensibns,
807 780 933 841 liberum
943 778 1095 862 religionis
1105 780 1279 843 exercitium

74 869 281 945 concedetur,
295 892 398 933 eorum
411 882 490 935 tecta
505 874 670 955 domusque
686 894 721 936 ac
738 876 888 957 praecipue
907 876 1028 957 temple,
1045 877 1280 957 monasteriaque

74 964 233 1029 invichta
244 984 282 1027 ac
293 968 417 1042 intacta,
436 971 550 1049 absque
560 970 625 1033 ulle
637 972 815 1053 direptione,
828 970 1042 1052 relinquentur.
1065 973 1156 1045 Quod
1169 974 1195 1034 si
1208 972 1279 1034 verb

75 1060 299 1143 religiosorum
312 1062 451 1127 mucelli
470 1066 532 1126 alic
548 1066 745 1148 commigrare
763 1066 820 1147 ipsi
839 1066 919 1127 ultrb
940 1068 1116 1149 cogitarent,
1132 1070 1228 1131 cuivis
1247 1068 1280 1131 id

75 1155 215 1219 liberum
230 1158 428 1240 relinquetur.
469 1160 562 1233 Quod
573 1162 645 1222 verb
655 1162 697 1223 ad
705 1162 779 1223 alics
788 1162 842 1242 qui
851 1161 932 1223 cives
942 1184 1003 1225 non
1011 1173 1090 1239 sunt,
1101 1164 1154 1225 sed
1164 1172 1280 1225 tanturn

77 1252 119 1313 ad
135 1261 265 1335 tempas
282 1256 547 1319 secuitatiacansi
566 1256 706 1339 hospites,
725 1258 855 1321 maxime
872 1258 944 1319 verb
970 1258 1094 1321 Nobiles
1109 1259 1194 1321 istius
1212 1278 1282 1321 cen·

77 1348 220 1427 ditionis,
238 1350 284 1412 ita
295 1350 371 1413 Dux
383 1373 454 1415 cnm
466 1352 527 1415 illia
536 1363 616 1436 aget,
628 1362 663 1417 ut
675 1354 819 1434 conqueri
828 1355 898 1434 jure
910 1354 994 1415 nullo
1006 1356 1096 1417 modo
1108 1356 1232 1437 possint.

118 1446 210 1507 XII.
235 1447 366 1510 Mobilis
373 1448 523 1511 omniaad
532 1448 656 1511 demum
671 1449 861 1511 Austriacanu
874 1448 946 1511 clim
962 1450 1150 1531 pertinentia,
1164 1450 1282 1512 univer·

78 1543 288 1621 nqucaliain
296 1545 506 1607 Brisacsnsem
513 1545 710 1607 munitionem
716 1543 817 1607 tutele
824 1546 913 1607 causi
921 1546 1279 1626 importatesenadvccta:

80 1639 191 1719 Fasque
204 1661 278 1721 quas
290 1642 380 1701 militi
393 1642 510 1703 exituro
518 1640 695 1703 antciribua
703 1640 903 1721 permansuris
914 1639 1047 1722 legitima
1057 1642 1144 1705 titulo
1159 1642 1281 1704 attribui

80 1746 255 1815 nequeunt.
267 1737 381 1799 intacta
393 1736 611 1817 relinquantur,
624 1757 660 1799 ac
673 1736 796 1815 illisqui
810 1736 850 1797 sd
863 1736 896 1797 id
906 1735 996 1798 officii
1009 1736 1028 1797 i
1042 1738 1130 1799 Duce
1144 1738 1282 1819 designa·

80 1831 200 1893 buntur
213 1834 282 1894 aine
292 1834 491 1896 manicone
505 1833 595 1895 ullius
607 1832 737 1895 fideliter
748 1832 914 1894 tradantur.

124 1928 234 1989 XIII.
254 1929 383 1991 carebit
399 1930 557 1993 Generalis
572 1938 788 1991 tormentcrum
804 1926 962 2007 prefectus
980 1927 1064 1988 Barc
1079 1926 1117 1989 de
1134 1926 1281 2000 Reinacb‚

84 2033 117 2085 et
126 2026 316 2087 aaaacnrnbit
328 2026 481 2087 cbaidibm
493 2026 533 2087 ad
545 2026 579 2087 id
591 2035 658 2105 post
666 2045 698 2085 se
707 2023 829 2097 relictis,
839 2042 877 2085 ne
888 2022 963 2103 quid
972 2022 1099 2083 occulte
1107 2021 1282 2083 machineti-

83 2122 160 2193 cnia,
168 2124 256 2203 qnod
263 2122 424 2183 munitioni
430 2121 611 2196 Briaacensi,
617 2118 981 2197 DuciWimaricivelsuis
986 2117 1281 2181 illucintrcenntibns

86 2217 201 2280 damno
214 2238 280 2281 csse
291 2220 393 2300 pessit,
407 2218 471 2281 illic
483 2218 678 2299 relinquetur.
813 2226 822 2238 ¹

128 2312 225 2376 XIV.
247 2314 388 2395 ¹Denique
396 2314 498 2378 omnis
507 2314 573 2377 boec
584 2315 695 2395 absque
710 2312 779 2376 delo
788 2312 940 2393 utrimque
953 2310 1159 2374 servabuntur.
1191 2308 1281 2382 Quod

88 2409 115 2469 ai
121 2418 228 2472 tamen
234 2409 343 2491 aliquia
355 2411 490 2492 privatus
496 2421 600 2472 centra
606 2409 673 2472 brec
680 2411 775 2492 egisse
784 2409 1020 2482 convinceretur,
1029 2426 1087 2467 non
1095 2404 1282 2485 idscreliqua

87 2505 292 2567 communitas
302 2506 399 2568 omnia
418 2506 510 2569 unius
522 2505 682 2588 perfidiam
694 2505 768 2580 luet,
793 2505 847 2564 aed
866 2502 946 2566 solus
960 2502 1144 2564 machinator
1155 2500 1279 2575 fraudis,

89 2619 144 2679 prc
156 2602 268 2663 meritc
281 2601 437 2682 plectetur.
478 2602 518 2664 In
531 2621 659 2682 qnorum
672 2601 807 2663 omnium
826 2597 918 2660 tidem
933 2597 1080 2679 imprimis
1096 2597 1159 2678 ipse
1175 2595 1281 2657 Seren-

89 2697 211 2760 isaimns
219 2697 463 2760 Wimariensiu'm
471 2698 745 2772 DuxBernardua3
763 2695 916 2776 tumflBurc
927 2692 1117 2766 deReinecb,
1128 2689 1182 2754 sui
1190 2710 1281 2754 manu

88 2796 287 2857 mbccribent.

129 2890 225 2964 Quod
240 2901 273 2954 ct
282 2900 385 2954 acuum
397 2891 652 2973 septimodecimo
665 2888 843 2952 Decembris
855 2890 948 2950 Anno
961 2881 1281 2948 MDCXXXVIII.

132 3083 239 3148 Pactia
263 3103 301 3145 ex
317 3093 445 3165 utreque
463 3095 548 3165 parte
564 3083 712 3159 annisis,
731 3081 869 3144 stabilitis
885 3087 917 3140 et
932 3076 1115 3158 subscriptis,
1134 3075 1282 3136 Wimsric

95 3177 175 3241 Dnci
189 3181 331 3256 innotuit,
346 3180 471 3262 triginta
483 3201 605 3242 sucrum
616 3179 747 3240 militnm
763 3175 881 3238 Brisaei
893 3175 925 3236 in
939 3193 1056 3236 carcere
1069 3173 1194 3234 durante
1203 3173 1283 3233 cbsi·

92 3276 183 3339 diune
191 3287 335 3351 mertuos,
342 3285 374 3338 et
380 3287 448 3338 octo
457 3276 532 3338 alica
541 3276 657 3338 iscciis
664 3272 849 3355 concaptivis
856 3272 895 3332 cb
902 3271 1012 3332 famem
1021 3269 1228 3332 stinediamin
1239 3268 1281 3330 ci.

95 3369 239 3436 burnesse
247 3382 390 3434 mactatos
397 3382 428 3436 et
435 3373 601 3435 devoratus.
623 3361 1282 3447 Undeanitaexcenduitutpactasimpli·

97 3467 169 3530 citer
185 3468 355 3531 rescindere
370 3469 546 3543 decreverit,
562 3461 1282 3546 ccuclmeritqnecmnespraeaidiaricsinegresan

96 3561 297 3628 internetione
306 3563 415 3639 delere,
423 3563 597 3645 fecissetque
606 3562 664 3624 nisi
671 3581 774 3623 omnes
781 3559 897 3622 militie
907 3558 1051 3640 primores
1059 3555 1284 3640 deprecatifnis·

99 3671 161 3723 sent
169 3681 300 3742 quorum
307 3661 446 3742 precibus
456 3660 643 3723 securitatem
655 3657 883 3722 Briaacensibus
897 3653 1012 3716 annuit.
1053 3651 1172 3734 Egressi
1185 3650 1285 3730 itaque
