3225 4700
519 350 542 415 I
548 349 604 416 TI
608 350 831 418 NERARI
838 353 923 420 UM.
1246 362 1309 424 369

115 505 185 565 trias
211 505 365 586 geminum
392 506 589 568 homicidium
613 529 667 589 per
690 529 841 569 summum
865 509 962 570 scelus
987 510 1151 575 admissum
1178 524 1242 590 est,
1275 537 1310 577 ac

114 602 249 683 primum
263 603 384 684 quidem
398 615 497 665 ortum
511 605 598 666 duxit
611 625 648 666 ex
662 606 745 680 rixis,
761 626 835 686 quaa
847 627 920 687 puer
933 607 1055 687 quidam
1070 611 1164 672 movit
1179 612 1310 686 cellario,

114 700 169 780 qni
182 701 286 760 vinnm
302 721 356 781 pro
371 702 471 782 precio
484 704 647 783 promebat,
663 704 737 765 dum
755 703 836 764 enim
851 704 900 764 hic
916 705 1074 785 pecuniam
1088 729 1141 788 pro
1155 711 1226 771 vino
1241 711 1310 771 dato

114 797 222 879 exigit,
238 798 313 859 alter
331 798 458 859 solutam
472 799 562 859 fuisse
577 800 690 874 asserit,
712 810 837 880 uterque
851 801 890 860 ad
904 801 1035 862 convitia
1052 803 1208 868 descendit
1226 817 1256 868 et
1273 829 1310 868 ex

113 893 189 954 hino
202 894 242 954 ad
254 895 386 954 verbera.
431 895 472 955 Et
484 894 620 956 cellarius
634 897 756 976 quidem
769 897 815 956 ira
828 898 969 978 percitus,
986 910 1103 981 arrepto
1123 922 1211 982 quem
1227 904 1309 965 furor

114 991 286 1070 proximum
301 993 468 1052 obtrnserat
477 991 594 1066 malleo,
606 1002 667 1052 tam
678 991 780 1054 valido
790 993 821 1053 in
833 1004 924 1074 capnt
937 993 999 1054 ictu
1008 994 1106 1066 librat,
1122 1005 1154 1057 ut
1162 999 1307 1078 juvenem

114 1087 209 1148 etiam
234 1109 315 1149 nunc
337 1089 517 1169 loquentem,
541 1086 692 1170 elinguem
717 1088 831 1164 facerit,
859 1099 889 1150 et
913 1091 1080 1152 exanimem
1104 1098 1306 1174 prostraverit

115 1183 285 1246 Homicida
308 1206 378 1247 mox
395 1187 625 1268 comprehensus
645 1197 675 1247 et
697 1186 737 1247 ad
760 1185 913 1248 ulteriores
940 1207 1043 1269 poenas
1066 1193 1235 1254 carceribus
1260 1194 1307 1254 in-

115 1281 229 1343 clusus.

157 1380 296 1440 Alterum
311 1392 465 1442 nocturnae
481 1402 535 1462 per
552 1381 657 1442 urbem
675 1381 872 1463 grassationes
886 1392 917 1442 et
930 1391 1013 1443 extra
1028 1383 1149 1444 domum
1168 1385 1308 1448 abnocta·
1414 1403 1416 1408 ’

114 1475 220 1550 tiones,
232 1477 413 1557 praecipuam
429 1478 538 1538 dedbra
552 1478 748 1538 occasionem.
785 1478 861 1539 Erat
869 1478 996 1539 Viennae
1008 1479 1136 1542 famulus
1150 1483 1306 1562 cujusdam

113 1572 220 1633 Aulici
234 1572 375 1643 Caesarei,
389 1575 441 1654 qni
456 1574 540 1647 dum,
553 1594 591 1634 an
605 1574 624 1634 a
637 1573 770 1634 Domino
784 1575 891 1635 missas
905 1595 943 1634 an
959 1575 1037 1637 ultro
1052 1578 1210 1653 incertum,
1226 1601 1307 1641 com·

114 1670 182 1750 pita
199 1671 328 1742 oberrat,
342 1671 451 1732 incidit
469 1670 543 1732 forte
559 1670 680 1731 fortuna
697 1672 728 1731 in
748 1671 967 1732 adolescentem
987 1673 1165 1746 studiosum,
1179 1677 1307 1738 similem

113 1767 174 1826 sibi
188 1767 460 1841 nontambuloncm,
474 1767 534 1840 cui,
545 1777 579 1827 ut
591 1767 767 1847 plerumque
777 1767 854 1828 inter
868 1768 1013 1844 ejusmodi
1025 1777 1123 1850 partes
1133 1770 1198 1832 fieri
1216 1783 1305 1848 amat,

113 1864 154 1924 ad
168 1863 234 1925 lites
247 1865 303 1926 sibi
318 1866 487 1938 intentatas,
501 1863 588 1925 facile
602 1864 661 1925 fuit
673 1884 858 1945 responsum,
874 1864 925 1924 sed
939 1862 1039 1924 forsan
1057 1867 1199 1947 asperius,
1213 1870 1308 1949 quod·

113 1981 174 2042 que
192 1971 340 2043 pungeret
357 1961 516 2030 famulum,
536 1962 589 2041 qui
610 1981 679 2021 cum
699 1961 779 2042 aegrd
797 1961 956 2022 sustineret
972 1962 1060 2022 etiam
1078 1964 1141 2024 sine
1162 1966 1307 2046 sanguine

114 2058 225 2120 vulnus
239 2059 407 2133 innoxium,
426 2058 560 2140 gladium
579 2058 687 2132 vibrat,
703 2078 863 2138 reposcens
881 2078 935 2139 pro
948 2058 1053 2141 jurgio
1072 2061 1257 2142 sanguinem,
1272 2083 1307 2122 ac

115 2156 238 2234 gemina
251 2155 381 2237 primum
395 2155 484 2236 plaga
497 2155 632 2235 punctim
647 2155 729 2215 illata
745 2154 869 2228 sauciat,
885 2175 920 2216 ac
938 2178 1009 2217 mox
1024 2158 1126 2218 caesim
1141 2159 1228 2220 tertia
1244 2170 1307 2221 stu-

114 2253 234 2313 diosum
253 2262 399 2313 cnrentat.
442 2252 506 2312 Hic
528 2253 601 2312 dum
622 2252 699 2313 serib
721 2272 784 2312 rem
805 2253 856 2334 agi
871 2253 965 2329 videt,
980 2264 1010 2315 et
1030 2275 1118 2335 porro
1132 2255 1242 2317 instare
1259 2256 1306 2317 sui

114 2370 330 2431 percussorem,
345 2349 384 2411 ad
397 2370 481 2410 arma
493 2370 612 2431 qnoque
626 2370 690 2423 sna,
706 2369 771 2429 qua
784 2349 815 2410 in
830 2361 969 2431 promptu
981 2352 1103 2427 serebat,
1115 2373 1237 2414 manum
1252 2356 1306 2415 ad·

113 2457 226 2521 movet,
241 2447 303 2506 vim
319 2447 350 2506 vi
365 2446 545 2525 repulsurus,
558 2447 640 2527 quod
656 2447 729 2507 dnm
737 2446 809 2509 facit
824 2447 906 2508 haud
921 2447 1093 2529 interposita
1103 2470 1186 2510 mora
1195 2449 1307 2531 triplici

115 2544 240 2604 vnlnere
252 2542 397 2604 famulum
417 2542 560 2618 confodit,
579 2552 610 2603 et
626 2543 727 2604 evitat.
773 2543 789 2602 1
807 2565 889 2605 nunc
905 2553 935 2605 et
949 2545 1030 2605 disce
1044 2565 1111 2625 qnae
1123 2566 1223 2607 secum
1238 2568 1308 2609 noc·

116 2652 213 2701 tnrnoe
228 2661 265 2701 ac
279 2641 494 2720 intempestivae
509 2660 562 2721 per
575 2639 678 2700 urbem
693 2641 893 2719 evagationes,
908 2640 1003 2701 lerant
1017 2642 1224 2704 emolumenta.

152 2737 223 2797 Non
238 2758 301 2799 esse
319 2748 495 2820 perpetuom
511 2736 735 2798 firmamentum
757 2749 845 2798 terras
859 2738 962 2799 docuit
978 2747 1085 2798 octava
1099 2739 1214 2820 Aprilis
1228 2742 1306 2802 Tan-

114 2834 216 2895 rinnm
230 2833 346 2896 Montis
361 2835 475 2896 Ferrati
489 2834 606 2904 civitas,
621 2853 710 2912 qnam
725 2833 779 2893 sub
792 2835 858 2914 ejus
872 2834 932 2895 dici
945 2854 1099 2915 vesperam
1113 2837 1306 2917 gravissimus

113 2944 203 2991 terrae
217 2941 315 2991 motus
329 2932 489 3004 concussit,
503 2932 546 2992 ita
561 2940 593 2991 nt
607 2930 716 2991 multas
731 2930 830 2991 subitb
846 2933 925 2993 aedes
943 2942 972 2992 et
990 2952 1078 3012 supra
1095 2932 1176 2993 mille
1193 2934 1307 2995 smnilia

8 3081 20 3109 ›.
113 3030 240 3089 immani
257 3027 468 3111 indigenarum
485 3039 596 3090 terrore
618 3039 647 3089 et
660 3038 742 3088 metu
756 3029 905 3089 everterit.
949 3028 1075 3108 Peperit
1087 3028 1152 3089 haec
1166 3030 1222 3089 soli
1236 3050 1306 3091 con-

9 3127 11 3144 “
114 3127 213 3186 cassio
226 3124 309 3185 tanto
322 3126 466 3206 majorem
483 3124 767 3199 consternationem,
780 3125 894 3205 quantb
908 3126 1074 3185 minoribus
1090 3125 1209 3186 indiciis
1227 3126 1306 3187 cladi

114 3222 258 3304 praelusit.

155 3318 223 3379 Nec
244 3318 433 3381 Iombardiae
446 3318 568 3382 firmum
587 3322 646 3383 fuit
665 3322 773 3395 solnm,
788 3340 879 3401 quam
895 3319 1020 3380 eandem
1037 3319 1201 3380 saevissima
1218 3328 1305 3381 terras

112 3416 275 3495 trepidatio
288 3416 411 3488 invasit,
422 3438 459 3477 cx
472 3437 533 3497 qna
545 3417 684 3499 plurima
694 3420 773 3481 oedss
783 3418 931 3479 subversoe
945 3424 1025 3491 sunt,
1037 3424 1065 3477 et
1079 3415 1138 3477 alia
1152 3436 1211 3477 non
1226 3415 1306 3477 levia

113 3510 224 3573 damna
235 3524 451 3574 successerunt.
904 3531 908 3537 ·

155 3608 238 3669 Illud
262 3630 381 3691 qnoque
403 3610 571 3672 ominosum
594 3610 734 3673 Saxoniae
758 3611 827 3680 init,
851 3609 972 3690 qnando
997 3612 1027 3669 in
1050 3608 1161 3691 templo
1186 3608 1305 3670 Sanctae

8 3694 14 3706 ’
114 3705 223 3767 Crucis
237 3708 356 3774 Drestae
374 3707 495 3790 signum
512 3708 640 3769 militare
661 3707 800 3789 lugubre,
815 3707 898 3788 quod
913 3706 1057 3769 Generali
1072 3706 1210 3768 Caesareo
1224 3706 1305 3765 Arn-

683 3809 736 3864 aa
