3225 4700
456 315 869 383 ITINERARIUM.
1201 320 1260 381 105

44 454 88 635 tp
111 467 257 547 optime,
277 468 365 531 valde
382 469 523 532 miserum
541 480 571 533 et
587 470 743 554 fragilem:
767 470 851 533 nbris
870 471 943 533 verb
960 470 1061 532 Dauus
1079 489 1143 532 esse
1166 469 1259 532 aliam

86 563 230 643 pietatis
242 572 304 625 tua
316 564 455 642 ultorem,
469 566 522 647 qui
536 568 662 630 conterit
676 568 767 650 impie
781 568 838 629 sibi
850 567 1040 629 oblatrantes.

84 660 230 722 Interea
249 661 281 722 in
301 670 365 723 tcto
384 661 647 746 Mechlebnrgensi
668 664 791 725 Ducatu
811 664 913 726 omnia
931 663 1108 739 necessaria,
1125 670 1187 725 tam
1203 683 1259 745 pro

42 755 151 817 milite
173 757 272 838 quem
288 777 343 840 pro
358 758 454 839 equis,
469 758 658 823 deficiebant.
701 760 762 822 Sed
775 769 805 821 et
820 760 956 822 Hobatn
968 771 1000 822 et
1013 760 1259 842 Hamburgenses

41 850 342 932 inbybernaullum
352 854 509 917 admittere
520 856 658 931 militem,
669 857 890 918 detrectabant:
908 857 987 918 unde
996 858 1109 919 accidit
1117 866 1152 919 ut
1160 857 1258 919 indies

41 948 195 1031 singulos
210 948 299 1012 multi
312 950 439 1013 miseriis
452 950 618 1029 inferiores,
633 953 727 1015 vitem
739 952 962 1033 abrumperent.

174 1198 316 1292 ‘⁷2⁴1
367 1279 385 1282 -
465 1243 475 1276 v

446 1278 543 1328 ut*
623 1215 686 1294 ³⁴
758 1246 847 1282 ‘¹

352 1339 503 1369 Α.
810 1338 877 1353 ..

466 1550 656 1625 CAPUT
693 1550 850 1623 XXIX.

333 1729 385 1795 De
401 1728 575 1819 Progressa
587 1741 689 1797 nostro
703 1731 846 1797 aduersus
861 1730 982 1799 Sueuos.

75 2013 122 2084 ἑὲ
141 2005 172 2092 ζ
210 2041 214 2070 ι
341 2012 458 2075 merent
474 2033 544 2075 oum
565 2012 703 2075 Ducibus
720 2012 832 2075 milites
844 2012 957 2089 nostri3
978 2033 1067 2075 nemo
1083 2013 1252 2075 noueredi·

108 2111 125 2160 ἓ
218 2147 263 2200 ξ,
342 2110 433 2171 disset
446 2110 518 2185 fore,
533 2118 568 2172 ut
580 2110 634 2171 sub
647 2110 725 2173 veris
742 2109 911 2192 ingressum
929 2108 1101 2191 stpecunit
1115 2110 1251 2171 cesetiu-

79 2192 118 2292 l?
134 2187 172 2308 lt,
209 2201 300 2342 &l
340 2206 562 2284 annotamus,
576 2215 606 2268 et
616 2206 748 2268 vestibus
757 2205 932 2268 indueretur
940 2206 1077 2287 optimis:
1098 2226 1169 2268 cum
1179 2207 1250 2271 verb

88 2288 161 2369 'G‘
182 2352 193 2366 .
217 2279 297 2365 ψ’)
340 2304 394 2366 illa
406 2303 547 2386 appulere
563 2312 705 2384 tempore,
719 2301 823 2365 uacuis
841 2302 959 2378 loculis,
972 2303 1113 2385 nudoque
1125 2324 1249 2386 corpora

59 2405 88 2463 in
104 2421 244 2483 campum
258 2401 358 2464 denub
371 2409 406 2462 ut
418 2409 498 2473 ante,
509 2401 642 2462 eundum
656 2399 724 2462 fuit.
766 2401 816 2461 lta
828 2399 966 2461 inanibus
979 2399 1040 2460 imb
1054 2402 1249 2464 mendacibus

58 2499 190 2560 mundus
204 2501 385 2582 gubernatur
396 2497 670 2579 pollicitationibus,
684 2495 876 2558 stultissimae
889 2496 1060 2557 mortalium
1073 2495 1124 2558 ille
1137 2501 1247 2579 estqui

61 2596 177 2657 mundo
189 2589 278 2658 fidem
294 2593 427 2656 adhibet.
468 2594 521 2656 Ad
534 2613 610 2668 aras,
625 2613 791 2655 erumnose
804 2593 900 2668 miles,
914 2593 955 2654 ad
969 2613 1045 2668 aras,
1060 2593 1179 2656 nullum
1193 2596 1248 2657 tibi

59 2692 132 2753 alibi
150 2691 326 2774 perfugium.
367 2689 448 2752 Cum
470 2697 566 2752 totum
588 2690 754 2772 Imperium
777 2690 839 2752 imb
856 2689 953 2752 omnis
970 2692 1047 2771 pene
1068 2691 1192 2772 Europa
1209 2712 1247 2754 ac

60 2789 213 2850 universus
226 2789 305 2850 orbis
317 2786 396 2850 bello
409 2787 565 2870 flagrabat,
578 2787 738 2867 vicinaque
752 2786 878 2848 dustria
890 2786 1046 2848 hostilibus
1059 2787 1247 2850 circumstre-

61 2895 144 2968 peret
158 2886 256 2961 armis,
276 2894 349 2945 tunc
366 2883 488 2965 quidem
508 2903 574 2944 eras
589 2883 620 2944 in
635 2883 746 2964 precio,
767 2904 849 2945 nunc
866 2903 936 2945 cum
958 2882 1074 2944 bostem
1097 2885 1246 2946 enervesti

60 2981 221 3064 paululum,
231 2990 262 3042 et
270 2981 310 3042 ad
320 2989 435 3042 exteros
446 2978 586 3062 pepulisti
597 2978 776 3059 plusculum,
788 2989 840 3042 tua
848 2979 997 3042 vilescunt
1008 2979 1159 3060 obsequia,
1170 2980 1246 3042 adeo

62 3099 152 3160 nsque
164 3088 197 3139 ut
210 3087 238 3139 te
252 3076 389 3138 vilissimi
402 3076 478 3137 aulae
496 3075 627 3152 asseclae,
643 3074 756 3137 infimae
772 3077 861 3138 sortis
875 3075 1001 3149 humuli,
1015 3076 1121 3138 muudi
1136 3078 1246 3158 probra
1296 3106 1303 3117 ·

61 3184 91 3237 et
100 3182 292 3246 excrementa,
302 3193 337 3234 ac
347 3171 506 3236 merissimi
516 3181 604 3234 terrae
613 3171 670 3234 filii
680 3192 736 3234 nec
747 3172 779 3233 in
789 3171 966 3235 famulatum
973 3174 1130 3236 admittere
1137 3175 1243 3251 velint,

63 3272 123 3334 imb
135 3271 308 3332 fortissimos
321 3269 392 3331 belli
405 3269 496 3331 duces
510 3269 563 3349 qni
578 3268 718 3342 Caesaris,
731 3269 922 3352 Regumqne,
936 3277 967 3330 et
980 3269 1160 3351 Principum
1172 3293 1244 3334 cum

63 3369 184 3451 propria
197 3367 266 3430 vitae
284 3365 469 3449 apertissimo
485 3363 669 3440 discrimine,
685 3365 774 3440 bona,
792 3365 935 3441 fortunas,
949 3373 981 3426 et
997 3373 1107 3427 statum
1125 3388 1244 3430 conser-

64 3465 176 3538 vbrnnt,
188 3462 389 3544 dedignantur
404 3461 453 3523 vel
472 3462 511 3523 ed
527 3461 737 3544 aurigandum,
752 3460 801 3523 vel
819 3461 859 3522 ad
873 3461 1076 3523 triunandum
1090 3461 1242 3526 adbibere.

69 3561 124 3624 Sed
136 3561 211 3644 agite
225 3557 352 3622 Domini
366 3559 436 3632 mei,
450 3567 602 3640 cxpectcts
618 3558 780 3640 paulisper,
800 3558 935 3620 nondum
951 3557 1091 3638 equidem
1106 3559 1242 3622 omniurn

68 3659 173 3720 dierum
185 3655 228 3720 sol
247 3655 369 3730 occidit,
383 3653 532 3739 quiescit,
546 3653 621 3736 qnid
638 3673 722 3717 serus
736 3654 837 3718 trabat
847 3673 962 3735 vesper,
977 3664 1079 3718 cauete
1092 3677 1130 3718 ue
1143 3657 1176 3717 in
1191 3675 1242 3718 vos

697 3771 714 3808 Ρ
