3225 4700
323 357 388 422 260
711 357 1118 428 ITINERARIUM.

324 507 450 583 salvam,
464 515 493 570 et
506 529 537 570 se
549 509 716 591 captivitati
727 512 911 595 mancipare,
922 512 954 574 in
965 532 1027 594 quo
1037 512 1114 574 alter
1122 510 1251 594 periculi
1260 507 1393 572 nimium
1402 525 1538 569 secnrm

324 605 511 686 aliquamdiu
529 605 600 671 fixis
614 607 709 670 oculis
720 607 850 685 haerens,
864 629 901 672 ae
914 611 1071 693 ambigena
1083 618 1197 681 nuum,
1210 608 1285 690 quid
1298 607 1387 670 cuive
1401 625 1537 687 respon-

323 703 418 773 deret,
437 703 605 765 mirabatur
620 705 736 768 scilicet
753 705 936 769 audaculum
954 706 1101 768 rusticum
1113 704 1213 766 cubile
1227 723 1314 766 suum
1328 712 1392 765 mm
1405 712 1536 764 mature

323 797 508 881 sinepraevio
516 800 602 881 pulsu
609 799 788 884 ingressum,
794 803 918 867 videbat
924 825 996 866 vero
1003 803 1094 866 etiam
1101 811 1373 875 armatum,vocem
1381 799 1537 862 audiebat

323 895 413 956 militi
427 916 486 958 non
501 897 613 960 rustico
626 907 785 975 omasum,
800 909 835 962 ut
847 921 880 962 se
893 902 1039 982 tantisper
1052 899 1186 982 collegit,
1201 908 1288 980 rugat
1296 897 1364 979 quis
1374 896 1427 968 ait,
1435 895 1536 976 qnid·

323 1011 362 1053 ve
381 992 468 1067 velit,
486 993 537 1055 cui
556 994 632 1056 alter
650 995 770 1072 iterum,
785 998 921 1059 vitamne
934 998 992 1059 sibi
1006 997 1113 1059 donari
1123 1004 1219 1078 roget,
1230 993 1349 1056 neene‘l
1367 1013 1441 1054 cam
1457 1012 1535 1054 vero

323 1087 445 1150 interim
458 1090 642 1172 capitaneus
655 1091 696 1153 ad
705 1094 850 1175 parietem
863 1093 942 1155 lecto
954 1092 1090 1156 vicinum
1103 1112 1189 1154 mma
1202 1091 1365 1174 expediret,
1383 1089 1533 1151 mmm:-

322 1184 435 1261 dulam,
458 1207 548 1267 quam
569 1209 661 1250 manu
681 1189 819 1253 versabat
839 1191 871 1252 in
891 1189 1043 1253 hominem
1058 1192 1126 1272 jam
1148 1191 1295 1252 intentam
1316 1187 1476 1270 displodit,
1500 1196 1534 1249 et

319 1283 553 1365 primoquidem
568 1285 692 1347 minime
706 1288 826 1349 mortali
846 1288 910 1350 ictu
928 1289 1052 1350 sanciat
1096 1289 1241 1368 Dumque
1259 1286 1369 1348 iterum
1384 1283 1532 1365 sclopnm

321 1379 463 1461 plumbeo
486 1380 608 1463 globulo
631 1381 765 1455 insaucii,
787 1384 969 1467 capitaneus
988 1385 1100 1447 lectulo
1120 1384 1271 1459 exsiliens,
1291 1383 1384 1463 inque
1406 1379 1532 1442 bostem

322 1497 410 1538 suum
423 1477 549 1552 irruens,
565 1478 802 1559 pertinacissimo
815 1501 960 1544 manuum
974 1481 1006 1544 in
1018 1483 1117 1544 crines
1126 1482 1251 1564 injecta,
1261 1479 1420 1542 fortissime
1430 1487 1530 1552 tenet,

322 1573 423 1653 quoad
437 1572 513 1635 alius
526 1593 563 1635 ex
577 1575 674 1638 amico
687 1576 783 1638 milite
797 1579 1021 1660 superveniens,
1034 1577 1182 1640 luctantes
1199 1597 1281 1660 aegre
1301 1575 1419 1638 dirimit
1433 1584 1532 1654 atque

322 1679 397 1731 tunc
421 1668 516 1732 altero
540 1670 739 1752 capitaneum
763 1673 828 1736 ictu
850 1695 946 1757 eoque
965 1673 1069 1737 lethali
1089 1684 1177 1736 terrae
1198 1671 1318 1755 aflligit.
1359 1669 1529 1751 Praecipua

321 1766 416 1850 igitur
429 1767 513 1830 hoste
524 1769 633 1850 partim
648 1782 756 1854 capto;
778 1772 888 1853 partim
901 1773 978 1849 fuso,
993 1773 1033 1836 ad
1047 1773 1167 1854 rapinas
1180 1769 1268 1841 itum,
1278 1767 1452 1851 singulique
1464 1767 1528 1828 sibi

322 1865 456 1946 praedam
470 1885 539 1947 quae
552 1866 641 1928 obvia
651 1879 724 1944 erut,
739 1869 887 1952 deligunt

362 1961 448 2025 Inter
461 1962 560 2025 varios
573 1963 726 2026 discursus
739 1975 770 2028 et
782 1965 930 2028 tumultus
942 1967 1018 2029 torte
1031 1966 1123 2029 etiam
1140 1965 1179 2028 ad
1198 1964 1419 2028 cellerariorum
1433 1965 1526 2040 (qno-

321 2079 389 2120 rum
401 2059 461 2124 dao
473 2059 540 2122 istic
552 2080 641 2144 agere
652 2073 882 2139 consueverunt,
893 2083 972 2125 anns
983 2064 1105 2126 nomine
1116 2060 1356 2125 Eminentissimi
1366 2057 1526 2138 Principis

323 2155 471 2218 Electoris
493 2155 684 2238 Mogontini,
706 2158 782 2220 alter
802 2159 869 2221 loco
891 2161 1077 2243 Landgravii
1098 2156 1368 2230 Darmstadicnsis)
1388 2155 1471 2216 sedes
1490 2174 1525 2215 se

322 2253 460 2314 nonnulli
473 2253 605 2315 militum
620 2254 819 2331 insinuarent,
833 2276 964 2338 cumque
976 2278 1035 2318 non
1050 2278 1140 2319 nemo
1158 2252 1385 2317 Darmatadiani
1398 2251 1525 2312 Princi-

322 2348 369 2430 pis
381 2348 538 2412 officialem
552 2352 743 2434 conspicatus
756 2362 842 2428 esset,
851 2354 1006 2435 judicavit
1017 2374 1056 2416 ex
1065 2354 1175 2416 vestita
1185 2352 1310 2414 militem
1321 2369 1395 2424 eme,
1404 2346 1525 2409 sublata

322 2444 424 2527 itaque
438 2447 547 2520 securi,
561 2466 655 2529 qaam
668 2468 723 2530 pro
736 2450 852 2510 ratione
864 2450 978 2532 opificii
989 2447 1335 2533 portiseffringendis,si
1348 2466 1421 2507 usas
1433 2444 1520 2519 soret,

322 2562 423 2603 secum
437 2544 596 2621 detulerat,
611 2544 733 2607 fatalem
747 2545 841 2608 ictam
856 2548 1000 2621 minatur,
1013 2568 1083 2609 cum
1097 2547 1148 2608 ille
1158 2547 1226 2628 quis
1235 2554 1312 2607 esset
1320 2543 1424 2617 edicit,
1433 2538 1522 2603 miles

323 2640 440 2701 veniam
455 2650 604 2722 precatus,
617 2641 756 2704 dimittit.
795 2644 892 2727 Egra
904 2654 1007 2727 pcetea
1018 2643 1084 2707 luec
1097 2664 1145 2707 res
1158 2642 1310 2704 hominem
1320 2660 1427 2723 parum
1439 2638 1520 2701 mili-

322 2736 374 2798 tiae
398 2746 547 2799 assuetum
576 2737 691 2814 habuit,
715 2737 906 2822 multumque
933 2742 973 2804 de
997 2741 1110 2823 injuria
1135 2740 1218 2822 apud
1241 2736 1520 2799 Eminentissimam

322 2832 492 2896 Electorem
507 2834 770 2917 Mogontiuensem
783 2836 822 2897 de
835 2848 958 2917 questus
968 2848 1020 2901 est
1040 2838 1125 2911 Quid
1135 2858 1207 2899 veru
1216 2833 1367 2917 acceperit
1374 2833 1520 2915 responsi,

322 2930 356 2992 id
369 2930 425 3012 ipsi
439 2929 595 2993 hominum
609 2930 832 3013 simplicissimo
850 2934 988 3014 liquebit,
1005 2946 1086 2997 certe
1104 2935 1130 2996 si
1147 2953 1258 2996 nomen
1275 2940 1307 2993 et
1318 2929 1411 2992 officii
1424 2928 1519 3009 quali·

322 3037 414 3089 tatem
428 3026 519 3089 fronti
534 3026 710 3108 inscriptam
725 3028 967 3106 circumtulisset,
987 3031 1035 3092 vel
1052 3031 1256 3093 excubitorem
1274 3028 1372 3090 cnivis
1387 3026 1516 3089 militam

323 3125 498 3197 addidisset,
514 3123 589 3185 illnd
604 3144 675 3185 sane
689 3124 721 3185 in
736 3124 835 3207 ipsum
848 3146 938 3188 nemo
950 3127 1056 3191 fuisset
1067 3148 1158 3190 ansus
1170 3125 1349 3189 machinari.

363 3220 487 3302 Reliqui
508 3218 630 3282 hostiles
647 3220 758 3283 milites
773 3222 918 3284 exarmati
936 3243 1007 3285 mox
1024 3224 1065 3285 ad
1082 3223 1249 3285 custodiam
1267 3220 1448 3283 oecuriovem
1465 3220 1517 3281 de·

323 3316 502 3391 ductisunt,
517 3317 570 3378 ubi
585 3317 700 3379 sincere
712 3318 873 3380 edixerant
887 3320 1088 3382 vexilliferum
1107 3320 1161 3381 illo
1179 3319 1244 3401 ipso
1260 3318 1310 3382 die
1327 3328 1514 3399 expectatum

323 3432 387 3475 esse
402 3412 628 3489 Franoofordia,
642 3432 710 3475 cum
722 3413 836 3495 aliquot
844 3434 948 3477 recens
957 3417 1118 3478 auctoratis
1126 3415 1282 3491 militibus,
1292 3434 1383 3495 quem
1394 3414 1512 3494 quidem

323 3508 585 3593 Coningsteiniani
599 3530 637 3571 ex
650 3510 768 3572 insidiis
781 3521 976 3592 expecierunt
993 3514 1025 3575 iu
1043 3534 1140 3576 seram
1153 3533 1320 3596 vesperam,
1337 3513 1392 3573 sed
1410 3524 1445 3573 at
1460 3531 1513 3592 pa·

323 3617 390 3671 tant
405 3607 504 3684 multi,
521 3606 540 3668 i
560 3608 681 3671 rusticis
699 3607 797 3691 ipsum
815 3607 907 3671 faisse
925 3610 1072 3673 munitum
1090 3611 1130 3674 de
1146 3610 1234 3675 elada
1250 3629 1383 3683 snorum,
1401 3607 1510 3690 iterque

321 3706 471 3789 relegisse.
