3225 4700
491 342 887 409 ITINOEJRARIUM.
1222 346 1286 408 355

127 594 208 656 Cum
223 595 413 656 manifestum
426 594 466 657 sit
477 595 626 670 omnibus,
641 595 733 676 qnbm
747 595 848 675 ampla
861 595 946 656 nobis
960 604 990 656 et
1004 596 1131 658 Coronas
1145 594 1280 655 Franciae

72 691 213 751 servitia
225 692 454 754 amandissimus
472 692 558 752 nobis
576 700 722 773 cognatus
738 700 838 752 noster
853 690 1026 753 cardinalis
1039 702 1068 753 et
1084 693 1156 752 Dux
1172 690 1282 752 Riolre·

70 787 147 847 lius
163 788 344 868 praestiterit,
360 808 510 870 quamque
531 787 688 849 fortunatis
707 797 739 848 et
758 788 867 869 optatis
888 789 1072 850 successibus
1094 790 1179 849 Deus
1194 790 1282 849 bene·

73 884 201 945 dixerit
214 887 280 965 ejus
293 886 426 947 consiliis
437 905 445 955 ;
466 886 581 948 nemini
589 887 715 947 dnbinm
727 886 858 968 relinqui
870 897 975 969 potest,
986 888 1060 969 quin
1074 888 1198 949 omnino
1211 908 1281 969 gra-

73 981 165 1043 viter
175 984 240 1063 ejus
254 983 367 1044 anobis
377 1004 414 1043 ex
427 983 483 1044 hac
491 983 553 1044 vita
560 982 723 1045 discessum
734 984 908 1059 sentiamus,
919 1006 1008 1065 quem
1019 1004 1138 1045 sensum
1146 1004 1200 1064 pro
1212 1004 1280 1044 nos·

72 1087 135 1137 tro
149 1078 181 1138 in
195 1080 294 1160 ipsum
307 1080 418 1142 affectu
431 1101 491 1141 non
507 1090 621 1143 tantum
636 1079 693 1143 hac
704 1080 781 1158 vice,
790 1082 845 1142 sed
854 1081 937 1142 omni
947 1082 1017 1142 vitre
1028 1091 1137 1142 nostrae
1152 1080 1280 1141 decursu

73 1176 214 1255 probare
227 1186 258 1237 et
268 1178 369 1238 testari
381 1177 526 1239 volumus.

126 1272 261 1345 Quando
273 1274 345 1335 verb
358 1275 516 1337 necessitas
529 1285 560 1337 et
571 1285 738 1356 temporum
751 1276 828 1337 ratio
841 1296 922 1337 nnnc
932 1276 1037 1358 exigit,
1048 1285 1082 1337 ut
1096 1284 1165 1335 ante
1178 1275 1280 1335 omnia

73 1370 215 1431 salutem
234 1380 265 1432 et
282 1373 508 1454 prosperitatem
524 1373 611 1455 regni
628 1373 732 1449 nostri,
751 1382 782 1434 et
797 1373 902 1434 utilem
921 1372 1146 1454 gubernationis
1164 1372 1278 1432 metho-

72 1469 161 1529 dum
185 1488 303 1529 snmmo
321 1469 431 1544 studio,
451 1479 482 1530 et
505 1471 629 1551 quidem
649 1470 745 1531 multb
763 1471 860 1552 magis
880 1472 972 1550 quam
994 1469 1119 1531 antehac
1143 1488 1276 1549 unquam

72 1586 235 1638 curemus,
254 1576 286 1627 ut
303 1577 403 1647 partas
422 1587 475 1647 per
493 1566 555 1627 Dei
576 1567 789 1649 omnipotentis
806 1568 934 1649 gratiam
953 1568 1102 1642 victorias,
1123 1586 1217 1647 usque
1238 1566 1278 1626 ad

72 1672 217 1742 optatam
230 1662 284 1723 sed
296 1662 415 1724 firmam
427 1674 457 1724 et
470 1672 656 1726 constantem
670 1683 774 1744 pacem
788 1665 856 1744 (qui
870 1664 940 1726 finis
953 1676 998 1726 est
1015 1665 1150 1725 omnium
1162 1673 1277 1724 nostro·

72 1779 153 1819 rum
166 1759 370 1832 consiliorum,
384 1769 415 1822 et
428 1781 482 1841 pro
494 1781 556 1841 qua
568 1762 734 1843 reparanda
747 1781 802 1821 nec
816 1762 898 1835 vitre,
912 1782 968 1823 nec
978 1761 1120 1843 sanguini
1129 1760 1278 1841 parcitum

74 1856 238 1932 volumus)
251 1876 475 1937 prosequamur.
515 1857 726 1919 conclusimus
741 1858 781 1918 ad
797 1858 924 1921 consilia
938 1868 1039 1919 nostra
1056 1858 1176 1918 eosdem
1193 1856 1278 1918 adbi-

75 1955 164 2028 bere,
180 1974 255 2035 quos
275 1953 395 2015 virente
417 1954 516 2015 adhuc
529 1954 693 2017 Cardinale
711 1956 911 2019 adhibuimus.
953 1953 1108 2035 Imprimis
1123 1953 1194 2014 verb
1213 1954 1278 2032 ejus

75 2051 152 2112 loco
172 2060 333 2133 cognatum
351 2061 485 2112 nostrum
501 2051 694 2113 Gardiualem
715 2051 867 2113 Mazarini
888 2050 1082 2133 preficimus,
1100 2049 1153 2130 qui
1174 2049 1277 2110 multis

73 2147 289 2209 occasionibus
298 2146 419 2209 fidelem
429 2147 571 2209 affectum
581 2169 669 2209 suum
680 2159 711 2209 et
719 2149 925 2212 dexteritatem
940 2167 1008 2208 cum
1019 2145 1180 2227 prudentia
1191 2145 1277 2205 nobis

76 2250 126 2307 ita
142 2245 290 2326 probarit,
310 2255 346 2306 ut
358 2265 445 2305 curas
465 2256 582 2305 nostras
594 2246 701 2307 meritb
714 2246 746 2306 in
762 2266 833 2307 eum
848 2265 902 2307 ceu
916 2242 1003 2325 regni
1016 2242 1109 2303 nostri
1122 2242 1276 2303 subditum

76 2363 227 2426 reponere
240 2342 304 2405 tutb
317 2343 473 2423 possimus.

124 2442 187 2502 Sed
198 2461 255 2501 nec
267 2441 368 2500 minus
380 2441 549 2501 curandum
569 2441 654 2501 nobis
671 2449 717 2501 cst
732 2449 766 2502 ut
783 2440 885 2500 omnia
898 2439 1011 2500 t'oedera
1023 2457 1093 2498 oum
1107 2437 1277 2518 conjunctis

76 2538 171 2598 nobis
193 2537 389 2619 Principibus
409 2547 439 2597 et
459 2537 594 2619 Regibus
617 2537 817 2609 stabiliantur,
840 2537 999 2617 omniaque
1021 2554 1089 2615 quae
1116 2553 1275 2594 commune

76 2636 197 2695 bonum
210 2643 355 2714 spectant,
370 2635 402 2694 in
421 2635 518 2717 primo
532 2634 635 2716 rigore
654 2643 887 2694 conserventur:
908 2632 987 2693 bella
1001 2631 1039 2692 ad
1052 2651 1120 2711 quae
1134 2631 1171 2692 ab
1185 2629 1275 2691 hosti·

76 2734 140 2793 bus
153 2732 260 2793 nostris
272 2731 480 2812 compellimur
497 2731 603 2792 codem
617 2729 743 2804 fervore,
757 2731 859 2811 quoad
875 2729 942 2790 Deo
960 2728 1090 2811 placebit
1102 2728 1194 2788 corda
1208 2726 1275 2788 hos·

76 2833 161 2892 tium
183 2839 353 2890 nostrorum
374 2830 414 2889 ad
433 2829 516 2908 pacis
536 2816 721 2889 conditiones
740 2825 886 2898 emollire,
908 2825 1131 2886 continuentur.
1173 2822 1275 2896 Quare

76 2927 220 2989 volumus
231 2936 262 2986 et
269 2926 412 3007 jubemus
421 2935 455 2984 ut
469 2945 572 2984 omnes
585 2944 678 3006 reguo
688 2922 922 3002 nostrosubjecti
936 2921 1054 2982 eosdem
1065 2941 1096 2981 se
1104 2920 1273 2995 exhibeant,

75 3038 144 3087 tam
162 3043 236 3103 erga
253 3035 385 3083 nostram
398 3041 554 3103 personam
570 3030 600 3080 et
616 3019 801 3080 consiliarios
818 3028 934 3079 nostros
952 3016 1040 3098 quam
1058 3016 1275 3079 confoederatos

76 3121 178 3194 nobis,
195 3140 271 3201 quos
284 3117 409 3180 antehac
429 3138 546 3199 semper
559 3117 770 3198 praestiterunt,
785 3116 840 3176 &c
882 3118 984 3195 Atque
998 3114 1152 3194 hucusque
1168 3113 1275 3196 Regiae

76 3220 199 3281 liuere.

12 3398 15 3415 ’
122 3410 346 3474 concludemus
359 3420 449 3490 caput
462 3409 518 3470 hoc
532 3408 620 3468 rebus
633 3407 672 3467 ad
685 3405 814 3467 Mottam
827 3405 1056 3466 munitissimam
1071 3405 1274 3489 lotharingia

79 3529 181 3571 arcem
196 3507 298 3590 gestis,
311 3527 412 3567 mense
427 3503 595 3587 Septembri
608 3523 689 3563 anno
703 3500 861 3562 millesimo
879 3501 1094 3562 sexcentesimo
1107 3503 1275 3584 quadrage·

79 3609 160 3667 simo
180 3605 322 3666 secundo.
365 3603 552 3664 Obsidebant
575 3620 642 3661 eam
660 3600 744 3680 justo
767 3597 900 3658 exercitu
926 3596 1021 3672 Galli,
1047 3597 1275 3679 Archistratego

81 3701 243 3778 Hallierio,
259 3699 459 3762 Mareschallo
477 3698 587 3779 campi,
602 3707 632 3758 et
645 3696 753 3758 acriter
771 3694 956 3775 premebant,
972 3713 1062 3774 quam
1077 3705 1110 3756 ut
1126 3696 1275 3772 liberaret,
