3225 4700
477 328 901 399 .ITINERARIUM.
1221 336 1279 399 173

66 472 309 543 Fruucicarum
331 483 484 566 copiarum
506 484 588 561 fecit,
607 484 757 566 jussitque
778 481 864 545 nulla
883 482 963 544 l'aotu
981 502 1065 545 mora
1087 482 1127 545 ud
1148 481 1277 545 Theonis

66 570 196 635 Villam
221 598 409 658 promovere,
427 590 458 642 et
474 580 625 643 civitatem
645 580 800 642 obsidione
821 579 970 655 claudere,
993 580 1075 660 quod
1096 598 1186 659 quum
1207 600 1277 642 mox

67 672 261 735 executioni
274 676 389 752 datum,
403 678 577 759 obsidioque
589 678 733 739 vicesima
745 686 851 738 octava
865 674 944 736 Maii
957 694 1053 758 oaepta
1065 685 1120 739 est.

112 765 198 828 Hoc
218 772 412 851 conspicatus
432 773 611 835 fortissimus
631 771 848 855 campiductor
870 770 1097 848 Pioolomiuius‚
1118 772 1276 835 consilium

70 881 147 923 cum
166 865 341 947 praecipuis
354 887 476 929 suorum
495 868 563 929 iniit
576 868 615 929 de
627 867 771 929 solvenda
782 866 946 939 obsidione,
961 876 992 929 et
1004 868 1075 930 licet
1087 878 1160 930 tuno
1179 868 1277 930 omnia

70 960 204 1038 generis
219 962 334 1037 media,
349 975 424 1044 puta
435 973 614 1039 comeatum,
624 973 655 1026 et
667 962 811 1026 offensiva
820 981 903 1023 arma
912 964 952 1023 ad
965 964 1112 1045 ejusmodi
1124 966 1277 1048 negotium

72 1052 134 1115 rite
144 1058 368 1137 exequendum
378 1060 662 1141 suscipiendumque
670 1060 817 1135 deessent,
827 1058 922 1122 nihilo
932 1070 1032 1121 tumen
1043 1059 1142 1121 miuus
1151 1060 1277 1123 firmiter

71 1150 198 1227 statuit,
223 1153 406 1217 solutionem
427 1156 592 1218 obsidionis
611 1155 713 1217 moliri
733 1156 817 1216 omui
838 1165 958 1219 conatu.
1008 1155 1047 1218 Iu
1070 1175 1161 1238 quem
1183 1156 1275 1219 finem

72 1246 168 1308 tertio
182 1248 210 1309 J
212 1250 284 1309 unii
304 1252 479 1315 Bastoniam
496 1252 553 1313 sub
569 1251 737 1326 meridiem,
755 1252 811 1312 sub
827 1272 978 1335 vesperam
996 1260 1098 1314 nutem
1114 1252 1277 1315 Mariclau·

73 1363 161 1424 gum,
178 1355 296 1425 quarto
316 1368 388 1409 vero
405 1349 540 1430 ejusdem
559 1347 683 1409 Pessum
699 1368 761 1409 nou
779 1348 884 1429 procul
900 1348 1029 1424 Arluud,
1049 1349 1154 1429 quinto
1167 1348 1277 1411 debinc

75 1438 261 1501 Maremam
281 1444 442 1525 promovit,
469 1453 499 1505 et
520 1452 604 1505 sexto
623 1443 753 1525 denique
770 1444 810 1505 ad
828 1443 957 1507 Theonis
974 1444 1088 1507 villum
1105 1454 1167 1507 tam
1184 1466 1276 1528 prope

75 1536 224 1611 accessit,
239 1548 274 1598 ut
286 1559 348 1600 uon
360 1538 420 1599 uisi
433 1547 561 1620 quatuor
573 1538 735 1601 herisinde
745 1539 870 1615 abeam,
882 1539 934 1601 ubi
943 1540 1038 1602 aciem
1048 1539 1176 1603 formare
1186 1542 1276 1623 cepit.

115 1631 207 1694 Cum
217 1652 294 1695 vero
304 1635 514 1717 sagacissimus
526 1635 613 1696 miles
627 1634 911 1718 Luxeuburgeusem
925 1636 1112 1717 provinciam
1125 1638 1275 1719 obseptam

76 1729 238 1809 angustiis
253 1729 382 1804 viarum,
400 1730 559 1804 montium,
576 1730 712 1800 vellium,
728 1728 941 1811 sylvarumque
957 1731 1215 1807 animaduerteret,
1234 1733 1278 1795 ita

78 1823 139 1883 iter
153 1844 251 1887 suum
261 1824 404 1901 instituit,
418 1826 671 1907 quemadmodum
682 1826 723 1888 ad
734 1824 826 1887 finem
841 1846 934 1907 usque
948 1846 1065 1887 serrare
1078 1828 1277 1889 necessarium

79 1920 228 1999 putavit:
249 1921 478 2002 eodemquedie
492 1922 656 1984 Generales
669 1942 782 1998 omnes,
795 1931 827 1983 et
839 1920 998 1984 officiarios
1010 1922 1066 1983 sibi
1079 1921 1226 2003 subjectos
1237 1924 1277 1984 ad

81 2034 117 2075 ae
129 2016 266 2091 vocarit,
285 2018 483 2099 omnibusque
500 2017 684 2100 propositum
697 2037 785 2079 suum
797 2018 925 2100 aperuit,
940 2017 1115 2098 monuitque
1129 2027 1163 2078 ut
1174 2037 1277 2080 omnes

82 2119 118 2170 et
135 2112 253 2195 singuli
270 2114 442 2176 ardentibus
458 2116 535 2177 votis
550 2114 713 2198 propitium
728 2135 839 2177 numen
861 2123 1063 2197 exposcerent,
1080 2114 1277 2197 iustruxitque

83 2208 127 2268 de
139 2209 250 2271 ordine
263 2230 455 2293 progressus:
475 2210 631 2272 mandauit
643 2230 733 2291 porro
744 2211 822 2273 serio
833 2221 869 2273 ut
881 2211 1095 2293 impedimenta
1110 2221 1176 2293 post
1190 2232 1221 2273 se
1236 2213 1277 2274 ad

84 2302 307 2388 Luxeburgum
329 2305 542 2387 relinquerent,
564 2326 621 2368 uec
643 2306 697 2368 ulli
719 2307 758 2369 de
779 2308 912 2370 exercitu
932 2328 984 2370 seu
1005 2327 1095 2388 eques
1115 2327 1168 2369 seu
1185 2308 1277 2390 pedes

83 2401 164 2463 soret
175 2403 283 2464 abesse
296 2403 316 2465 b
328 2403 439 2465 vexillo
450 2424 504 2464 suo
520 2403 634 2465 liceret
674 2403 796 2465 Dehinc
810 2403 913 2466 divisit
925 2415 1075 2466 tormenta
1090 2403 1197 2465 bellica
1211 2426 1276 2467 mu-

84 2496 249 2572 nitionem,
267 2509 298 2561 et
315 2500 512 2563 instrumenta
528 2519 597 2580 quae
614 2500 655 2561 ad
674 2520 799 2583 aggeres
819 2500 983 2582 egerendos
1004 2499 1148 2575 serviunt,
1171 2510 1201 2561 et
1220 2503 1276 2564 sub

84 2613 180 2673 poeua
193 2595 381 2678 grauissimae
398 2596 615 2680 indignationis
627 2615 689 2657 aura
702 2595 854 2678 pracepit,
869 2604 903 2657 ut
914 2615 1017 2658 omues
1031 2595 1177 2678 legiones
1188 2597 1277 2679 septi-

86 2709 137 2751 ma
150 2691 174 2753 J
177 2691 247 2752 unii
259 2691 332 2754 hort
344 2702 413 2755 ante
422 2693 515 2754 solem
528 2692 661 2754 secunda
670 2691 702 2752 iu
712 2710 852 2772 campum
862 2691 1062 2754 educerentur
1072 2692 1168 2772 (quod
1177 2701 1275 2754 tumen

85 2796 191 2865 postea
211 2788 251 2849 ob
267 2788 351 2850 varia
368 2788 582 2870 impedimenta
600 2787 764 2849 incidentia
775 2796 845 2848 aute
858 2787 963 2849 horam
976 2797 1087 2850 sextam
1100 2788 1277 2851 matutinam

88 2883 155 2946 lieri
175 2887 233 2947 vix
254 2886 374 2967 potuit).
420 2885 540 2946 Interea
560 2885 593 2946 in
615 2893 777 2966 conspectu
799 2883 892 2946 totius
915 2885 1062 2946 exercitus
1085 2884 1277 2948 Sacerdotem

87 2982 180 3044 sacris
190 2983 320 3064 operari,
330 2982 492 3063 Deumque
500 3001 555 3063 per
566 2979 793 3042 Sacrosauctum
802 2980 907 3042 Mure
918 2979 1108 3043 Sacrificium
1117 2981 1277 3063 placatum,

88 3077 120 3137 in
132 3079 284 3142 auxilium
292 3098 411 3154 uocare,
421 3078 603 3159 tandemque
615 3077 648 3138 in
661 3077 783 3138 nomine
794 3077 920 3138 Domini
934 3078 1101 3158 promoveri
1111 3079 1277 3141 exereitum

89 3176 248 3257 praecepit.

130 3271 177 3334 Ut
199 3292 290 3353 porro
309 3272 402 3334 hostis
419 3272 458 3334 de
475 3270 676 3333 suoudrentu
694 3268 803 3330 certior
820 3267 887 3330 fieri
903 3278 965 3332 tum
980 3270 1078 3332 subito
1094 3291 1154 3333 uon
1169 3281 1277 3354 posset,

91 3376 142 3428 aut
153 3369 182 3429 si
199 3369 267 3450 jum
284 3369 400 3449 aliquid
416 3369 497 3430 fama
515 3367 679 3429 nunciante
695 3365 751 3428 sub
769 3365 909 3427 odoratus
926 3376 1002 3427 esset
1019 3386 1051 3428 se
1068 3377 1130 3429 tam
1143 3369 1276 3432 vicinum

91 3461 148 3524 sibi
169 3485 235 3526 esse
257 3465 382 3527 minime
403 3463 613 3546 suspicaretur,
631 3462 718 3524 tubus
737 3481 841 3524 omnes
862 3470 893 3523 et
911 3471 1053 3544 tympana
1071 3463 1158 3526 silere
1173 3466 1276 3547 jussit,

91 3567 248 3641 totumque
257 3561 422 3624 exercitum
431 3561 462 3620 in
473 3579 591 3620 summo
599 3557 718 3620 silentio
728 3558 869 3640 progredi
878 3557 934 3619 hoo
944 3556 1005 3620 fere
1015 3558 1130 3622 ordine.
1155 3564 1277 3642 Agmeu

94 3655 235 3733 primum,
250 3657 332 3736 quod
346 3655 494 3741 generalia
502 3654 626 3738 Vigiliis
638 3654 804 3717 Praefectus
819 3655 904 3736 Beoq
917 3655 1054 3732 ducebat,
1068 3657 1279 3737 precedebant
