3225 4700
329 345 369 410 12
702 338 1143 406 ITINERARIUM.

326 494 480 578 migravit,
495 494 547 555 ubi
561 513 592 555 11
608 491 773 556 Fridlando
786 493 943 574 conjunxit
957 492 1169 554 serenissimus
1182 491 1322 552 Bevarioe
1340 491 1415 552 Dux
1428 491 1526 552 Max·

327 592 490 668 imilianus,
513 611 583 652 cum
603 589 795 666 selectissimo
813 590 957 652 exercitu.
999 590 1139 650 Habebat
1157 587 1401 650 Wallcnsteinius
1418 588 1451 648 in
1470 608 1527 648 co·

327 689 435 750 mitatu
458 689 563 750 esseda
584 688 655 762 duo,
680 705 747 767 quae
770 687 846 748 adeo
864 686 1063 748 uniformibus
1085 686 1279 747 trahebantur
1302 684 1399 766 equis,
1422 693 1527 745 utne

327 783 455 846 11111111
478 785 608 866 pilorum
628 783 694 844 labe
718 782 736 844 d
760 803 792 844 11
813 792 919 844 1111111
939 783 1213 864 distinguerentur:
1242 783 1313 862 equi
1335 781 1527 862 potissimum

327 891 442 962 partem
463 879 588 942 candidi
611 889 705 954 eraut,
728 880 787 942 nisi
808 881 891 961 quod
908 881 1070 941 candorem
1091 881 1186 962 uigrae
1207 879 1371 940 hincinde
1392 877 1525 938 maculoe

328 977 535 1038 venustissime
557 976 789 1038 confundebant.
833 976 954 1038 Horum
974 975 1101 1037 alterum
1122 977 1185 1058 ipse
1203 975 1278 1036 Dux
1294 975 1438 1048 insidens,
1458 975 1526 1034 Bo-

323 1072 414 1153 jariae
442 1073 582 1156 Principi
605 1093 666 1134 uua
692 1093 763 1134 cum
789 1073 911 1136 cohorte
931 1073 1200 1155 cataphractorum,
1224 1069 1361 1133 11111111
1383 1071 1525 1151 equitum

328 1169 516 1244 selectorum,
526 1179 557 1231 et
570 1169 668 1230 turmd
681 1170 952 1251 equopedcstrium,
962 1190 1041 1250 quos
1049 1170 1207 1251 Dragones
1220 1175 1340 1241 vocant,
1355 1176 1386 1227 et
1397 1166 1526 1248 agmine

328 1264 461 1326 satellitii
474 1266 593 1327 obviam
604 1267 755 1346 processit,
765 1265 949 1346 consiliaque
959 1267 1001 1327 de
1014 1267 1105 1327 modo
1117 1263 1279 1326 obsistendi
1291 1263 1369 1324 hosti
1382 1262 1525 1322 contulit.

329 1362 408 1423 Tum
430 1371 536 1424 contra
558 1363 668 1424 Succos
681 1364 747 1444 jam
765 1363 827 1423 suis
843 1363 958 1424 viribus
975 1362 1098 1430 diffisos,
1117 1371 1149 1423 et
1166 1362 1206 1422 ad
1222 1370 1354 1422 montem
1370 1359 1526 1421 Noricum

329 1459 488 1527 abscedere
501 1460 675 1541 cogitantes,
692 1467 788 1520 castra
805 1468 975 1534 moverunt,
989 1459 1043 1519 ubi
1060 1458 1210 1519 continuis
1223 1456 1446 1520 velitationibus
1458 1475 1526 1516 sese

328 1555 553 1632 lacessiverunt,
572 1577 641 1637 quae
662 1557 781 1638 utrique
799 1557 877 1638 perti
894 1557 990 1618 multo
1007 1557 1152 1638 sanguiue
1170 1562 1324 1617 steterunt.
1367 1552 1431 1614 Hic
1448 1573 1525 1613 cum

330 1650 520 1713 Nobilissimi
537 1661 597 1714 tres
618 1653 765 1714 exercitus
786 1653 825 1713 ob
847 1673 974 1714 1111111
992 1652 1184 1716 difficultates
1204 1651 1260 1712 diu
1278 1649 1438 1712 subsistere
1458 1669 1524 1709 non

329 1756 459 1830 possent,
481 1746 582 1822 Sueci,
603 1757 637 1809 ut
652 1769 683 1810 se
701 1749 843 1830 periculis
858 1751 1033 1821 eximerent,
1050 1749 1153 1810 omnia
1168 1749 1209 1810 ud
1226 1747 1401 1809 conflictum
1417 1744 1525 1806 dolose

330 1843 540 1924 disposuerunt
555 1864 594 1905 ne
613 1843 696 1928 fuga,
713 1865 804 1926 quam
821 1845 853 1905 11
868 1846 1035 1926 proximam
1051 1865 1206 1927 vesperam
1222 1843 1454 1912 meditabantur,
1467 1843 1525 1902 ad·

328 1939 467 2002 versariis
481 1939 688 2003 innotesceret.
734 1941 845 2003 'l'otum
864 1943 935 2003 dein
953 1943 1045 2017 diem,
1058 1943 1125 2003 aliis
1142 1951 1232 2023 atque
1249 1940 1316 2002 aliis
1335 1948 1441 2000 contra
1453 1938 1526 2000 Cre·

331 2036 463 2097 surianos
476 2036 602 2114 emissis,
617 2037 701 2099 velut
714 2036 862 2118 praeludia
874 2059 985 2120 pugnae
998 2039 1157 2110 dederuut,
1171 2058 1265 2119 eaque
1279 2036 1311 2097 11
1324 2045 1444 2097 noctem
1457 2055 1523 2096 suoe

329 2132 410 2214 fugas
432 2132 571 2192 idoneam
593 2134 817 2214 produxerunt:
845 2135 900 2194 sub
923 2144 1043 2195 noctem
1064 2135 1136 2196 verb
1162 2135 1372 2216 intempestam
1396 2131 1523 2192 Norim-

329 2227 422 2310 bergh
436 2247 487 2309 per
500 2227 624 2290 densam
635 2229 750 2310 sylvam
764 2229 843 2292 olam
856 2231 897 2292 ad
911 2229 1043 2291 Saxones
1054 2239 1222 2293 moverunt.
1252 2229 1378 2291 Postero
1385 2227 1523 2290 diluculo

329 2332 363 2386 ut
385 2324 477 2385 nostri
496 2344 526 2386 se
549 2323 629 2387 lusos
647 2325 885 2389 animadverttre
903 2326 968 2388 siue
988 2326 1073 2389 11111
1087 2328 1128 2390 ad
1143 2327 1256 2389 hostem
1279 2325 1524 2407 prosequendum

329 2421 416 2503 signa
429 2420 549 2496 tollunt,
564 2442 600 2483 ac
615 2422 747 2502 Lipsiam
762 2444 865 2485 versus
878 2424 1051 2500 abscedunt,
1067 2445 1127 2505 quo
1145 2435 1180 2487 ut
1192 2434 1316 2487 ventum
1328 2433 1372 2485 est
1385 2422 1524 2484 Wallen·

330 2517 406 2579 stein
430 2516 568 2599 praelium
588 2518 725 2580 Gustare
744 2518 864 2596 obtuli-t,
878 2530 959 2581 ratus
976 2520 1068 2582 satius
1085 2541 1148 2583 esse
1166 2523 1204 2583 de
1221 2520 1339 2583 summh
1356 2520 1400 2582 rei
1416 2520 1523 2582 confli-

329 2632 410 2693 gere,
425 2633 514 2693 quam
529 2622 572 2675 tot
589 2623 682 2675 terras
699 2615 739 2676 ad
757 2616 982 2679 mendicitatem
999 2637 1117 2700 cogere,
1132 2627 1234 2697 totque
1250 2616 1347 2677 millia
1363 2616 1523 2679 hominum

330 2708 408 2770 fame
422 2709 531 2790 sitique
541 2708 701 2772 conficere.
733 2711 892 2774 Couscnait
905 2713 1028 2793 quidem
1042 2713 1135 2775 hostis
1148 2714 1180 2773 in
1190 2713 1375 2787 conflictum,
1387 2713 1441 2774 sed
1451 2733 1522 2774 cum

331 2804 460 2867 Caesaris
472 2808 599 2868 militem
613 2808 670 2868 sibi
680 2808 863 2889 superiorem
876 2811 968 2891 probe
981 2820 1090 2887 nosset,
1105 2820 1198 2871 noctu
1211 2810 1321 2871 iterum
1334 2810 1389 2870 sub
1402 2809 1523 2871 silentio

329 2900 416 2983 signa
432 2902 473 2963 ad
493 2903 626 2984 quinque
644 2903 785 2965 milliaria
803 2905 913 2967 isthinc
930 2906 1066 2988 protulit.
1108 2906 1180 2979 Qut
1197 2906 1302 2969 fraude
1322 2906 1521 2967 Wallenstein

329 2996 501 3072 animosior,
514 2999 679 3061 exercitum
695 3022 783 3062 suum
802 2995 951 3084 tripartito
968 3003 1081 3078 divisit,
1096 3004 1183 3085 cujus
1200 3012 1317 3085 partem
1334 3022 1426 3063 uuam
1440 3002 1522 3083 Pap-

329 3092 508 3173 penheimio,
523 3094 646 3157 alteram
660 3096 794 3159 Holclrio
808 3098 934 3162 tradidit
948 3100 1129 3174 ducendam,
1143 3100 1261 3161 tertiam
1275 3099 1404 3179 denique
1418 3118 1520 3159 secum

329 3188 462 3271 retinuit,
473 3190 512 3251 de
525 3190 582 3252 hoc
592 3202 626 3253 ut
633 3212 686 3273 per
700 3193 901 3275 exploratores
911 3197 1030 3270 certior,
1039 3196 1175 3258 redditus
1184 3206 1229 3257 est
1241 3196 1406 3271 Gustarus,
1416 3206 1520 3256 111111

329 3283 592 3347 Wnllensteinium
606 3288 678 3349 ivit:
701 3289 739 3350 dc
754 3290 849 3373 Regis
860 3303 965 3353 contra
977 3312 1008 3353 sc
1020 3294 1152 3355 adventu
1165 3291 1363 3353 Wallenstein
1376 3292 1395 3351 1
1409 3291 1520 3353 rustico

330 3380 448 3457 doctus,
470 3391 563 3443 totam
584 3393 702 3446 noctem
725 3406 795 3447 cum
818 3389 951 3448 exercitu
971 3388 1012 3449 ad
1032 3388 1208 3450 conflictum
1226 3387 1374 3463 ordinato,
1394 3386 1519 3469 vigilem

328 3477 438 3559 exegit,
453 3477 601 3558 simulque
614 3482 760 3565 evestigio
774 3482 1048 3564 Pappenheimium
1062 3484 1094 3545 in
1107 3504 1282 3546 succursum
1299 3484 1402 3546 adesse
1415 3483 1518 3563 jussit,

328 3574 381 3654 qui
396 3574 439 3636 nil
448 3585 605 3638 cunctatus
615 3578 713 3640 adfuit
721 3580 826 3661 praelio
835 3582 901 3661 jam
911 3590 1008 3663 cepto,
1017 3602 1073 3644 nec
1082 3580 1166 3643 morl
1175 3602 1245 3643 cum
1254 3581 1390 3661 equitatu
1403 3578 1519 3640 hostem

328 3670 434 3752 etipse
453 3670 661 3754 Pappenheim
679 3676 855 3758 aggreditur
873 3686 958 3741 tanto
973 3678 1098 3759 impetu,
1112 3686 1147 3739 ut
1161 3686 1270 3759 prater
1282 3676 1400 3739 cladem
1412 3674 1520 3738 adrer-
