3225 4700
127 615 135 628 ,
198 482 406 651 1⁹³3·
465 529 522 643 ‘i‘
572 565 576 566 *
650 502 707 613 ‘i'
744 528 888 653 Ab&
945 563 972 576 ²
1023 505 1072 580 ἡ
1212 560 1231 609 a

304 816 528 885 Illustriaaimu
540 831 571 885 et
581 822 818 908 generosissimae
834 819 985 902 Domina,
1002 819 1048 885 D.

390 968 670 1046 ISABELLAE
694 971 970 1063 BUTLERAE,

71 1115 127 1179 Ex
147 1115 330 1182 Perilluatri
349 1116 483 1183 Familia
504 1117 689 1183 Priatonum
704 1128 791 1200 ortoe,
810 1128 843 1184 ct
861 1119 943 1185 felici
966 1118 1150 1185 Desmoniae
1165 1120 1272 1185 Comi·

69 1225 144 1281 tum
162 1218 354 1307 Propagini,
368 1220 547 1286 Comitissae
567 1217 727 1290 Ormoniae
741 1230 775 1286 et
788 1219 921 1303 anriae,
935 1219 1016 1287 Vice
1034 1222 1213 1287 Comitissae
1231 1224 1271 1287 da

70 1320 185 1402 Turio,
207 1320 388 1387 Batonisaae
405 1324 445 1388 dc
462 1323 590 1405 Arcloa,
609 1322 707 1411 Nepti
727 1323 939 1388 Illustrissimi·
952 1333 986 1388 et
1005 1324 1271 1389 Excellentissimi

73 1420 215 1487 Domini
243 1423 286 1488 D.
299 1424 430 1490 Thomae
455 1422 578 1489 Butleri
602 1424 826 1511 Cognomcnto
851 1424 944 1511 Nigri
970 1424 1105 1490 Comitis
1132 1425 1272 1492 Palatini

128 1524 595 1613 TipperaricntisctGencralia
607 1524 751 1613 Suprcmi
763 1524 969 1591 Exercituum
979 1536 1062 1593 terra
1072 1529 1213 1616 marique

257 1649 314 1715 per
328 1626 501 1715 Hyberniae
514 1628 666 1715 Regnum
681 1628 862 1714 Designafi,
877 1628 1096 1717 Ejusdemquc

373 1728 581 1811 Thesaurarii,
595 1752 656 1795 nac
669 1752 733 1795 non
747 1730 977 1817 Augustiauimi

458 1832 577 1897 ordinis
585 1831 785 1897 Periucelidis
795 1831 896 1918 Equi·

559 1934 601 1998 tia
614 1928 729 2015 aurati,
743 1934 798 1998 &c

170 2082 320 2148 Domum
333 2103 413 2148 unm
428 2082 727 2149 cannamomum,

206 2218 210 2224 “
260 2246 310 2371 ι)
342 2214 486 2281 RODIT
509 2216 605 2282 Anno
626 2214 759 2304 virginei
784 2214 903 2280 Partus
932 2212 982 2277 M.
1004 2212 1078 2279 Dc,
1102 2213 1270 2282 XXXIX.

146 2380 149 2395 ,
310 2329 314 2341 ‘
363 2317 565 2385 Itinerarium
583 2339 701 2400 meum,
714 2317 776 2383 hoc
795 2326 854 2400 eat,
869 2316 1148 2405 Auacaephalcoais
1166 2340 1270 2384 rerum

234 2466 265 2499 ἡ.
302 2460 310 2467 „
359 2443 416 2509 per
430 2419 602 2510 Imperium
616 2421 799 2485 Romanum
815 2428 988 2506 gestarum,
1003 2440 1060 2484 sau
1073 2419 1167 2487 breve
1183 2442 1271 2486 com·

92 2560 125 2601 ,t
192 2514 321 2619 ‘3³'qu
359 2524 509 2613 pendium
529 2522 763 2611 Praecipuarum
781 2521 994 2603 historiarum,
1006 2521 1172 2602 bellorum,
1186 2523 1270 2589 cala·

122 2629 123 2633 ’
185 2579 313 2673 2¹1⁴*
360 2627 507 2693 mitatum
520 2647 577 2714 per
592 2624 796 2690 Germaniam
812 2646 878 2689 non
895 2623 964 2689 sine
981 2624 1101 2711 gemitu
1115 2623 1270 2690 visarum:

77 2732 165 2815 quod
176 2730 384 2796 Screuisaimo
395 2728 527 2794 Nomini
538 2726 746 2795 Illustriaaimi
757 2726 913 2814 Conjugis
924 2727 971 2791 tui
981 2723 1002 2791 J
1005 2725 1105 2806 neubi,
1117 2726 1271 2807 dedicavi,

79 2831 244 2899 Felicibus
256 2834 387 2900 omuino
405 2831 564 2918 auspiciis,
580 2829 737 2918 siquidem
755 2838 869 2916 praetcr
886 2829 1040 2916 pauculos
1052 2838 1143 2894 terrm
1164 2829 1271 2910 Filios,

79 2957 118 3001 ex
141 2937 236 3003 mera
256 2935 452 3002 calumiaudi
475 2933 620 2998 Libidine
642 2932 735 2998 famae
753 2931 902 2997 Auctoris
924 2931 1057 2996 infestos
1080 2932 1273 2997 contradixit

79 3061 189 3121 nemo,
202 3039 418 3128 approbarunt
427 3036 564 3125 plurimi,
571 3034 665 3122 cujua
679 3035 724 3099 rei
736 3032 932 3098 luculentum
946 3042 996 3098 eut
1005 3032 1170 3114 indicium,
1184 3034 1270 3120 quod

81 3141 257 3210 coticulas
269 3142 323 3207 ille
336 3160 427 3206 meua
441 3137 567 3204 tantillo
580 3145 723 3225 tempore
735 3135 822 3200 vario
837 3133 993 3199 ldiomate
1007 3134 1136 3199 tertium
1150 3156 1272 3224 repres-

81 3265 134 3312 sua
148 3247 205 3324 sit,
219 3266 343 3332 sempor
356 3241 487 3322 auctior,
501 3250 598 3327 atquc
611 3239 646 3304 iu
657 3238 760 3304 varias
773 3236 952 3325 provinciaa
966 3235 1046 3300 mira
1058 3237 1228 3318 celeritate,
1239 3248 1273 3303 et

82 3349 240 3415 desiderio
253 3347 406 3427 omnium,
420 3345 617 3432 deportatus.
653 3338 761 3416 Quem
771 3338 923 3426 quoniam
937 3337 1109 3404 amicitiam
1121 3349 1271 3427 quartum

84 3450 141 3517 aab
153 3451 244 3540 prelo
258 3469 384 3538 gemere
396 3445 562 3524 nunciant,
575 3443 714 3510 convitio
731 3463 830 3530 prope
846 3440 1118 3507 continuationem
1134 3442 1169 3507 iu
1181 3442 1269 3508 huuc

83 3574 205 3619 aunum
218 3551 418 3640 expreaatrc:
440 3547 503 3614 Oui
513 3545 723 3636 patrocinium
737 3543 758 3607 ὲ
770 3543 841 3608 Tua
851 3543 1027 3610 Perilluatri
1038 3541 1270 3625 Generositatc,

87 3653 228 3724 Domina
239 3675 313 3721 mua
329 3649 596 3732 clementissima,
608 3647 787 3715 humillimo
805 3644 924 3713 affectu
942 3647 1112 3732 contendo,
1125 3646 1166 3715 ud
1182 3647 1269 3735 quod
