3225 4700
358 317 424 382 402
752 305 1176 376 ITINERARIUM.

361 471 610 542 accommodatas,
629 487 699 529 eum
717 465 857 527 omnibns
873 464 935 525 sere
948 462 1173 544 impedimentis
1188 482 1224 523 ac
1238 472 1407 524 commeatu
1419 461 1568 523 obtinuit.

364 569 485 630 Eadem>
493 566 651 628 occasione
665 564 756 626 etiam
771 561 961 624 Meritorium
973 559 1215 622 Florentinorum
1226 559 1366 642 potestati
1375 579 1406 620 se
1415 557 1568 640 permisit.
1589 549 1590 552 '

404 665 589 739 Quaerebant
602 661 749 745 pontificii
769 659 1025 741 opportunitatem
1038 658 1076 719 de
1092 656 1176 718 hoste
1188 677 1244 720 suo
1257 677 1288 718 se
1302 655 1483 718 vindicandi
1497 675 1569 736 quae
1589 733 1590 738 η

362 764 433 824 saue
448 783 509 822 non
524 761 578 821 diu
594 759 709 822 abfuit:
730 758 866 818 exierant
881 755 1049 816 Florentini
1065 754 1167 816 nescio
1183 755 1388 835 cujus-ductu,
1401 765 1435 815 nt
1448 753 1569 812 molen·
1589 745 1590 768 ³

362 860 469 919 diuum
482 857 607 936 aliquod
621 856 703 936 quod
719 852 913 916 Montecorni
926 852 1089 924 visebatur,
1103 852 1266 916 diruerent
1309 851 1403 923 Quod
1417 861 1458 912 ut.
1467 851 1570 931 ponti-
1589 883 1590 886 κ

360 954 425 1015 ficii
445 952 650 1034 explorarunt,
666 972 737 1013 cum
752 969 914 1012 numeroso
934 949 1030 1010 milite
1048 949 1201 1010 irruerunt
1217 970 1252 1010 ae
1270 959 1427 1010 sexcentos
1444 949 1570 1010 circiter

361 1061 563 1132 peremerunt,
578 1049 761 1131 quingentos
770 1047 843 1108 verb
857 1046 932 1107 alios
945 1046 976 1106 in
992 1045 1114 1107 vincula
1127 1046 1286 1121 dederunt,
1300 1067 1337 1106 ex
1353 1057 1422 1108 octo
1440 1047 1570 1127 insuper

361 1148 619 1227 tormentis-quae
641 1145 808 1206 Florentini
828 1143 1029 1217 adduxerant,
1043 1143 1237 1206 medietatem
1250 1144 1373 1205 omnino
1394 1145 1566 1225 intercepe-

361 1252 468 1402 rmiiee
477 1341 637 1421 iniquiore,
647 1338 781 1401 feliciore
795 1339 867 1399 sane
877 1337 979 1398 Marte
989 1343 1167 1419 pugnarunt
1176 1335 1260 1398 Galli
1273 1337 1312 1398 ad
1325 1335 1565 1398 Pontesturam:

361 1446 516 1519 postquam
530 1437 612 1496 esim
626 1435 754 1497 Octobri
767 1457 868 1496 mense
883 1434 965 1495 hunc
976 1433 1088 1505 locum,
1100 1455 1171 1495 cum
1182 1433 1326 1496 tredecim
1337 1435 1472 1495 millium
1484 1455 1568 1496 exer·

360 1535 423 1596 citu
444 1535 608 1596 cinxissent
627 1543 658 1594 et
676 1543 825 1594 tormenta
845 1532 976 1592 sedecim
997 1543 1044 1592 ter
1064 1531 1194 1613 geminis
1214 1531 1323 1613 spaciis
1343 1531 1569 1602 distinxisseut,

360 1631 493 1691 maximi
504 1631 625 1704 virtute,
638 1630 827 1692 etcontinuis
838 1638 1056 1690 tormentorum
1068 1627 1245 1709 impulsibus
1255 1629 1372 1690 connisi
1382 1640 1461 1690 eunt
1469 1630 1568 1710 primo

362 1747 482 1808 qnoque
497 1739 630 1807 tempore
646 1727 831 1788 deditionem
851 1745 1022 1808 procurare,
1036 1725 1180 1786 videbant
1197 1727 1278 1786 enirn
1298 1726 1372 1786 verb
1387 1728 1500 1806 quanti
1515 1748 1568 1788 sua

361 1825 526 1895 interesset,
539 1837 572 1885 at
586 1825 698 1885 muris
711 1825 815 1885 liceret
830 1824 1007 1894 Taurinum,
1027 1823 1191 1894 Cassalam,
1207 1823 1314 1885 etalio
1331 1824 1450 1885 circum
1465 1825 1568 1885 vicina

360 1921 428 1981 loca
447 1939 624 1982 commeare.
666 1921 698 1981 N
699 1942 734 1982 ec
751 1923 833 1983 certe
848 1921 981 1983 consiliis
995 1921 1092 1982 defuit
1109 1920 1239 1996 somnus,
1254 1920 1333 1981 iutra
1353 1940 1470 2000 paucos
1485 1921 1568 1981 enim

360 2017 426 2080 dies
436 2017 475 2078 ad
486 2018 566 2097 ipsas
576 2039 670 2098 usque
680 2019 774 2080 fossas
789 2027 993 2100 penetrarunt,
1009 2027 1098 2100 atque
1111 2017 1183 2079 hinc
1197 2017 1291 2079 latum
1307 2037 1359 2098 per
1370 2018 1489 2079 moeuia
1503 2019 1569 2079 adi·

361 2125 427 2176 tum
440 2115 642 2195 adperuerunt
655 2115 698 2174 ita
712 2124 745 2174 ut
757 2116 869 2177 obsessi
882 2115 944 2176 suis
957 2115 1073 2176 viribus
1087 2115 1188 2188 diffisi,
1204 2115 1234 2175 in
1249 2135 1348 2176 arcem
1368 2135 1401 2177 se
1420 2115 1569 2196 colligere

360 2211 458 2272 coacti
478 2210 599 2271 suerint.
644 2211 708 2271 Ubi
726 2213 865 2292 equidem
888 2233 949 2273 non
969 2211 1114 2276 defuisset
1129 2212 1248 2273 animus
1271 2210 1420 2292 Hispanis
1436 2211 1570 2272 viriliter

360 2328 450 2390 porro
461 2308 636 2380 obsistendi,
647 2309 738 2370 modb
752 2307 801 2369 rel
815 2307 967 2371 levissime
980 2309 1107 2371 subsidii
1121 2329 1187 2391 spes
1200 2307 1370 2385 affulsisset,
1385 2328 1480 2390 quam
1496 2309 1569 2391 quia
1589 2384 1590 2399 χ

360 2407 479 2487 penitus
498 2406 655 2467 evanuisse
676 2407 819 2476 sciebant,
834 2426 903 2468 cum
925 2406 1025 2468 Gallis
1046 2408 1169 2469 tandem
1187 2406 1301 2487 pacisci
1318 2427 1350 2467 se
1363 2406 1565 2467 resolverunt.
1589 2406 1590 2421 ¹

362 2502 424 2565 Sed
432 2503 576 2583 quoniam
587 2513 675 2584 pacta
682 2512 887 2583 protraxerant
896 2502 1023 2573 diutule,
1034 2502 1209 2565 immitiores
1218 2512 1392 2583 repererunt
1402 2501 1564 2563 Gallorum

360 2599 540 2674 voluntates,
555 2620 612 2661 nec
624 2600 707 2660 enim
721 2600 804 2661 aliud
820 2602 979 2682 impetrare
993 2610 1164 2682 potuerunt,
1178 2599 1270 2681 quem
1288 2610 1322 2661 ut
1337 2619 1408 2661 cum
1422 2598 1497 2658 solis
1512 2620 1564 2659 en·

258 2734 265 2741 -
361 2696 443 2756 sibus
466 2696 691 2777 egrederentur.
733 2697 924 2778 Repererunt
952 2698 1143 2761 Pontesturec
1163 2698 1292 2757 victores
1316 2695 1483 2758 duodecim
1504 2706 1563 2756 tor-

362 2804 464 2853 menta
477 2793 665 2875 campestria,
680 2794 811 2857 ducenta
822 2795 945 2877 pulvere
960 2797 1069 2857 referta
1078 2814 1160 2868 vasa,
1171 2795 1218 2855 bis
1232 2793 1315 2855 mille
1324 2793 1430 2875 globos
1441 2792 1564 2862 ferreos,

359 2900 561 2951 commeatum
573 2890 604 2950 in
615 2900 744 2971 quatuor
754 2910 870 2953 meuses
879 2891 1086 2964 sufficientem,
1096 2892 1204 2953 exinde
1213 2912 1244 2951 se
1254 2890 1338 2952 Galli
1350 2890 1504 2970 bipartitis
1512 2911 1563 2971 ag·

361 2986 493 3047 minibus
501 2985 680 3061 diviserunt,
691 2987 988 3068 parsquidemaliam
995 2986 1291 3049 obsidionemmolita
1299 2996 1353 3059 est,
1363 2987 1514 3066 parererd
1523 2986 1561 3045 ad

360 3084 478 3165 praedas
488 3104 541 3166 per
552 3084 814 3145 Mediolanensem
825 3096 855 3147 et
867 3085 1086 3146 Navarrensem
1102 3084 1284 3157 districtum,
1295 3104 1379 3145 more
1387 3083 1518 3145 militari
1530 3104 1560 3143 se

359 3179 478 3243 effudit.
521 3180 643 3243 Gallica
655 3202 775 3261 quoque
788 3182 820 3242 in
835 3181 1017 3243 catalaunia
1029 3201 1099 3243 cum
1114 3181 1259 3262 Hispanis
1273 3180 1399 3242 dissidia
1411 3180 1561 3241 ferventer

359 3279 536 3339 continuata
548 3287 619 3337 sunt
668 3278 877 3339 Numerabant
890 3278 918 3337 in
934 3298 989 3339 suo
1003 3279 1135 3339 exercitu
1151 3278 1283 3360 Hispani
1297 3298 1406 3339 novem
1424 3279 1560 3359 peditum

358 3384 390 3435 et
404 3375 462 3435 tria
476 3374 611 3455 equitum
626 3394 687 3435 uon
702 3374 832 3456 amplius
852 3374 959 3449 millis,
974 3395 1044 3437 etim
1065 3376 1175 3456 quibus
1195 3374 1425 3456 leuquierinm
1444 3385 1560 3437 tentare

360 3472 588 3545 constituerant,
606 3470 655 3532 fisi
671 3469 755 3533 Galli
776 3472 936 3552 cujusdam
953 3472 1057 3535 militis
1074 3472 1172 3535 serbis
1191 3492 1262 3535 eum
1278 3492 1339 3552 quo
1356 3472 1559 3554 proditionem

359 3570 545 3652 pepigerant.
587 3569 629 3630 Et
642 3569 712 3631 licet
725 3568 775 3630 hic
793 3580 862 3629 aute
877 3569 939 3650 ipse
958 3569 1093 3648 proditus
1107 3568 1207 3642 fuerit,
1223 3570 1297 3631 etin
1311 3569 1436 3632 vincula
1449 3568 1559 3651 impor-

357 3664 430 3725 tune
444 3666 608 3747 conjectus,
620 3668 710 3745 qiam
725 3685 772 3726 res
784 3662 926 3727 effectum
940 3665 1106 3740 sortiretur,
1121 3674 1220 3727 umen
1231 3666 1381 3749 progressi
1391 3676 1473 3729 sunt.
1497 3667 1558 3729 Sed
