3225 4700
482 354 901 426 ITINERARIUM.
1210 360 1268 427 119

53 506 143 587 qnod
155 527 261 589 nuper
270 507 290 568 a
298 506 485 569 Gaemroanis
492 508 531 570 ab
540 507 639 573 hostes
648 510 786 591 nequiter
791 508 1009 592 transfugisset,
1020 510 1060 569 sd
1067 508 1268 571 Veohtensem

55 602 259 664 obsidionem
283 603 418 666 animum
438 623 475 665 ao
497 604 574 668 vires
593 607 813 688 applicuerunt,
831 625 921 687 quam
945 606 1068 686 quidem
1089 606 1145 669 etsi
1169 616 1270 669 noster

55 698 151 759 miles
163 698 254 761 haud
267 699 442 762 diuturnam
455 700 517 762 fore
525 711 651 783 putaret,
666 702 797 784 eoquod
811 702 882 764 exili
895 702 1009 763 ambitu
1020 703 1087 765 haeo
1096 704 1201 765 civitas
1210 705 1268 766 oir-

57 795 235 857 oumsorr'bi
254 794 416 868 videretur,
440 798 479 857 ob
500 798 638 861 incidens
654 808 754 860 tamen
775 798 886 860 ooelum
906 796 1052 880 pluvium,
1072 808 1102 861 et
1120 802 1268 863 masculos

58 891 260 953 obsessorum
273 891 484 973 oppositiones,
498 914 551 955 sex
565 894 656 956 facile
671 894 844 975 septimanis
860 915 921 955 non
935 894 998 956 sins
1014 904 1182 957 nostrorum
1198 918 1267 958 san·

57 986 157 1068 gains
171 987 285 1049 tenuit.
327 988 366 1047 In
380 985 415 1048 el
426 990 583 1051 obsidione
597 991 732 1052 euostris
744 990 929 1052 Perillnstris
941 990 1023 1051 Baro
1036 991 1074 1052 de
1084 992 1267 1057 Westerholt

59 1102 98 1143 ex
111 1082 184 1145 iotu
199 1082 318 1165 globuli
332 1082 465 1164 plumbei
481 1086 631 1148 extinotus
644 1096 698 1147 ost.
740 1086 788 1146 Ex
805 1086 985 1147 adversariis
998 1087 1071 1147 vero
1084 1086 1142 1148 looi
1158 1109 1268 1169 praeses

59 1178 249 1241 ColoneIIus
267 1178 364 1255 Ieale,
384 1180 447 1241 una
466 1200 536 1243 oum
555 1182 706 1244 Profecto
724 1181 899 1264 vigiliarum
920 1202 982 1243 uno
1003 1184 1144 1245 tormenti
1166 1185 1268 1247 bellioi

60 1272 194 1357 majoris
207 1276 285 1350 iotu,
299 1275 417 1336 oooisus
430 1285 484 1338 est.

100 1373 231 1435 Contra
250 1373 363 1435 Sueoos
383 1394 443 1434 non
463 1372 563 1435 minus
582 1382 684 1435 uotum
701 1382 748 1435 est
766 1373 838 1435 alibi
858 1373 982 1451 fortiter,
1000 1374 1109 1436 Comes
1129 1375 1210 1437 enim
1229 1378 1267 1439 ds

64 1470 178 1550 Bruay
199 1468 236 1529 in
254 1469 456 1550 quinquentos
475 1469 677 1531 BannIrianos
693 1470 818 1550 equites,
830 1468 1021 1553 legionesque
1038 1471 1173 1553 peditum
1192 1473 1267 1535 duas

62 1576 241 1646 opportuno
255 1564 323 1625 looo
337 1565 475 1627 incidens
490 1565 571 1627 fudit
584 1566 738 1648 plurimos,
754 1564 872 1648 fugavit
887 1565 1026 1646 reliquos.
1068 1567 1135 1629 Neo
1151 1568 1268 1631 miuora

64 1662 181 1722 damna
191 1662 311 1742 reliquo
324 1662 493 1723 adversario
507 1661 663 1741 equitatui,
675 1662 713 1721 ob
724 1660 803 1722 luem
818 1680 885 1741 quae
899 1670 970 1721 tuno
981 1662 1013 1721 in
1028 1682 1131 1743 equos,
1143 1664 1267 1725 Immani

63 1757 152 1818 clade
166 1758 368 1831 crassabatur,
381 1756 466 1818 illata
478 1764 559 1827 sunt,
575 1754 619 1814 ita
630 1762 666 1814 ut
677 1753 832 1834 potissima
844 1752 979 1833 equitum
990 1773 1067 1833 pers,
1079 1754 1170 1834 pedes
1183 1758 1268 1836 equI·
1313 1806 1318 1821 ,

65 1862 142 1927 tare,
155 1856 198 1915 ob
215 1874 361 1933 equorum
376 1851 597 1925 mortalitatem,
614 1848 705 1910 fuerit
720 1861 834 1911 ooaotn.
876 1847 1081 1910 Gallassianus
1095 1849 1168 1910 vero
1184 1871 1268 1912 exer·

66 1950 145 2010 oitns
155 1970 232 2011 oum
244 1949 324 2011 fame
334 1949 430 2011 indies
443 1949 550 2031 magis,
566 1948 657 2029 qulm
671 1968 740 2009 oum
753 1947 909 2009 hostilibus
924 1947 1016 2027 copiis
1029 1947 1267 2025 conflictabatur,

69 2046 146 2107 adeo
159 2055 196 2108 ut
212 2054 288 2126 quot
300 2046 406 2107 diebus
423 2045 512 2106 multi
524 2045 655 2106 militum
668 2044 769 2106 insuit
782 2043 910 2105 confecti
923 2044 963 2104 sd
975 2043 1158 2125 sepulturam
1171 2044 1268 2123 defer-

66 2151 187 2218 runtur,
199 2141 256 2203 alii
269 2140 351 2217 vero,
363 2150 396 2204 ut
409 2141 504 2203 vitam
516 2140 589 2202 alibi
599 2140 723 2221 quasiffi
735 2138 856 2202 annoni
868 2138 1058 2215 sustinerent,
1070 2138 1149 2202 olam
1162 2140 1267 2224 fugere

69 2249 261 2320 cogerentur.

108 2541 158 2655 ἰῇ
240 2519 329 2627 3ἴῂ
389 2577 390 2592 ³
458 2574 509 2627 nt
580 2586 584 2589 <
637 2516 754 2591 ³⁴1„
833 2570 883 2647 ῃ
1011 2515 1017 2529 ’
1087 2570 1090 2573 .
1146 2576 1150 2579 ,

666 2599 674 2623 Δ
754 2609 762 2618 -

661 2631 679 2646 a

425 2847 616 2926 CAPU'I'
650 2843 862 2922 XXXIII.

74 3030 123 3099 De
133 3033 293 3100 deditione
305 3029 496 3109 Brisuoensi,
507 3027 641 3116 aliisque
655 3026 840 3115 quibusdum
851 3023 939 3090 rebus
950 3023 984 3088 in
995 3020 1131 3110 Imperio
1141 3023 1269 3088 exactis.

94 3191 128 3253 ⁰
163 3188 252 3295 'fif
288 3194 396 3285 ‘IUO
415 3218 529 3292 spectat
549 3208 737 3271 Brisaoensis
753 3204 945 3290 expugnatio,
966 3204 1005 3266 de
1024 3202 1085 3284 qul
1098 3204 1164 3285 jam
1183 3223 1274 3284 supra

93 3316 130 3367 [ε’
175 3305 189 3363 ι’
203 3298 244 3391 ι’»)
286 3290 314 3401 ¹),
353 3306 462 3388 sapius
478 3304 605 3366 fecimus
622 3303 814 3372 mentionem,
829 3320 896 3381 quae
912 3300 967 3361 snb
981 3298 1074 3360 finem
1091 3298 1181 3380 hujus
1199 3298 1271 3359 anni

92 3378 131 3473 ῥεῖ’
176 3384 245 3490 μ’
286 3394 322 3493 ξ
354 3397 1016 3481 M.Dc.XXXV111perwimariensium
1044 3396 1164 3457 nucem
1195 3395 1272 3456 nes

96 3480 131 3575 J)
191 3472 246 3495 ¹
286 3496 326 3579 ,Ἥ
353 3499 492 3572 nardum,
508 3517 567 3558 non
584 3497 683 3557 minus
698 3494 813 3557 fortiter
828 3491 920 3574 quam
938 3499 1114 3565 constanter,
1130 3511 1189 3552 non
1207 3490 1272 3551 sine

96 3576 129 3648 ⁵-
168 3631 195 3649 «κ
208 3597 254 3654 ‘'..x
353 3614 464 3677 magno
476 3592 567 3655 totius
580 3591 699 3673 imperii
712 3589 913 3664 Incommodo,
930 3587 1066 3670 contigit.
1108 3586 1184 3668 Ejus
1199 3585 1272 3646 His·

80 3694 184 3754 toriam
198 3691 288 3772 paulo
302 3690 398 3752 funins
411 3689 584 3752 referemus.
