3225 4700
314 332 372 395 108
703 320 1109 391 ITINERARIUM.
1227 321 1233 330 '

311 500 494 543 summorum
502 466 755 559 ¹intimorumque:
777 478 882 559 plausu
891 477 1012 560 Regna
1022 474 1191 557 Hungarioe
1204 482 1249 536 est
1258 482 1408 549 coronata,
1421 480 1524 557 pust-

312 596 401 658 quam
413 596 517 639 omnes
531 575 700 658 Hungariae
713 582 806 635 status
819 576 860 635 ad
873 572 1034 636 Generalis
1045 572 1132 655 regni
1147 570 1279 633 Comitis
1290 570 1417 632 fuissem
1431 590 1523 631 evo·
1599 595 1600 606 ¹

312 674 389 734 catis
412 673 533 734 Dehinc
552 671 655 733 Caesar
676 671 810 754 Pragam
825 671 916 732 abiit:
938 670 1097 732 Generalis
1113 666 1218 729 Gallus
1235 676 1302 749 post
1318 666 1408 749 hujus
1428 666 1521 727 anni

311 770 408 831 varias
418 780 521 830 contra
532 768 631 831 hostes
641 768 855 848 expeditiones,
862 774 1019 847 postquam
1028 765 1130 827 omniu
1137 764 1205 825 loca
1213 784 1316 826 recens
1322 764 1521 825 adremariis

312 874 414 947 erepta
426 864 639 927 sufficientibus
651 862 798 945 presidiis
811 862 970 937 munierat,
982 861 1133 925 Oaesaress
1142 860 1244 942 copias
1253 860 1286 920 in
1296 860 1396 921 varios
1407 860 1519 921 duca·

311 968 359 1021 tus
368 980 423 1042 pro
432 961 573 1042 hybernis
582 961 706 1043 partitum
718 968 771 1021 est.
801 958 841 1019 In
850 957 994 1019 ducatum
1007 956 1258 1018 Holsatioevarias
1267 956 1351 1017 misit
1356 956 1512 1038 legiones,

314 1058 396 1118 Duci
410 1057 582 1119 Florentino
593 1057 775 1137 assignatum
786 1064 831 1116 est
840 1054 1021 1115 territorium
1033 1053 1207 1127 Bremense,
1217 1054 1312 1134 quiin
1321 1073 1357 1115 eo
1366 1072 1404 1113 ue
1414 1052 1512 1113 deses

311 1165 387 1215 esset
399 1154 515 1236 hospes,
530 1154 677 1214 munitam
693 1170 803 1225 arcem,
818 1150 949 1231 expulsis
960 1150 1031 1211 inde
1044 1150 1162 1222 Snecis,
1173 1149 1343 1231 occupavit.
1384 1149 1510 1211 (inmiti

313 1250 351 1311 de
374 1251 511 1333 Ridberg
532 1250 703 1330 obtigerunt
725 1248 957 1309 Brunsvicensis
973 1257 1005 1308 et
1026 1246 1268 1329 luneburgensis
1287 1248 1398 1328 aliique
1415 1246 1507 1328 adja-

312 1354 412 1407 centes
428 1346 595 1419 comitatus,
613 1345 680 1405 aliis
703 1353 856 1405 cesserunt
875 1343 1120 1426 Hamburgenses
1136 1352 1169 1404 et
1190 1343 1376 1406 Luhecenses
1398 1353 1505 1405 terrae.

313 1441 403 1503 Goltu
411 1440 712 1521 Archiepisoopatnm
723 1440 989 1523 Mogentinensem
999 1449 1031 1501 et
1042 1440 1072 1501 ci
1081 1440 1226 1501 viciniora
1232 1440 1299 1501 loco
1311 1440 1434 1501 sortitus
1441 1450 1506 1515 est,

312 1537 611 1617 Mechlehurgensem
623 1537 777 1599 Donatum
790 1536 920 1597 obtinuit
929 1536 1087 1597 Generalis
1099 1536 1272 1617 vigiliarum
1283 1536 1431 1619 Magister
1443 1534 1507 1597 Sa·

310 1633 358 1704 lis,
372 1634 422 1695 cui
436 1634 595 1694 commissa
607 1654 681 1696 cura
693 1634 899 1716 supprimendi
912 1643 943 1695 ct
955 1634 987 1693 in
1001 1634 1100 1695 officio
1116 1633 1289 1693 continendi
1306 1634 1505 1706 Bannirium,

309 1730 777 1812 siquntentssseterigerecaput.
805 1730 901 1792 Nobis
909 1728 1159 1811 proficiscendum
1167 1729 1224 1789 fuit
1234 1730 1505 1813 Daunenbergam.

310 1827 362 1887 ubi
382 1847 450 1888 cum
469 1826 665 1888 tenuissemus
682 1844 792 1907 paucos
809 1826 884 1901 dies,
898 1826 1124 1908 Wolfshurgum
1141 1826 1341 1898 transivimus,
1359 1836 1450 1908 atque
1468 1829 1504 1887 in

310 1922 448 1985 desolatis
461 1922 546 2005 pagis
555 1923 637 1984 omui
650 1922 782 1983 humant
790 1942 847 2004 ope
857 1922 1015 1994 destitutis,
1026 1921 1171 2003 hospitari
1180 1922 1275 1983 coacti
1287 1942 1391 1983 sumus
1405 1943 1506 2004 usqne

310 2020 350 2080 sd
372 2020 509 2101 quintam
530 2019 679 2080 decimam
700 2018 826 2099 Aprilis,
843 2036 903 2098 qua
923 2017 974 2079 die
992 2037 1062 2078 cum
1078 2018 1171 2079 fames
1191 2038 1246 2079 nos
1262 2019 1318 2080 diu
1336 2020 1505 2102 pressisset,

313 2115 516 2197 Brnnsvigam
533 2116 682 2177 movimus
699 2114 851 2177 civitatem
872 2114 1003 2194 amplam
1019 2124 1050 2174 et
1064 2115 1225 2194 spatiosam
1240 2116 1352 2196 optime
1370 2116 1506 2178 circum·

310 2212 469 2274 vallatam:
492 2213 603 2275 dicitur
618 2212 682 2273 haec
700 2214 772 2274 urbs
788 2212 806 2272 ὲ
828 2212 972 2273 Brnnone
988 2212 1119 2291 quodam
1135 2213 1200 2294 ejus
1218 2213 1371 2274 conditore
1387 2234 1502 2275 nomen

310 2307 429 2383 habere,
448 2318 654 2390 exstructaque
671 2328 734 2371 esse
750 2309 843 2370 Anno
856 2316 923 2390 post
944 2306 1098 2369 Christum
1113 2328 1203 2390 supra
1217 2309 1503 2392 octingentesimum

311 2405 494 2486 sexagesimo
515 2406 630 2486 prim03
652 2406 734 2466 circa
754 2405 808 2467 has
829 2413 926 2486 partes
949 2406 1024 2467 duas
1049 2408 1141 2487 propt
1161 2407 1342 2488 septimanas
1364 2417 1501 2469 nostram

310 2500 559 2563 contributionem
577 2503 781 2582 pecuniariam
798 2502 1030 2583 expectavimus.
1073 2502 1278 2564 Inhumanum
1288 2501 1381 2584 :nobis
1393 2505 1503 2586 impri-

310 2597 368 2656 mis
390 2597 488 2658 visum
504 2607 558 2673 est,
576 2597 659 2678 quod
680 2618 750 2659 cum
767 2599 841 2658 Dux
861 2598 1054 2681 Brunsrigiae
1075 2606 1105 2660 et
1121 2598 1295 2684 Lunebnrgi
1312 2621 1414 2662 coram
1430 2603 1503 2664 istic

310 2696 435 2768 adesset,
450 2693 527 2755 nihil
545 2695 629 2756 nobis
643 2695 660 2754 ὲ
674 2694 794 2756 civitate
807 2695 856 2757 vel
868 2696 901 2755 in
917 2716 1060 2783 equorum
1074 2696 1123 2757 vel
1136 2696 1168 2756 in
1185 2696 1340 2757 hominum
1353 2707 1502 2760 sustenta·

309 2790 422 2852 tionem
436 2791 615 2853 dimitteret:
637 2791 734 2852 sedet
752 2791 988 2854 Brunsvioenses
1004 2793 1108 2854 rustici
1125 2792 1248 2874 impune
1261 2802 1395 2854 nostrum
1408 2795 1503 2857 infes-

311 2889 414 2949 tabant
427 2887 563 2963 militem,
579 2896 608 2949 et
621 2887 646 2948 si
660 2907 735 2969 qnos
750 2885 828 2949 solos
846 2888 1117 2970 deprehendebant,
1136 2889 1243 2951 miserd
1260 2899 1356 2952 morte
1373 2891 1501 2953 mulcta·

310 2985 393 3060 hant,
414 2984 490 3045 adeo
506 2993 540 3046 ut
557 3004 613 3045 nec
636 2984 708 3065 ipsis
724 2985 877 3046 officiariis
891 2994 1056 3066 parcerent,
1070 2985 1096 3046 si
1113 3005 1188 3066 quos
1206 2987 1291 3067 panis
1310 2987 1427 3068 aliquid
1447 3000 1503 3051 aut
1599 3004 1600 3009 ’

310 3081 414 3144 hnnae
428 3081 469 3142 ad
482 3081 596 3141 rictum
610 3081 784 3142 necesssriae
800 3081 972 3162 quesivisse
984 3082 1157 3162 reperirent,
1172 3083 1253 3144 unde
1267 3083 1381 3145 factum
1394 3096 1451 3162 est,
1466 3097 1501 3148 ut

310 3179 327 3237 e
340 3177 484 3240 militibus
497 3176 631 3258 plurimi,
645 3177 724 3240 fame
737 3187 768 3240 et
780 3177 914 3240 extrema
926 3178 1100 3241 necessitate
1113 3177 1455 3264 cogente,diffirgerent.
