3225 4700
493 287 913 395 urrini-rulando.v
1220 332 1282 398 361

59 474 516 561 ElectorisBrandeuburgici.
539 479 1110 561 DeductioverdSerenissimaeSponsae
1121 481 1160 542 ad
1172 481 1281 563 Sponsi

25 626 27 641 ‚
60 572 296 636 habitationem
310 577 348 636 ob
361 576 470 638 infesta
483 577 592 639 itinera
604 576 821 658 aliquantisper
835 576 929 638 dilata
943 587 997 638 est.

25 652 28 687 ¹*
117 667 187 727 Sub
201 670 331 729 eundem
345 690 478 731 mensem
492 670 665 733 Colonellus
678 669 885 753 Baumberger
897 673 1201 758 Philippoburgensis
1212 676 1277 738 Gu-

25 800 26 803 =
57 764 231 841 bernator,
250 775 354 827 contra
372 767 588 850 Hageuoiinses
605 766 711 827 Gallos
726 767 910 848 jampridem
929 781 1105 852 conceptam
1125 772 1276 853 stropham

56 863 277 942 persequitur.
320 864 496 925 Demandat
509 864 608 924 locum
623 863 736 924 tenenti
750 885 815 934 suo,
825 875 859 925 ut
872 886 941 926 cum
956 887 1095 947 supremo
1105 869 1275 950 vigiliarum

25 968 26 971 ’
62 957 244 1034 Praefecto,
258 971 289 1022 et
304 960 443 1022 ducentis
459 962 578 1023 circiter
595 961 746 1044 peditibus
763 972 794 1022 et
807 963 941 1042 equitum
958 973 1057 1025 turma
1071 964 1193 1045 (quibus
1207 987 1276 1048 sup·

59 1055 174 1132 petias
195 1076 232 1116 ex
252 1057 393 1119 condicto
410 1057 500 1118 laturi
523 1067 608 1118 erant
628 1057 936 1120 Franckenthalenaes
958 1060 1090 1140 Hispani
1112 1071 1142 1122 et
1161 1063 1276 1142 equites

63 1150 350 1236 Offenburgenscs)
363 1154 418 1215 sub
438 1154 557 1215 silentio
571 1153 755 1236 egrediatur,
772 1153 924 1235 fingatque
939 1177 970 1217 se
990 1157 1069 1217 mitti
1084 1179 1138 1238 pro
1156 1179 1275 1238 permu-

60 1250 192 1311 tatione
204 1251 457 1331 proesidiariorum
473 1249 759 1332 Offeuburgensium
773 1271 848 1330 quos
861 1251 929 1313 istic
948 1253 1191 1335 Baumbergerus
1205 1276 1276 1316 con·
1318 1280 1322 1288 ·

62 1346 239 1420 stituerat3
260 1347 381 1408 interim
401 1349 473 1409 verb
491 1347 573 1409 rectd
590 1347 771 1430 Hagenoam
791 1348 926 1422 accedat,
943 1359 972 1411 et
987 1335 1206 1430 quadripartito
1225 1370 1275 1412 co·

62 1442 175 1523 piolas
201 1444 328 1519 dividat,
357 1445 541 1526 insidiasque
569 1443 736 1506 commodis
763 1444 838 1505 locis
866 1446 1017 1527 disponat,
1043 1447 1209 1528 jubeatque
1235 1448 1274 1508 ad

62 1549 196 1600 certum
209 1541 329 1622 signum
347 1540 447 1602 latere.
488 1540 528 1603 ld
548 1542 630 1622 quod
651 1549 734 1602 sexto
755 1541 873 1603 decimo
893 1543 916 1604 J
919 1543 984 1603 unii
1005 1545 1144 1604 accurate
1162 1544 1273 1606 sactum

62 1647 132 1698 est.
178 1637 304 1712 Postero
322 1639 372 1700 die
389 1648 546 1720 postquam
566 1657 674 1719 pecora
691 1637 722 1696 in
741 1658 853 1718 pascua
865 1660 902 1698 ex
922 1641 995 1700 urbe
1010 1641 1199 1722 prodiissent,
1215 1641 1274 1704 Co·

64 1733 182 1794 lonelli
202 1734 302 1796 locum
323 1745 428 1796 tenens
452 1757 522 1797 cum
545 1735 812 1816 vigintiquinque
837 1737 988 1816 equitibus
1013 1749 1117 1800 contra
1144 1751 1274 1820 pastores

65 1840 191 1906 movet,
206 1840 236 1893 et
249 1853 358 1913 pecora
369 1834 489 1915 abigere
503 1832 644 1892 mandat:
666 1832 748 1911 quod
762 1853 800 1892 ex
814 1833 886 1893 urbe
900 1835 1067 1916 conspicati
1082 1835 1189 1918 vigiles
1203 1837 1274 1898 dato

65 1929 167 2010 signo
180 1929 218 1990 de
232 1928 333 1990 hostili
346 1930 460 2011 impetu
475 1942 607 2003 monent,
623 1940 730 1989 contra
745 1927 930 1992 latrunculos
948 1933 1104 1992 confestim
1119 1936 1179 1992 400
1198 1953 1274 2014 prte-

64 2027 194 2086 sidiarii
204 2027 390 2102 emittuntur,
402 2040 433 2088 et
442 2027 516 2088 dum
526 2026 699 2087 remotiores
710 2026 874 2099 fiunturbi,
886 2027 1011 2090 iusidias
1019 2029 1273 2103 animadvertunt,

65 2123 225 2203 rebusque
239 2123 300 2184 suis
313 2124 442 2205 tempori
456 2123 632 2198 consulturi,
643 2144 676 2184 se
689 2122 841 2198 dividunt,
855 2121 907 2183 alii
918 2124 1041 2204 quidem
1053 2145 1155 2186 versus
1165 2145 1274 2206 pecora

66 2231 211 2295 movent,
231 2221 283 2281 alii
302 2220 341 2282 ad
361 2221 473 2282 moenia
493 2229 693 2292 revertuntur,
710 2219 764 2280 sed
784 2219 815 2279 hi
833 2219 851 2280 l
872 2222 959 2281 novis
978 2221 1095 2282 insidiis
1116 2223 1274 2304 intercepti

66 2316 262 2398 potissimam
275 2327 390 2399 partem
404 2319 570 2381 ceduntur.
610 2317 676 2378 Alii
689 2337 758 2379 cum
772 2337 804 2378 se
815 2315 945 2399 impares
958 2339 1020 2381 esse
1032 2317 1109 2380 hosti
1122 2317 1227 2381 vident
1241 2319 1272 2381 in

69 2414 330 2476 Bildsteinianam
346 2415 449 2476 villum
467 2416 680 2498 digrediuntur
699 2426 729 2477 et
751 2436 788 2476 ex
810 2414 863 2475 illa
882 2436 914 2476 se
935 2426 1056 2478 tuentur
1076 2417 1116 2477 ad
1137 2418 1273 2480 dimidiae

69 2512 157 2573 horae
178 2512 325 2592 spacium,
346 2532 381 2574 ac
399 2512 522 2573 tandem
542 2512 666 2593 abjectis
684 2512 776 2573 armis
795 2532 827 2573 se
847 2511 973 2575 dedunt.
1016 2514 1063 2574 Ea
1083 2514 1274 2595 expeditione

68 2608 192 2689 pecoris
212 2610 344 2670 ducenta
363 2608 493 2691 amplius
513 2609 613 2689 capita
631 2608 737 2669 abacta
756 2618 836 2684 sunt,
862 2611 942 2691 capti
959 2611 1068 2671 milites
1085 2624 1115 2673 et
1132 2611 1274 2673 officiales

74 2708 136 2765 150
150 2705 280 2780 circiter,
295 2706 349 2786 qui
362 2726 432 2766 mox
446 2705 544 2766 soluto
557 2704 627 2765 litro
641 2704 819 2787 Hagenoam
835 2706 950 2767 remissi
966 2716 1045 2768 srrnt.

113 2801 223 2863 Variat
231 2803 362 2876 fertura,
375 2814 457 2864 certo
467 2803 535 2863 loco
543 2803 706 2863 consistere
716 2802 826 2873 nescia,
836 2822 918 2865 nunc
929 2804 975 2865 his
990 2826 1071 2866 nunc
1080 2804 1147 2867 aliis
1157 2807 1272 2881 favens,

72 2900 299 2962 Hoiiutwilenis
312 2904 393 2963 certe
403 2922 505 2962 mense
518 2901 541 2962 J
544 2900 607 2962 ulio
614 2900 672 2961 fuit
683 2900 820 2981 propitia.
863 2900 1055 2961 Gubernator
1064 2902 1142 2963 arcis
1155 2901 1273 2963 Hoint-

71 3000 192 3060 wilana.
207 3000 411 3081 septendecim
424 3000 533 3059 milites
545 2998 714 3080 praedatum
729 2998 880 3070 emiserat,
894 2998 947 3077 qui
961 2998 1033 3058 dum
1050 2998 1108 3059 late
1122 3010 1273 3081 vagantur

72 3098 355 3160 Wildensteiniana
369 3098 660 3179 arciapproximant.
705 3097 768 3157 Hic
782 3117 837 3177 per
850 3105 946 3157 certos
959 3094 1095 3155 homines
1109 3095 1273 3157 edocentur

71 3194 132 3255 loci
146 3196 406 3257 commendantem
420 3196 459 3255 ad
474 3196 644 3277 proximum
658 3194 728 3277 pugi
742 3194 889 3275 templum
904 3212 974 3253 cum
992 3191 1075 3251 omni
1089 3190 1150 3251 fere
1167 3193 1270 3273 presi-

74 3292 173 3352 diario
188 3292 283 3353 milite
297 3312 382 3352 sacro
400 3292 499 3353 missa
513 3291 612 3351 officio
628 3289 788 3353 affuturum
803 3295 881 3369 (erat
900 3288 979 3349 enirn
998 3287 1064 3349 dies
1081 3288 1187 3365 festus)
1200 3310 1273 3351 con·

74 3388 208 3463 cessisse,
223 3388 358 3468 adeoque
372 3408 453 3449 nunc
464 3386 559 3448 milite
572 3407 673 3448 arcem
687 3408 751 3448 esse
761 3386 947 3459 destitutam,
957 3394 991 3445 ut
1005 3403 1065 3447 non
1080 3384 1138 3444 nisi
1148 3384 1271 3447 unicum

75 3506 129 3566 pro
143 3485 288 3558 excubiis,
303 3495 333 3546 et
346 3483 479 3545 aniculas
493 3485 568 3545 duas
582 3484 732 3545 retineret.
767 3483 860 3544 Hanc
870 3480 1055 3542 occasionem
1068 3481 1274 3542 Hoiintwilani

76 3582 138 3641 suis
147 3580 280 3643 consiliis
293 3582 489 3663 aptissimam,
502 3581 657 3656 ambabus,
673 3581 756 3661 quod
770 3580 866 3655 aiunt,
881 3578 973 3653 ulnis,
989 3578 1136 3659 complexi
1150 3587 1230 3651 sunt,
1245 3589 1275 3639 et

79 3677 175 3755 primo
189 3677 313 3758 quidem
325 3677 529 3739 excubitorem
544 3678 816 3752 circumvenerunt,
832 3685 861 3738 et
871 3674 890 3737 a
901 3675 1027 3737 statione
1039 3676 1264 3755 suaabegerunt

650 3776 667 3833 ³
682 3795 701 3833 ι
