3225 4700
485 357 895 430 ITINERARIUM.
1237 367 1281 434 ³5

87 531 223 590 munaus,
237 512 310 576 lrinc
321 513 406 578 eninr
419 512 527 590 calida,
542 515 614 577 inde
629 515 741 599 frigide
754 518 896 599 erumpit.
938 517 987 581 Ex
1002 517 1158 581 stillicidio
1173 517 1280 582 calidas

86 610 197 672 alicubi
216 611 370 674 defluente
388 610 522 674 nascitur
539 611 625 696 lapis,
644 613 698 693 qni
716 615 757 676 ad
773 615 877 676 ulcera
893 635 1038 698 equorum
1054 616 1190 678 curanda
1200 615 1282 678 valet

85 707 259 788 plurimum.

125 803 244 866 Exacto
263 824 366 866 mense
387 804 501 886 optime
517 803 595 867 lotus
614 804 814 870 Wslleustein
836 809 974 871 ducentis
994 807 1126 870 militnm
1145 809 1280 872 millibus

84 902 205 964 ubunde
214 903 339 983 stipatus
352 902 385 962 in
398 909 540 983 eampum
554 923 727 986 progressus
740 913 795 978 est,
805 903 1003 986 Pilsnamque
1015 906 1112 986 primo
1121 925 1281 988 aggressus

84 999 123 1059 de
146 999 184 1059 ed
205 999 341 1061 felicibus
361 998 504 1082 auspiciis
528 999 742 1082 triumphavitt
774 1021 846 1064 mox
873 1002 974 1083 copias
1002 1002 1112 1084 Pragn
1132 1003 1278 1077 admovit,

84 1113 177 1175 quum
195 1115 258 1156 non
275 1097 319 1158 ita
336 1095 455 1178 pridem
477 1095 557 1158 saxo
578 1096 694 1158 Caesari
717 1097 881 1178 eripuerat,
900 1119 1029 1180 cumque
1045 1117 1110 1159 eam
1132 1107 1281 1179 premeret

82 1191 194 1264 scrius,
212 1193 381 1254 Prmfectns
393 1191 609 1253 Saxoniesmm
623 1192 778 1274 copiarum
791 1195 831 1256 de
843 1194 1058 1276 compositione
1072 1203 1102 1255 et
1114 1194 1280 1275 pateinter

83 1287 237 1350 omrem
251 1298 281 1350 et
292 1289 413 1350 Ducem
424 1309 510 1350 suum
522 1290 617 1351 movit
628 1309 789 1367 sermones,
801 1290 855 1352 sed
868 1310 939 1352 oum
952 1295 1058 1373 partlm
1070 1291 1277 1371 promovisset,

81 1385 122 1446 sd
136 1386 337 1448 avertendum
347 1385 366 1446 d
378 1385 506 1447 Caesaris
518 1387 578 1450 lide
590 1385 854 1448 Wallensteininm
864 1387 927 1450 und
939 1407 1009 1448 cum
1019 1388 1137 1450 Comite
1148 1389 1186 1449 de
1196 1387 1278 1449 'lnrn

83 1480 211 1542 Seniore
225 1481 286 1544 ulid
296 1483 445 1544 convertit
456 1483 550 1544 dolos.
584 1484 625 1544 Et
635 1483 706 1544 hinc
717 1484 810 1545 ducta
821 1493 892 1546 sunt
904 1484 992 1547 initia
1003 1484 1279 1546 Wsllensteinisnoe

81 1577 232 1658 perfidie,
246 1598 315 1658 qum
329 1579 419 1660 paulo
432 1589 500 1661 post
512 1581 544 1640 in
555 1580 705 1662 propriam
715 1581 837 1642 crevere
850 1581 1023 1663 perniciem,
1038 1582 1110 1644 etin
1123 1581 1279 1664 publicum

82 1694 146 1734 non
163 1675 230 1736 sine
247 1673 412 1736 fmdissimd
432 1673 502 1737 noti
516 1678 651 1758 erupere.
693 1675 769 1738 Erat
779 1676 856 1739 forte
868 1678 1094 1759 tunctemporis
1106 1698 1167 1738 non
1179 1698 1279 1752 nemo,

82 1771 187 1832 nescio
201 1771 279 1852 quis,
296 1771 461 1848 Po'e'taster,
476 1782 528 1834 aut
540 1773 672 1834 siderum
686 1772 802 1854 inspex,
814 1774 915 1853 quiex
927 1773 1015 1834 ouis
1027 1773 1142 1834 fabulas
1155 1774 1279 1834 commi·

82 1867 257 1930 niscebatur
273 1869 371 1948 quiet
387 1867 617 1930 Wallensteinio
630 1869 787 1931 Bohemiae
808 1878 959 1952 sceptrum
977 1889 1016 1930 ex
1033 1873 1102 1930 aiire
1117 1868 1280 1930 oouliotrrm

82 1964 257 2040 addicebat,
271 1964 333 2046 qut
346 1964 467 2026 fortuni
480 1965 571 2025 homo
584 1965 763 2026 unissimus
777 1965 884 2026 elutior
896 1987 951 2047 pro
964 1965 1073 2027 corond
1091 1965 1145 2026 tali
1158 1965 1280 2046 quidvis

81 2061 310 2141 paoiscebstnr3
339 2079 470 2142 eumque
496 2061 614 2123 rideret
634 2082 666 2123 se
687 2061 720 2122 id
737 2063 809 2144 jure
830 2071 971 2145 praestare
991 2062 1167 2143 neutiquam
1184 2081 1279 2144 posse,

82 2155 201 2238 injurii
214 2167 335 2219 cosmus
349 2167 404 2232 est,
415 2177 450 2218 eo
460 2157 559 2239 primo
572 2157 674 2239 Regni
689 2159 833 2219 aemulum
848 2158 1013 2220 Sneooram
1026 2159 1141 2242 Regem
1151 2160 1169 2220 e
1179 2159 1281 2220 medio

81 2251 253 2314 tollendum
263 2273 325 2315 esse
334 2253 463 2334 putavit,
473 2273 534 2333 quo
548 2254 665 2315 sublato
679 2253 769 2316 dnces
783 2255 855 2317 dein
865 2275 1022 2338 eggressus
1036 2264 1089 2330 est,
1103 2275 1212 2336 eosque
1222 2254 1281 2316 sibi

81 2349 249 2427 devincire,
264 2349 377 2413 Coesari
391 2370 495 2413 exosos
509 2350 645 2427 reddere,
657 2352 823 2413 contendit.
866 2353 905 2413 In
916 2372 1006 2434 quern
1015 2352 1108 2413 finem
1122 2352 1279 2414 Colonello

82 2446 133 2507 Ilo
148 2457 254 2510 auctor
268 2448 337 2524 fnit,
351 2449 418 2510 nti
434 2447 553 2509 Coesare
572 2469 626 2530 pro
645 2449 785 2530 praestitis
799 2450 960 2530 obsequiis,
975 2449 1104 2512 Comitis
1118 2449 1280 2531 postularet

82 2545 265 2627 dignitatern
282 2555 313 2606 et
332 2564 453 2617 nomeu,
470 2544 553 2624 quod
577 2544 666 2606 facile
688 2544 747 2606 fuit
762 2546 829 2627 jam
851 2546 996 2609 inclinato
1016 2546 1211 2628 persuadere:
1240 2568 1279 2608 ne

80 2642 159 2702 verb
173 2642 277 2703 Caesar
289 2662 355 2703 enm
369 2641 426 2723 ipsi
440 2640 618 2723 dignitatem
632 2652 785 2717 annueret,
800 2642 925 2703 occultis
938 2643 1002 2725 egit
1013 2642 1144 2716 nunciis,
1155 2662 1280 2704 causans

80 2738 105 2799 si
119 2758 191 2799 eam
205 2737 276 2800 hnic
289 2738 476 2812 concederet,
491 2736 554 2798 iore
568 2748 603 2799 ut
616 2738 716 2819 plnres
730 2738 782 2799 alii
796 2738 949 2820 quiaque
963 2759 998 2799 ac
1011 2738 1140 2820 emplius
1153 2739 1280 2821 imperio

81 2834 140 2896 fidi
164 2834 293 2911 fuerant,
307 2835 433 2897 eandem
449 2834 519 2914 jure
537 2834 623 2914 quasi
637 2856 691 2897 sno
703 2836 868 2918 exigerent.
911 2835 1002 2907 Quod
1017 2855 1087 2897 cum
1101 2836 1163 2917 ipse
1177 2835 1280 2897 Cesar

81 2931 275 3012 Reipubliooe
294 2932 375 2993 hund
393 2930 533 3011 expedire
552 2930 734 3015 intelligeret
746 2930 968 2995 Walleusteinii
986 2931 1119 2993 consiliis
1138 2941 1185 2993 est
1195 2932 1279 2992 obse·

80 3038 185 3103 entus,
205 3027 454 3107 Colonellumque
473 3024 520 3086 Ilo
534 3028 574 3090 ad
591 3028 765 3109 patientium
780 3029 812 3089 in
825 3029 1009 3110 proximiora
1020 3038 1155 3109 tempora
1166 3038 1211 3089 est
1224 3030 1279 3089 ad·

80 3123 227 3185 hortatus
267 3124 350 3185 Data
363 3124 476 3184 interea
488 3127 566 3188 iuter
583 3125 686 3207 epulas
705 3126 938 3208 opportunitate,
956 3126 1031 3205 qnid
1044 3125 1177 3206 responsi
1194 3144 1279 3187 acce·

80 3222 163 3301 perit
173 3229 260 3301 rogat
271 3240 308 3282 ex
320 3220 369 3281 Ilo
378 3224 467 3302 qnasi
478 3223 614 3284 omnium
628 3222 751 3305 igrrnrus
759 3222 1028 3296 Wallenstein,cni
1041 3222 1092 3282 ille
1104 3223 1278 3305 negativum

81 3318 140 3378 sibi
168 3318 313 3400 obtigisse
339 3320 475 3383 asssruit.
529 3320 616 3381 'lunc
643 3318 841 3380 Wellensteiu
867 3317 1040 3380 simulanter
1060 3320 1279 3381 excandescens

83 3414 211 3489 Caessri,
225 3415 277 3488 ait,
298 3414 431 3477 haeccine
445 3414 561 3479 sincera
573 3418 708 3477 merodre
721 3415 844 3477 servitiu
856 3425 967 3492 nostra,
983 3416 1175 3495 quaesturi
1195 3426 1280 3479 tanto

83 3522 219 3593 tempore
232 3511 407 3575 fidelissimi
421 3515 624 3596 praestitimus,
644 3522 679 3575 ut
696 3532 752 3574 neo
768 3511 844 3573 mihi
862 3512 1105 3587 Generalissimo,
1120 3514 1191 3595 jure
1210 3534 1280 3574 meo

85 3609 250 3688 postulanti
269 3629 323 3690 pro
345 3610 454 3685 emico,
475 3611 603 3695 gretiam
625 3618 748 3685 annuat,
767 3630 824 3671 neo
840 3608 897 3669 tibi
912 3608 946 3669 id
965 3609 1092 3671 merenti
1109 3610 1280 3671 concedatl

88 3704 202 3789 Ecquis
226 3705 351 3788 posthac
371 3706 487 3771 Oaesari
505 3716 567 3769 tum
584 3706 702 3790 ingrato
718 3716 779 3768 tarn
800 3704 1015 3769 beneficiorum
1033 3706 1203 3769 immemori
1224 3704 1279 3767 sti·
