3225 4700
492 361 910 433 ITINERARIUM.
1239 365 1304 430 397

147 520 298 581 Domitius
307 519 453 581 Alfonsua
462 520 501 581 de
508 521 593 583 Villo
604 519 708 603 Major
719 517 878 603 Generalis
889 518 1110 580 armamentarii
1125 518 1304 592 Praefectus,

101 617 148 676 D.
162 617 186 680 J
186 637 298 678 oannes
310 617 347 680 de
357 618 475 679 Bieune
491 618 651 680 Generalis
663 617 765 700 locum
780 625 885 676 tenens
896 614 1043 677 Colonelli
1058 614 1302 689 desultoriorum,

98 713 205 774 locum
216 725 405 776 tenensunns
413 724 444 777 et
456 726 515 777 tres
525 715 577 776 alii
585 713 718 796 supremi
727 712 898 794 vigiliarum
909 710 1062 774 Praefecti.
1090 712 1139 772 De
1148 711 1304 774 nobilitate

100 810 206 891 plnres
218 812 309 892 capti,
323 832 359 872 ac
375 813 454 872 iuter
473 812 549 874 alios
565 810 608 872 D.
632 809 811 872 Frauciscus
829 808 867 868 de
885 807 1045 881 Chimeno,
1067 807 1109 868 D.
1134 809 1243 871 Petrus
1265 809 1303 872 de

102 907 224 980 Laudo,
242 907 282 969 D.
295 909 488 990 Augustinus
500 909 540 970 de
553 907 725 980 Valderico‚
741 906 783 966 D.
797 905 839 966 D.
855 904 1066 965 Ferdiuandus
1080 916 1110 966 et
1125 906 1304 970 Franciscus

101 1005 145 1066 de
160 1005 239 1079 Feri,
254 1006 296 1066 D.
312 1006 490 1068 Franciscus
503 1006 543 1068 de
557 1006 638 1078 Bon,
649 1005 692 1066 D.
709 1003 918 1065 Ferdiuandus
931 1003 970 1062 de
986 1002 1094 1082 Riocq‚
1105 1003 1147 1064 D.
1159 1003 1304 1078 Alfonsus

101 1101 143 1161 de
168 1101 264 1174 Hore,
285 1101 327 1161 D.
348 1102 524 1164 Franciscua
541 1104 582 1164 de
598 1102 740 1173 Veroule‚
761 1100 804 1160 D.
828 1099 1005 1161 Franciscus
1023 1100 1061 1160 de
1083 1097 1239 1175 Parbault‚
1260 1103 1303 1165 D.

102 1197 265 1260 Femudus
277 1197 418 1273 Verama,
436 1200 478 1260 D.
496 1200 648 1262 Antonius
661 1198 852 1270 Oolmenera,
868 1198 911 1258 D.
928 1198 971 1258 D.
992 1198 1015 1259 J
1018 1196 1109 1278 oaeph
1124 1208 1155 1259 et
1169 1199 1192 1260 J
1194 1201 1304 1263 acubus

101 1295 145 1356 de
165 1294 329 1376 Soquedru
352 1296 395 1358 D.
415 1298 589 1359 Jenosonns
607 1296 774 1367 Camemal‚
797 1295 841 1356 D.
867 1294 1042 1357 Leonardus
1062 1295 1100 1356 de
1120 1295 1237 1371 Corrie,
1261 1298 1292 1358 D

104 1391 218 1453 Petrus
239 1392 406 1474 Junioqne,
432 1393 475 1454 D.
497 1393 651 1455 Antonius
671 1403 704 1454 et
725 1393 768 1453 D.
797 1391 948 1473 Rogerius
972 1391 1092 1467 Cental,
1118 1393 1155 1452 D.
1177 1392 1305 1457 Carolus

104 1489 224 1562 Places,
240 1489 281 1549 D.
299 1490 437 1552 «loannes
458 1490 598 1574 Baptista
614 1489 738 1563 Currus,
761 1489 803 1549 D.
820 1489 843 1550 J
845 1507 957 1548 oannes
971 1486 1009 1546 de
1030 1486 1116 1558 Pom,
1132 1486 1175 1547 D.
1194 1488 1305 1552 Petrus

103 1585 188 1655 Ron,
204 1585 247 1646 D.
260 1586 284 1649 J
286 1605 399 1648 oannes
412 1585 554 1662 Mendes,
567 1588 610 1649 D.
625 1587 781 1648 Martinus
794 1583 985 1668 Capilleaste,
998 1582 1039 1644 D.
1054 1583 1184 1645 Thomas
1199 1586 1301 1663 Gosie,

103 1684 149 1744 D.
162 1683 293 1744 Thomas
300 1684 326 1746 J
327 1704 376 1759 ou,
394 1685 437 1746 D.
449 1687 604 1747 Antonius
611 1686 650 1746 de
663 1685 813 1758 Banoant,
826 1684 868 1744 D.
881 1680 905 1743 J
905 1701 1016 1742 oannes
1030 1680 1068 1741 de
1082 1680 1224 1758 Gabreta,
1241 1682 1306 1745 Dc·

104 1781 209 1842 minus
221 1781 356 1842 Joaoues
369 1781 480 1852 Alteri,
490 1783 532 1843 D.
544 1781 689 1843 Allousus
700 1781 740 1842 de
748 1779 929 1850 Rivecudos,
942 1776 984 1837 D.
997 1777 1125 1840 Carolus
1136 1779 1173 1840 de
1184 1779 1303 1858 (lartio,

106 1879 151 1939 D.
167 1879 318 1959 Josephus
335 1879 517 1956 Foureville,
536 1880 579 1940 D.
597 1880 734 1941 «loannes
753 1877 914 1958 Desponis‚
932 1876 1069 1937 Joannes
1089 1875 1239 1950 Lambert,
1260 1877 1302 1940 D.

105 1977 216 2049 Teura,
228 1977 252 2040 J
254 1997 303 2038 oes
320 1976 498 2054 (daemonia,
513 1979 537 2040 J
538 1996 650 2039 cannes
663 1977 702 2038 de
716 1975 856 2046 Almede,
869 1973 1075 2053 Hieronymus
1087 1972 1226 2034 Gualtier
1239 1975 1306 2057 plu·

104 2090 214 2151 resque
228 2069 281 2130 alii
293 2069 444 2132 officiales.
1365 2143 1370 2153 p

150 2166 199 2226 Ex
216 2165 375 2227 Gallorum
388 2167 525 2248 partibus
539 2178 647 2248 praeter
659 2168 726 2250 jam
740 2165 948 2248 supradictum
963 2166 1131 2228 Dominum
1141 2166 1178 2229 de
1198 2167 1304 2230 Portal

106 2262 210 2325 uullus
223 2262 327 2346 magni
341 2264 472 2325 nominis
485 2266 636 2328 occubuit.

150 2359 222 2423 Hoc
240 2362 347 2423 eodem
364 2362 480 2424 Martio
498 2384 601 2425 mense
614 2364 646 2423 in
663 2361 853 2444 Portugallib
866 2362 973 2423 nobilis
991 2362 1172 2444 conspiratio
1188 2364 1306 2428 detecta

106 2467 162 2520 est.
200 2459 393 2521 Proditorum
404 2459 514 2541 plures,
524 2461 603 2522 iuter
612 2480 686 2541 quos
693 2458 839 2542 praecipui
850 2459 978 2520 nominis
987 2460 1044 2520 viri
1056 2458 1147 2521 fuisse
1158 2460 1305 2537 feruntur,

105 2557 189 2637 capti
203 2578 259 2618 nec
274 2556 369 2618 multd
384 2568 451 2638 post
464 2558 504 2618 ad
517 2557 664 2638 supplicia
677 2570 708 2617 et
721 2567 847 2617 mortem
862 2556 997 2617 damuati
1010 2566 1088 2617 sunt

150 2653 218 2726 Qua
232 2650 410 2715 infidelitate
426 2654 492 2716 Rex
505 2654 601 2715 nihilo
613 2652 749 2715 timidior
762 2652 890 2734 triginta
905 2652 1033 2713 duarum
1046 2653 1169 2714 navium
1183 2654 1305 2717 classem

108 2752 275 2832 expedivit,
294 2770 362 2831 quas
377 2751 464 2823 mari,
477 2761 508 2814 et
525 2752 633 2812 vicena
647 2761 777 2831 quatuor
792 2748 889 2809 millia
902 2750 1045 2826 militum,
1061 2752 1113 2832 qui
1133 2752 1306 2814 continents

108 2848 266 2911 Castiliam
277 2847 456 2908 invaderent
464 2868 501 2909 ac
511 2849 695 2922 infestarent,
705 2847 746 2908 ad
755 2864 845 2927 quem
857 2847 1021 2919 exercitum
1033 2848 1174 2909 alendum
1188 2849 1307 2911 abunde

108 2946 306 3027 suppetebant
319 2944 419 3006 Indice
437 2966 475 3007 ex
491 2946 601 3026 quibus
618 2964 786 3006 annuorum
799 2944 951 3005 redituum
966 2956 1127 3026 proventus
1140 2945 1179 3007 ad
1193 2956 1307 3026 septem

108 3054 140 3106 et
152 3044 314 3105 dimidium
328 3043 394 3104 euri
408 3044 559 3104 millioues
570 3062 603 3103 se
614 3040 775 3103 extendere
788 3040 896 3101 crediti
909 3049 988 3100 sunt.

151 3140 259 3203 Mense
270 3140 368 3216 Maio,
380 3138 593 3202 serenissimus
606 3137 755 3219 Princeps
768 3136 899 3197 Thomas
914 3135 1071 3199 Sabandos
1084 3158 1185 3199 arcem
1197 3140 1309 3200 Asten·

109 3258 173 3299 sem
187 3239 219 3298 ui
233 3238 323 3320 cepit,
337 3258 374 3299 ac
390 3235 591 3317 praesidiarios
605 3236 787 3316 quingentos
801 3234 924 3295 circiter
942 3233 1147 3295 internecione
1163 3234 1308 3296 delendos

109 3336 280 3416 imperavit.
319 3335 356 3395 In
369 3354 439 3395 arce
448 3345 583 3414 repertus
590 3343 635 3393 est
643 3332 675 3392 in
683 3350 777 3392 uuum
788 3350 901 3392 annum
916 3328 1066 3391 sufficiens
1076 3340 1259 3393 commeatus
1272 3351 1308 3392 ac

110 3432 243 3513 reliquus
257 3432 420 3493 instructus
432 3431 570 3492 bellicus.

152 3529 343 3591 Obsidebant
354 3530 459 3591 eodem
473 3538 607 3609 tempore
622 3524 756 3608 Hispani
765 3524 877 3587 Nisum
891 3524 928 3585 de
939 3523 970 3586 la
980 3523 1090 3606 Paglia
1099 3524 1228 3585 nobilem
1244 3544 1310 3607 pas-

109 3646 178 3689 sum
185 3647 239 3688 sen
249 3626 405 3688 transitum
418 3624 596 3687 Mediolano
605 3623 747 3685 Genuam
755 3640 883 3701 eumque
894 3621 937 3682 ita
946 3622 1120 3702 premebant
1130 3630 1202 3683 utse
1210 3632 1309 3683 tenere

110 3724 162 3787 rix
188 3724 368 3787 crederetur.
403 3722 553 3785 Miserunt
572 3720 695 3803 quidem
715 3718 897 3802 presidium
916 3718 1044 3779 nuucics
1068 3718 1109 3779 ad
1131 3716 1307 3801 Principem
