<?xml version="1.0" encoding="UTF-8"?>
<!DOCTYPE html PUBLIC "-//W3C//DTD XHTML 1.0 Transitional//EN"
    "http://www.w3.org/TR/xhtml1/DTD/xhtml1-transitional.dtd">
<html xmlns="http://www.w3.org/1999/xhtml" xml:lang="en" lang="en">
 <head>
  <title>
</title>
<meta http-equiv="Content-Type" content="text/html;charset=utf-8" />
  <meta name='ocr-system' content='tesseract 3.04.00' />
  <meta name='ocr-capabilities' content='ocr_page ocr_carea ocr_par ocr_line ocrx_word'/>
</head>
<body>
  <div class='ocr_page' id='page_1' title='image "./itinerariumthom00kerngoog_0208.png"; bbox 0 0 3225 4700; ppageno 0'>
   <div class='ocr_carea' id='block_1_1' title="bbox 334 310 1122 394">
    <p class='ocr_par' dir='ltr' id='par_1_1' title="bbox 334 310 1122 394">
     <span class='ocr_line' id='line_1_1' title="bbox 334 310 1122 394; baseline -0.016 -5"><span class='ocrx_word' id='word_1_1' title='bbox 334 329 394 394; x_wconf 76' lang='lat'><strong>124</strong></span> <span class='ocrx_word' id='word_1_2' title='bbox 721 310 1122 386; x_wconf 80' lang='lat' dir='ltr'><em>ITINERARIUM.</em></span> 
     </span>
    </p>
   </div>
   <div class='ocr_carea' id='block_1_2' title="bbox 323 455 1536 3712">
    <p class='ocr_par' dir='ltr' id='par_1_2' title="bbox 328 455 1536 921">
     <span class='ocr_line' id='line_1_2' title="bbox 330 455 1536 538; baseline -0.021 1"><span class='ocrx_word' id='word_1_3' title='bbox 330 487 400 538; x_wconf 87' lang='lat' dir='ltr'><strong>snut</strong></span> <span class='ocrx_word' id='word_1_4' title='bbox 417 496 497 537; x_wconf 90' lang='lat' dir='ltr'><strong>nono</strong></span> <span class='ocrx_word' id='word_1_5' title='bbox 510 476 628 538; x_wconf 88' lang='lat' dir='ltr'><strong>decimo</strong></span> <span class='ocrx_word' id='word_1_6' title='bbox 642 474 818 534; x_wconf 80' lang='lat' dir='ltr'><strong>Decembris</strong></span> <span class='ocrx_word' id='word_1_7' title='bbox 833 472 912 533; x_wconf 89' lang='lat' dir='ltr'><strong>intra</strong></span> <span class='ocrx_word' id='word_1_8' title='bbox 925 478 1061 531; x_wconf 80' lang='lat' dir='ltr'><strong>octavam</strong></span> <span class='ocrx_word' id='word_1_9' title='bbox 1074 474 1105 527; x_wconf 92' lang='lat' dir='ltr'><strong>et</strong></span> <span class='ocrx_word' id='word_1_10' title='bbox 1117 481 1225 525; x_wconf 89' lang='lat' dir='ltr'><strong>nonam</strong></span> <span class='ocrx_word' id='word_1_11' title='bbox 1233 459 1410 520; x_wconf 84' lang='lat' dir='ltr'><strong>matutinam</strong></span> <span class='ocrx_word' id='word_1_12' title='bbox 1421 455 1536 537; x_wconf 85' lang='lat' dir='ltr'><strong>quad-</strong></span> 
     </span>
     <span class='ocr_line' id='line_1_3' title="bbox 329 553 1536 655; baseline -0.017 -23"><span class='ocrx_word' id='word_1_13' title='bbox 329 574 461 655; x_wconf 88' lang='lat' dir='ltr'><strong>ringenti</strong></span> <span class='ocrx_word' id='word_1_14' title='bbox 470 573 534 634; x_wconf 85' lang='lat' dir='ltr'><strong>sani</strong></span> <span class='ocrx_word' id='word_1_15' title='bbox 543 569 891 649; x_wconf 83' lang='lat' dir='ltr'><strong>milites,quinqnoginta</strong></span> <span class='ocrx_word' id='word_1_16' title='bbox 899 566 1047 647; x_wconf 83' lang='lat' dir='ltr'><strong>aegrioum</strong></span> <span class='ocrx_word' id='word_1_17' title='bbox 1056 558 1254 622; x_wconf 78' lang='lat' dir='ltr'>novendecim</span> <span class='ocrx_word' id='word_1_18' title='bbox 1262 553 1389 628; x_wconf 80' lang='lat' dir='ltr'><strong>vexillis,</strong></span> <span class='ocrx_word' id='word_1_19' title='bbox 1398 561 1536 633; x_wconf 81' lang='lat' dir='ltr'><strong>septua-</strong></span> 
     </span>
     <span class='ocr_line' id='line_1_4' title="bbox 330 649 1536 750; baseline -0.017 -23"><span class='ocrx_word' id='word_1_20' title='bbox 330 668 414 750; x_wconf 80' lang='lat' dir='ltr'><strong>ginta</strong></span> <span class='ocrx_word' id='word_1_21' title='bbox 440 669 534 750; x_wconf 87' lang='lat' dir='ltr'><strong>eqnis,</strong></span> <span class='ocrx_word' id='word_1_22' title='bbox 553 667 668 728; x_wconf 81' lang='lat' dir='ltr'><strong>duobus</strong></span> <span class='ocrx_word' id='word_1_23' title='bbox 682 664 781 736; x_wconf 88' lang='lat' dir='ltr'><strong>mulis,</strong></span> <span class='ocrx_word' id='word_1_24' title='bbox 806 684 858 725; x_wconf 88' lang='lat' dir='ltr'><strong>sex</strong></span> <span class='ocrx_word' id='word_1_25' title='bbox 885 662 995 730; x_wconf 88' lang='lat' dir='ltr'><strong>rhedis,</strong></span> <span class='ocrx_word' id='word_1_26' title='bbox 1016 659 1110 719; x_wconf 88' lang='lat' dir='ltr'><strong>tribus</strong></span> <span class='ocrx_word' id='word_1_27' title='bbox 1132 654 1279 725; x_wconf 83' lang='lat' dir='ltr'><strong>curribus,</strong></span> <span class='ocrx_word' id='word_1_28' title='bbox 1296 650 1370 733; x_wconf 84' lang='lat' dir='ltr'><strong>aegri</strong></span> <span class='ocrx_word' id='word_1_29' title='bbox 1390 649 1536 729; x_wconf 87' lang='lat' dir='ltr'><strong>sanique</strong></span> 
     </span>
     <span class='ocr_line' id='line_1_5' title="bbox 328 744 1535 843; baseline -0.017 -20"><span class='ocrx_word' id='word_1_30' title='bbox 328 764 487 843; x_wconf 87' lang='lat' dir='ltr'><strong>separatim</strong></span> <span class='ocrx_word' id='word_1_31' title='bbox 503 761 628 825; x_wconf 80' lang='lat' dir='ltr'><strong>diversis</strong></span> <span class='ocrx_word' id='word_1_32' title='bbox 645 760 780 834; x_wconf 79' lang='lat' dir='ltr'><strong>navibus,</strong></span> <span class='ocrx_word' id='word_1_33' title='bbox 799 757 998 840; x_wconf 85' lang='lat' dir='ltr'><strong>Argentinam</strong></span> <span class='ocrx_word' id='word_1_34' title='bbox 1018 772 1120 816; x_wconf 80' lang='lat' dir='ltr'><strong>versus</strong></span> <span class='ocrx_word' id='word_1_35' title='bbox 1136 748 1267 812; x_wconf 90' lang='lat' dir='ltr'><strong>secundo</strong></span> <span class='ocrx_word' id='word_1_36' title='bbox 1278 745 1385 808; x_wconf 84' lang='lat' dir='ltr'><strong>ereuo</strong></span> <span class='ocrx_word' id='word_1_37' title='bbox 1393 744 1535 806; x_wconf 84' lang='lat' dir='ltr'><strong>deducti</strong></span> 
     </span>
     <span class='ocr_line' id='line_1_6' title="bbox 329 869 408 921; baseline 0.013 -1"><span class='ocrx_word' id='word_1_38' title='bbox 329 869 408 921; x_wconf 84' lang='lat' dir='ltr'><strong>sunt.</strong></span> 
     </span>
    </p>

    <p class='ocr_par' dir='ltr' id='par_1_3' title="bbox 324 936 1533 2370">
     <span class='ocr_line' id='line_1_7' title="bbox 378 936 1533 1038; baseline -0.018 -22"><span class='ocrx_word' id='word_1_39' title='bbox 378 954 417 1015; x_wconf 94' lang='lat' dir='ltr'><strong>In</strong></span> <span class='ocrx_word' id='word_1_40' title='bbox 439 975 557 1038; x_wconf 90' lang='lat' dir='ltr'><strong>egressu</strong></span> <span class='ocrx_word' id='word_1_41' title='bbox 580 953 654 1013; x_wconf 86' lang='lat' dir='ltr'><strong>Dux</strong></span> <span class='ocrx_word' id='word_1_42' title='bbox 673 950 837 1013; x_wconf 85' lang='lat' dir='ltr'><strong>Wimarius</strong></span> <span class='ocrx_word' id='word_1_43' title='bbox 860 949 1009 1010; x_wconf 87' lang='lat' dir='ltr'><strong>Barouem</strong></span> <span class='ocrx_word' id='word_1_44' title='bbox 1031 944 1069 1006; x_wconf 90' lang='lat' dir='ltr'><strong>de</strong></span> <span class='ocrx_word' id='word_1_45' title='bbox 1088 940 1225 1005; x_wconf 84' lang='lat' dir='ltr'><strong>Reinaoh</strong></span> <span class='ocrx_word' id='word_1_46' title='bbox 1237 940 1292 1001; x_wconf 88' lang='lat' dir='ltr'><strong>sub</strong></span> <span class='ocrx_word' id='word_1_47' title='bbox 1306 936 1391 1019; x_wconf 70' lang='lat' dir='ltr'><strong>porti</strong></span> <span class='ocrx_word' id='word_1_48' title='bbox 1406 936 1533 997; x_wconf 85' lang='lat' dir='ltr'><strong>acriter</strong></span> 
     </span>
     <span class='ocr_line' id='line_1_8' title="bbox 328 1034 1532 1131; baseline -0.017 -19"><span class='ocrx_word' id='word_1_49' title='bbox 328 1050 511 1130; x_wconf 75' lang='lat' dir='ltr'>perstrinxit,</span> <span class='ocrx_word' id='word_1_50' title='bbox 535 1049 679 1131; x_wconf 89' lang='lat' dir='ltr'><strong>objiciens</strong></span> <span class='ocrx_word' id='word_1_51' title='bbox 700 1057 765 1107; x_wconf 88' lang='lat' dir='ltr'><strong>tum</strong></span> <span class='ocrx_word' id='word_1_52' title='bbox 787 1046 943 1106; x_wconf 85' lang='lat' dir='ltr'><strong>barbaram</strong></span> <span class='ocrx_word' id='word_1_53' title='bbox 957 1064 991 1104; x_wconf 92' lang='lat' dir='ltr'><strong>ao</strong></span> <span class='ocrx_word' id='word_1_54' title='bbox 1010 1041 1103 1103; x_wconf 84' lang='lat' dir='ltr'><strong>feram</strong></span> <span class='ocrx_word' id='word_1_55' title='bbox 1121 1037 1337 1099; x_wconf 78' lang='lat' dir='ltr'><strong>immanitatem</strong></span> <span class='ocrx_word' id='word_1_56' title='bbox 1354 1036 1385 1095; x_wconf 91' lang='lat' dir='ltr'><strong>in</strong></span> <span class='ocrx_word' id='word_1_57' title='bbox 1403 1034 1532 1095; x_wconf 81' lang='lat' dir='ltr'><strong>milites</strong></span> 
     </span>
     <span class='ocr_line' id='line_1_9' title="bbox 328 1131 1530 1225; baseline -0.012 -19"><span class='ocrx_word' id='word_1_58' title='bbox 328 1146 519 1225; x_wconf 77' lang='lat' dir='ltr'><strong>quantumvis</strong></span> <span class='ocrx_word' id='word_1_59' title='bbox 532 1143 715 1208; x_wconf 83' lang='lat' dir='ltr'><strong>adversarios</strong></span> <span class='ocrx_word' id='word_1_60' title='bbox 728 1142 760 1202; x_wconf 92' lang='lat' dir='ltr'><strong>in</strong></span> <span class='ocrx_word' id='word_1_61' title='bbox 773 1160 891 1202; x_wconf 88' lang='lat' dir='ltr'><strong>carcere</strong></span> <span class='ocrx_word' id='word_1_62' title='bbox 904 1140 1081 1201; x_wconf 74' lang='lat' dir='ltr'><strong>exercitam:</strong></span> <span class='ocrx_word' id='word_1_63' title='bbox 1102 1135 1152 1196; x_wconf 87' lang='lat' dir='ltr'><strong>oui</strong></span> <span class='ocrx_word' id='word_1_64' title='bbox 1165 1134 1342 1194; x_wconf 74' lang='lat' dir='ltr'><strong>excusandos</strong></span> <span class='ocrx_word' id='word_1_65' title='bbox 1364 1131 1439 1210; x_wconf 91' lang='lat' dir='ltr'><strong>quid</strong></span> <span class='ocrx_word' id='word_1_66' title='bbox 1457 1149 1530 1191; x_wconf 83' lang='lat' dir='ltr'><strong>ree-</strong></span> 
     </span>
     <span class='ocr_line' id='line_1_10' title="bbox 328 1225 1528 1322; baseline -0.013 -20"><span class='ocrx_word' id='word_1_67' title='bbox 328 1240 459 1320; x_wconf 86' lang='lat' dir='ltr'><strong>pondere</strong></span> <span class='ocrx_word' id='word_1_68' title='bbox 471 1242 574 1322; x_wconf 88' lang='lat' dir='ltr'><strong>possit,</strong></span> <span class='ocrx_word' id='word_1_69' title='bbox 587 1259 618 1299; x_wconf 89' lang='lat' dir='ltr'><strong>se</strong></span> <span class='ocrx_word' id='word_1_70' title='bbox 631 1237 754 1317; x_wconf 88' lang='lat' dir='ltr'><strong>quidem</strong></span> <span class='ocrx_word' id='word_1_71' title='bbox 767 1236 856 1317; x_wconf 75' lang='lat' dir='ltr'><strong>plane</strong></span> <span class='ocrx_word' id='word_1_72' title='bbox 870 1256 929 1296; x_wconf 94' lang='lat' dir='ltr'><strong>uon</strong></span> <span class='ocrx_word' id='word_1_73' title='bbox 943 1236 1056 1296; x_wconf 87' lang='lat' dir='ltr'><strong>videre.</strong></span> <span class='ocrx_word' id='word_1_74' title='bbox 1098 1231 1158 1294; x_wconf 83' lang='lat' dir='ltr'><strong>Oui</strong></span> <span class='ocrx_word' id='word_1_75' title='bbox 1174 1231 1255 1292; x_wconf 85' lang='lat' dir='ltr'><strong>Baro</strong></span> <span class='ocrx_word' id='word_1_76' title='bbox 1262 1230 1300 1290; x_wconf 88' lang='lat' dir='ltr'><strong>de</strong></span> <span class='ocrx_word' id='word_1_77' title='bbox 1310 1225 1447 1289; x_wconf 83' lang='lat' dir='ltr'><strong>Reinaoh</strong></span> <span class='ocrx_word' id='word_1_78' title='bbox 1455 1246 1528 1287; x_wconf 87' lang='lat' dir='ltr'><strong>non</strong></span> 
     </span>
     <span class='ocr_line' id='line_1_11' title="bbox 327 1324 1527 1408; baseline -0.008 -16"><span class='ocrx_word' id='word_1_79' title='bbox 327 1332 418 1394; x_wconf 91' lang='lat' dir='ltr'><strong>latere</strong></span> <span class='ocrx_word' id='word_1_80' title='bbox 430 1351 515 1393; x_wconf 90' lang='lat' dir='ltr'><strong>suam</strong></span> <span class='ocrx_word' id='word_1_81' title='bbox 529 1329 757 1400; x_wconf 78' lang='lat' dir='ltr'><strong>celsitudinem,</strong></span> <span class='ocrx_word' id='word_1_82' title='bbox 770 1328 899 1389; x_wconf 83' lang='lat' dir='ltr'><strong>similem</strong></span> <span class='ocrx_word' id='word_1_83' title='bbox 908 1326 1069 1408; x_wconf 80' lang='lat' dir='ltr'><strong>contigisse</strong></span> <span class='ocrx_word' id='word_1_84' title='bbox 1078 1348 1180 1388; x_wconf 87' lang='lat' dir='ltr'><strong>casnm</strong></span> <span class='ocrx_word' id='word_1_85' title='bbox 1188 1327 1221 1387; x_wconf 91' lang='lat' dir='ltr'><strong>in</strong></span> <span class='ocrx_word' id='word_1_86' title='bbox 1231 1324 1385 1387; x_wconf 84' lang='lat' dir='ltr'><strong>obsidione</strong></span> <span class='ocrx_word' id='word_1_87' title='bbox 1393 1324 1527 1404; x_wconf 83' lang='lat' dir='ltr'><strong>Augus-</strong></span> 
     </span>
     <span class='ocr_line' id='line_1_12' title="bbox 326 1422 1527 1508; baseline -0.009 -20"><span class='ocrx_word' id='word_1_88' title='bbox 326 1428 408 1499; x_wconf 75' lang='lat' dir='ltr'><strong>tani,</strong></span> <span class='ocrx_word' id='word_1_89' title='bbox 422 1428 454 1488; x_wconf 92' lang='lat' dir='ltr'><strong>iu</strong></span> <span class='ocrx_word' id='word_1_90' title='bbox 467 1448 527 1508; x_wconf 91' lang='lat' dir='ltr'><strong>qua</strong></span> <span class='ocrx_word' id='word_1_91' title='bbox 539 1426 676 1487; x_wconf 86' lang='lat' dir='ltr'><strong>similiter</strong></span> <span class='ocrx_word' id='word_1_92' title='bbox 689 1445 793 1486; x_wconf 87' lang='lat' dir='ltr'><strong>earnes</strong></span> <span class='ocrx_word' id='word_1_93' title='bbox 805 1424 943 1485; x_wconf 77' lang='lat' dir='ltr'><strong>humanas</strong></span> <span class='ocrx_word' id='word_1_94' title='bbox 957 1423 988 1484; x_wconf 94' lang='lat' dir='ltr'><strong>in</strong></span> <span class='ocrx_word' id='word_1_95' title='bbox 999 1422 1111 1485; x_wconf 89' lang='lat' dir='ltr'><strong>delitiis</strong></span> <span class='ocrx_word' id='word_1_96' title='bbox 1120 1422 1242 1495; x_wconf 85' lang='lat' dir='ltr'><strong>fuerint,</strong></span> <span class='ocrx_word' id='word_1_97' title='bbox 1257 1422 1382 1501; x_wconf 88' lang='lat' dir='ltr'><strong>ideoque</strong></span> <span class='ocrx_word' id='word_1_98' title='bbox 1391 1438 1422 1480; x_wconf 90' lang='lat' dir='ltr'><strong>se</strong></span> <span class='ocrx_word' id='word_1_99' title='bbox 1432 1426 1527 1479; x_wconf 81' lang='lat' dir='ltr'><strong>extra</strong></span> 
     </span>
     <span class='ocr_line' id='line_1_13' title="bbox 326 1514 1521 1603; baseline -0.008 -21"><span class='ocrx_word' id='word_1_100' title='bbox 326 1523 445 1603; x_wconf 85' lang='lat' dir='ltr'><strong>culpam</strong></span> <span class='ocrx_word' id='word_1_101' title='bbox 460 1542 533 1594; x_wconf 88' lang='lat' dir='ltr'><strong>esse,</strong></span> <span class='ocrx_word' id='word_1_102' title='bbox 545 1523 571 1581; x_wconf 91' lang='lat' dir='ltr'><strong>si</strong></span> <span class='ocrx_word' id='word_1_103' title='bbox 586 1521 688 1603; x_wconf 85' lang='lat' dir='ltr'><strong>inopie</strong></span> <span class='ocrx_word' id='word_1_104' title='bbox 705 1530 736 1583; x_wconf 92' lang='lat' dir='ltr'><strong>et</strong></span> <span class='ocrx_word' id='word_1_105' title='bbox 751 1521 902 1584; x_wconf 85' lang='lat' dir='ltr'><strong>horrenda</strong></span> <span class='ocrx_word' id='word_1_106' title='bbox 916 1519 1010 1581; x_wconf 77' lang='lat' dir='ltr'><strong>temes</strong></span> <span class='ocrx_word' id='word_1_107' title='bbox 1022 1520 1066 1580; x_wconf 83' lang='lat' dir='ltr'><strong>ad</strong></span> <span class='ocrx_word' id='word_1_108' title='bbox 1083 1519 1116 1580; x_wconf 92' lang='lat' dir='ltr'><strong>id</strong></span> <span class='ocrx_word' id='word_1_109' title='bbox 1128 1518 1231 1580; x_wconf 83' lang='lat' dir='ltr'><strong>delicti</strong></span> <span class='ocrx_word' id='word_1_110' title='bbox 1248 1516 1356 1577; x_wconf 86' lang='lat' dir='ltr'><strong>milites</strong></span> <span class='ocrx_word' id='word_1_111' title='bbox 1369 1514 1521 1596; x_wconf 78' lang='lat' dir='ltr'><strong>adegerit.</strong></span> 
     </span>
     <span class='ocr_line' id='line_1_14' title="bbox 327 1609 1522 1699; baseline -0.008 -21"><span class='ocrx_word' id='word_1_112' title='bbox 327 1616 418 1689; x_wconf 83' lang='lat' dir='ltr'><strong>Quod</strong></span> <span class='ocrx_word' id='word_1_113' title='bbox 431 1617 502 1679; x_wconf 82' lang='lat' dir='ltr'><strong>verb</strong></span> <span class='ocrx_word' id='word_1_114' title='bbox 517 1618 578 1699; x_wconf 92' lang='lat' dir='ltr'><strong>ipse</strong></span> <span class='ocrx_word' id='word_1_115' title='bbox 588 1617 678 1677; x_wconf 88' lang='lat' dir='ltr'><strong>cosin</strong></span> <span class='ocrx_word' id='word_1_116' title='bbox 692 1616 812 1677; x_wconf 83' lang='lat' dir='ltr'><strong>vincula</strong></span> <span class='ocrx_word' id='word_1_117' title='bbox 820 1616 1011 1697; x_wconf 80' lang='lat' dir='ltr'><strong>compegerit,</strong></span> <span class='ocrx_word' id='word_1_118' title='bbox 1022 1614 1107 1677; x_wconf 90' lang='lat' dir='ltr'><strong>aliud</strong></span> <span class='ocrx_word' id='word_1_119' title='bbox 1116 1614 1277 1696; x_wconf 82' lang='lat' dir='ltr'><strong>prudenter</strong></span> <span class='ocrx_word' id='word_1_120' title='bbox 1286 1633 1317 1674; x_wconf 90' lang='lat' dir='ltr'><strong>se</strong></span> <span class='ocrx_word' id='word_1_121' title='bbox 1327 1611 1424 1672; x_wconf 89' lang='lat' dir='ltr'><strong>facere</strong></span> <span class='ocrx_word' id='word_1_122' title='bbox 1433 1609 1522 1670; x_wconf 85' lang='lat' dir='ltr'><strong>haud</strong></span> 
     </span>
     <span class='ocr_line' id='line_1_15' title="bbox 325 1708 1522 1793; baseline -0.005 -21"><span class='ocrx_word' id='word_1_123' title='bbox 325 1712 466 1792; x_wconf 87' lang='lat' dir='ltr'><strong>potuisse,</strong></span> <span class='ocrx_word' id='word_1_124' title='bbox 475 1732 544 1773; x_wconf 88' lang='lat' dir='ltr'><strong>cum</strong></span> <span class='ocrx_word' id='word_1_125' title='bbox 556 1712 637 1773; x_wconf 89' lang='lat' dir='ltr'><strong>enim</strong></span> <span class='ocrx_word' id='word_1_126' title='bbox 650 1712 760 1793; x_wconf 76' lang='lat' dir='ltr'><strong>captivi</strong></span> <span class='ocrx_word' id='word_1_127' title='bbox 770 1712 868 1773; x_wconf 91' lang='lat' dir='ltr'><strong>indies</strong></span> <span class='ocrx_word' id='word_1_128' title='bbox 876 1711 1013 1773; x_wconf 87' lang='lat' dir='ltr'><strong>elabendi</strong></span> <span class='ocrx_word' id='word_1_129' title='bbox 1020 1720 1187 1792; x_wconf 70' lang='lat' dir='ltr'><strong>quererent</strong></span> <span class='ocrx_word' id='word_1_130' title='bbox 1196 1709 1393 1783; x_wconf 82' lang='lat' dir='ltr'><strong>occasionem,</strong></span> <span class='ocrx_word' id='word_1_131' title='bbox 1404 1726 1440 1767; x_wconf 87' lang='lat' dir='ltr'><strong>ao</strong></span> <span class='ocrx_word' id='word_1_132' title='bbox 1448 1708 1522 1787; x_wconf 84' lang='lat' dir='ltr'><strong>jam</strong></span> 
     </span>
     <span class='ocr_line' id='line_1_16' title="bbox 326 1802 1522 1889; baseline -0.004 -21"><span class='ocrx_word' id='word_1_133' title='bbox 326 1808 470 1869; x_wconf 84' lang='lat' dir='ltr'><strong>vidissent</strong></span> <span class='ocrx_word' id='word_1_134' title='bbox 482 1828 541 1889; x_wconf 90' lang='lat' dir='ltr'><strong>quo</strong></span> <span class='ocrx_word' id='word_1_135' title='bbox 555 1828 602 1869; x_wconf 89' lang='lat' dir='ltr'><strong>res</strong></span> <span class='ocrx_word' id='word_1_136' title='bbox 615 1807 806 1869; x_wconf 87' lang='lat' dir='ltr'><strong>Brisacenses</strong></span> <span class='ocrx_word' id='word_1_137' title='bbox 819 1808 886 1869; x_wconf 92' lang='lat' dir='ltr'><strong>looo</strong></span> <span class='ocrx_word' id='word_1_138' title='bbox 899 1816 1004 1881; x_wconf 85' lang='lat' dir='ltr'><strong>essent,</strong></span> <span class='ocrx_word' id='word_1_139' title='bbox 1014 1806 1218 1888; x_wconf 89' lang='lat' dir='ltr'><strong>dnbioprooul</strong></span> <span class='ocrx_word' id='word_1_140' title='bbox 1227 1806 1258 1865; x_wconf 94' lang='lat' dir='ltr'><strong>id</strong></span> <span class='ocrx_word' id='word_1_141' title='bbox 1267 1805 1307 1866; x_wconf 84' lang='lat' dir='ltr'><strong>sd</strong></span> <span class='ocrx_word' id='word_1_142' title='bbox 1316 1823 1384 1865; x_wconf 89' lang='lat' dir='ltr'><strong>snos</strong></span> <span class='ocrx_word' id='word_1_143' title='bbox 1392 1802 1522 1864; x_wconf 88' lang='lat' dir='ltr'><strong>relaturi</strong></span> 
     </span>
     <span class='ocr_line' id='line_1_17' title="bbox 324 1900 1520 1986; baseline -0.005 -21"><span class='ocrx_word' id='word_1_144' title='bbox 324 1904 466 1965; x_wconf 86' lang='lat' dir='ltr'><strong>fuissent:</strong></span> <span class='ocrx_word' id='word_1_145' title='bbox 488 1915 522 1966; x_wconf 90' lang='lat' dir='ltr'><strong>ut</strong></span> <span class='ocrx_word' id='word_1_146' title='bbox 534 1924 606 1986; x_wconf 87' lang='lat' dir='ltr'><strong>ergo</strong></span> <span class='ocrx_word' id='word_1_147' title='bbox 626 1906 740 1985; x_wconf 87' lang='lat' dir='ltr'><strong>majora</strong></span> <span class='ocrx_word' id='word_1_148' title='bbox 759 1904 821 1965; x_wconf 91' lang='lat' dir='ltr'><strong>suis</strong></span> <span class='ocrx_word' id='word_1_149' title='bbox 835 1904 945 1965; x_wconf 87' lang='lat' dir='ltr'><strong>domna</strong></span> <span class='ocrx_word' id='word_1_150' title='bbox 958 1912 1087 1978; x_wconf 84' lang='lat' dir='ltr'><strong>caveret,</strong></span> <span class='ocrx_word' id='word_1_151' title='bbox 1102 1924 1133 1964; x_wconf 87' lang='lat' dir='ltr'><strong>se</strong></span> <span class='ocrx_word' id='word_1_152' title='bbox 1146 1902 1186 1965; x_wconf 86' lang='lat' dir='ltr'><strong>nd</strong></span> <span class='ocrx_word' id='word_1_153' title='bbox 1200 1902 1274 1962; x_wconf 88' lang='lat' dir='ltr'><strong>illud</strong></span> <span class='ocrx_word' id='word_1_154' title='bbox 1289 1900 1423 1961; x_wconf 88' lang='lat' dir='ltr'><strong>medium</strong></span> <span class='ocrx_word' id='word_1_155' title='bbox 1433 1918 1520 1961; x_wconf 90' lang='lat' dir='ltr'><strong>ccm-</strong></span> 
     </span>
     <span class='ocr_line' id='line_1_18' title="bbox 325 1996 1522 2081; baseline -0.003 -20"><span class='ocrx_word' id='word_1_156' title='bbox 325 2000 443 2081; x_wconf 89' lang='lat' dir='ltr'><strong>pulsum</strong></span> <span class='ocrx_word' id='word_1_157' title='bbox 457 2020 527 2062; x_wconf 87' lang='lat' dir='ltr'><strong>esse.</strong></span> <span class='ocrx_word' id='word_1_158' title='bbox 568 2001 618 2061; x_wconf 87' lang='lat' dir='ltr'><strong>Dc</strong></span> <span class='ocrx_word' id='word_1_159' title='bbox 631 2000 697 2060; x_wconf 92' lang='lat' dir='ltr'><strong>oibo</strong></span> <span class='ocrx_word' id='word_1_160' title='bbox 705 2000 793 2081; x_wconf 79' lang='lat' dir='ltr'><strong>porro</strong></span> <span class='ocrx_word' id='word_1_161' title='bbox 812 2000 885 2081; x_wconf 90' lang='lat' dir='ltr'><strong>ipsis</strong></span> <span class='ocrx_word' id='word_1_162' title='bbox 900 2002 1050 2062; x_wconf 89' lang='lat' dir='ltr'><strong>subtracto</strong></span> <span class='ocrx_word' id='word_1_163' title='bbox 1065 2000 1097 2060; x_wconf 92' lang='lat' dir='ltr'><strong>in</strong></span> <span class='ocrx_word' id='word_1_164' title='bbox 1113 2018 1242 2071; x_wconf 82' lang='lat' dir='ltr'><strong>carcere,</strong></span> <span class='ocrx_word' id='word_1_165' title='bbox 1253 1998 1286 2059; x_wconf 93' lang='lat' dir='ltr'><strong>id</strong></span> <span class='ocrx_word' id='word_1_166' title='bbox 1302 1996 1425 2078; x_wconf 89' lang='lat' dir='ltr'><strong>quidem</strong></span> <span class='ocrx_word' id='word_1_167' title='bbox 1432 1996 1522 2057; x_wconf 74' lang='lat' dir='ltr'><strong>salvd</strong></span> 
     </span>
     <span class='ocr_line' id='line_1_19' title="bbox 327 2092 1521 2177; baseline -0.003 -20"><span class='ocrx_word' id='word_1_168' title='bbox 327 2096 423 2157; x_wconf 87' lang='lat' dir='ltr'><strong>Ducis</strong></span> <span class='ocrx_word' id='word_1_169' title='bbox 440 2095 538 2169; x_wconf 73' lang='lat' dir='ltr'><strong>venit,</strong></span> <span class='ocrx_word' id='word_1_170' title='bbox 555 2098 656 2177; x_wconf 72' lang='lat' dir='ltr'><strong>operte</strong></span> <span class='ocrx_word' id='word_1_171' title='bbox 677 2095 784 2156; x_wconf 84' lang='lat' dir='ltr'><strong>falsum</strong></span> <span class='ocrx_word' id='word_1_172' title='bbox 802 2114 876 2172; x_wconf 84' lang='lat' dir='ltr'><strong>esse,</strong></span> <span class='ocrx_word' id='word_1_173' title='bbox 890 2116 959 2156; x_wconf 88' lang='lat' dir='ltr'><strong>cum</strong></span> <span class='ocrx_word' id='word_1_174' title='bbox 972 2097 1044 2177; x_wconf 89' lang='lat' dir='ltr'><strong>ipsis</strong></span> <span class='ocrx_word' id='word_1_175' title='bbox 1060 2114 1162 2156; x_wconf 90' lang='lat' dir='ltr'><strong>carnes</strong></span> <span class='ocrx_word' id='word_1_176' title='bbox 1179 2094 1296 2175; x_wconf 80' lang='lat' dir='ltr'><strong>equinae</strong></span> <span class='ocrx_word' id='word_1_177' title='bbox 1317 2092 1430 2154; x_wconf 83' lang='lat' dir='ltr'><strong>fuerint</strong></span> <span class='ocrx_word' id='word_1_178' title='bbox 1446 2095 1521 2154; x_wconf 89' lang='lat' dir='ltr'><strong>snb-</strong></span> 
     </span>
     <span class='ocr_line' id='line_1_20' title="bbox 324 2184 1521 2271; baseline 0 -20"><span class='ocrx_word' id='word_1_179' title='bbox 324 2192 510 2267; x_wconf 73' lang='lat' dir='ltr'><strong>ministrate,</strong></span> <span class='ocrx_word' id='word_1_180' title='bbox 524 2200 585 2253; x_wconf 90' lang='lat' dir='ltr'><strong>tam</strong></span> <span class='ocrx_word' id='word_1_181' title='bbox 599 2191 652 2253; x_wconf 90' lang='lat' dir='ltr'><strong>diu</strong></span> <span class='ocrx_word' id='word_1_182' title='bbox 665 2192 761 2253; x_wconf 88' lang='lat' dir='ltr'><strong>donee</strong></span> <span class='ocrx_word' id='word_1_183' title='bbox 774 2184 806 2251; x_wconf 65' lang='grc' dir='ltr'>ἃ</span> <span class='ocrx_word' id='word_1_184' title='bbox 818 2190 880 2253; x_wconf 89' lang='lat' dir='ltr'><strong>suis</strong></span> <span class='ocrx_word' id='word_1_185' title='bbox 897 2192 957 2252; x_wconf 79' lang='lat' dir='ltr'><strong>illoe</strong></span> <span class='ocrx_word' id='word_1_186' title='bbox 975 2191 1135 2266; x_wconf 82' lang='lat' dir='ltr'><strong>defuerint,</strong></span> <span class='ocrx_word' id='word_1_187' title='bbox 1153 2191 1280 2271; x_wconf 88' lang='lat' dir='ltr'><strong>ideoque</strong></span> <span class='ocrx_word' id='word_1_188' title='bbox 1299 2208 1331 2250; x_wconf 93' lang='lat' dir='ltr'><strong>se</strong></span> <span class='ocrx_word' id='word_1_189' title='bbox 1344 2208 1394 2250; x_wconf 91' lang='lat' dir='ltr'><strong>eos</strong></span> <span class='ocrx_word' id='word_1_190' title='bbox 1412 2190 1521 2251; x_wconf 90' lang='lat' dir='ltr'><strong>mitius</strong></span> 
     </span>
     <span class='ocr_line' id='line_1_21' title="bbox 324 2286 1104 2370; baseline 0.001 -23"><span class='ocrx_word' id='word_1_191' title='bbox 324 2294 449 2347; x_wconf 84' lang='lat' dir='ltr'><strong>tractare</strong></span> <span class='ocrx_word' id='word_1_192' title='bbox 463 2295 536 2347; x_wconf 90' lang='lat' dir='ltr'><strong>tuno</strong></span> <span class='ocrx_word' id='word_1_193' title='bbox 548 2307 603 2368; x_wconf 92' lang='lat' dir='ltr'><strong>pro</strong></span> <span class='ocrx_word' id='word_1_194' title='bbox 614 2286 755 2368; x_wconf 90' lang='lat' dir='ltr'><strong>temporis</strong></span> <span class='ocrx_word' id='word_1_195' title='bbox 767 2287 879 2369; x_wconf 74' lang='lat' dir='ltr'><strong>injurii</strong></span> <span class='ocrx_word' id='word_1_196' title='bbox 890 2308 951 2348; x_wconf 88' lang='lat' dir='ltr'><strong>non</strong></span> <span class='ocrx_word' id='word_1_197' title='bbox 964 2289 1104 2370; x_wconf 88' lang='lat' dir='ltr'><strong>potuisse.</strong></span> 
     </span>
    </p>

    <p class='ocr_par' dir='ltr' id='par_1_4' title="bbox 323 2381 1520 3230">
     <span class='ocr_line' id='line_1_22' title="bbox 358 2381 1520 2463; baseline 0.001 -21"><span class='ocrx_word' id='word_1_198' title='bbox 358 2382 434 2443; x_wconf 88' lang='lat' dir='ltr'><strong>Post</strong></span> <span class='ocrx_word' id='word_1_199' title='bbox 443 2383 645 2444; x_wconf 84' lang='lat' dir='ltr'><strong>Reinaohium</strong></span> <span class='ocrx_word' id='word_1_200' title='bbox 654 2383 840 2445; x_wconf 82' lang='lat' dir='ltr'><strong>Brisocensis</strong></span> <span class='ocrx_word' id='word_1_201' title='bbox 849 2383 1063 2456; x_wconf 74' lang='lat' dir='ltr'><strong>cancellarius,</strong></span> <span class='ocrx_word' id='word_1_202' title='bbox 1077 2385 1227 2445; x_wconf 90' lang='lat' dir='ltr'><strong>Dominus</strong></span> <span class='ocrx_word' id='word_1_203' title='bbox 1235 2381 1407 2444; x_wconf 83' lang='lat' dir='ltr'><strong>Volmarius</strong></span> <span class='ocrx_word' id='word_1_204' title='bbox 1424 2383 1520 2463; x_wconf 91' lang='lat' dir='ltr'><strong>pullis</strong></span> 
     </span>
     <span class='ocr_line' id='line_1_23' title="bbox 325 2478 1518 2561; baseline 0 -21"><span class='ocrx_word' id='word_1_205' title='bbox 325 2479 455 2540; x_wconf 85' lang='lat' dir='ltr'><strong>vestibus</strong></span> <span class='ocrx_word' id='word_1_206' title='bbox 472 2479 606 2553; x_wconf 88' lang='lat' dir='ltr'><strong>indutus,</strong></span> <span class='ocrx_word' id='word_1_207' title='bbox 621 2478 765 2541; x_wconf 87' lang='lat' dir='ltr'><strong>bacillum</strong></span> <span class='ocrx_word' id='word_1_208' title='bbox 783 2499 874 2540; x_wconf 85' lang='lat' dir='ltr'><strong>mauu</strong></span> <span class='ocrx_word' id='word_1_209' title='bbox 889 2479 1048 2561; x_wconf 82' lang='lat' dir='ltr'><strong>praeferens</strong></span> <span class='ocrx_word' id='word_1_210' title='bbox 1066 2480 1105 2541; x_wconf 86' lang='lat' dir='ltr'><strong>ad</strong></span> <span class='ocrx_word' id='word_1_211' title='bbox 1120 2479 1238 2541; x_wconf 85' lang='lat' dir='ltr'><strong>Ducem</strong></span> <span class='ocrx_word' id='word_1_212' title='bbox 1252 2479 1384 2554; x_wconf 88' lang='lat' dir='ltr'><strong>accessit,</strong></span> <span class='ocrx_word' id='word_1_213' title='bbox 1398 2480 1518 2560; x_wconf 86' lang='lat' dir='ltr'><strong>ipsique</strong></span> 
     </span>
     <span class='ocr_line' id='line_1_24' title="bbox 323 2574 1519 2657; baseline 0.001 -21"><span class='ocrx_word' id='word_1_214' title='bbox 323 2582 369 2636; x_wconf 89' lang='lat' dir='ltr'><strong>ter</strong></span> <span class='ocrx_word' id='word_1_215' title='bbox 382 2575 414 2635; x_wconf 93' lang='lat' dir='ltr'><strong>in</strong></span> <span class='ocrx_word' id='word_1_216' title='bbox 430 2595 528 2657; x_wconf 84' lang='lat' dir='ltr'><strong>genua</strong></span> <span class='ocrx_word' id='word_1_217' title='bbox 543 2574 716 2656; x_wconf 87' lang='lat' dir='ltr'><strong>provolutus</strong></span> <span class='ocrx_word' id='word_1_218' title='bbox 730 2576 856 2657; x_wconf 85' lang='lat' dir='ltr'><strong>supplex</strong></span> <span class='ocrx_word' id='word_1_219' title='bbox 871 2575 966 2637; x_wconf 83' lang='lat' dir='ltr'><strong>factus</strong></span> <span class='ocrx_word' id='word_1_220' title='bbox 982 2585 1036 2650; x_wconf 86' lang='lat' dir='ltr'><strong>est,</strong></span> <span class='ocrx_word' id='word_1_221' title='bbox 1045 2576 1187 2657; x_wconf 88' lang='lat' dir='ltr'><strong>petiitque</strong></span> <span class='ocrx_word' id='word_1_222' title='bbox 1204 2575 1261 2636; x_wconf 90' lang='lat' dir='ltr'><strong>sibi</strong></span> <span class='ocrx_word' id='word_1_223' title='bbox 1281 2575 1397 2656; x_wconf 90' lang='lat' dir='ltr'><strong>ignosci</strong></span> <span class='ocrx_word' id='word_1_224' title='bbox 1414 2577 1519 2637; x_wconf 89' lang='lat' dir='ltr'><strong>nescio</strong></span> 
     </span>
     <span class='ocr_line' id='line_1_25' title="bbox 324 2670 1518 2754; baseline 0.002 -23"><span class='ocrx_word' id='word_1_225' title='bbox 324 2670 608 2750; x_wconf 76' lang='lat' dir='ltr'><strong>qnoeverbotemerd</strong></span> <span class='ocrx_word' id='word_1_226' title='bbox 616 2677 647 2731; x_wconf 89' lang='lat' dir='ltr'><strong>et</strong></span> <span class='ocrx_word' id='word_1_227' title='bbox 655 2671 861 2751; x_wconf 88' lang='lat' dir='ltr'><strong>imprudenter</strong></span> <span class='ocrx_word' id='word_1_228' title='bbox 870 2672 902 2733; x_wconf 91' lang='lat' dir='ltr'><strong>in</strong></span> <span class='ocrx_word' id='word_1_229' title='bbox 914 2673 1033 2733; x_wconf 89' lang='lat' dir='ltr'><strong>Dnoem</strong></span> <span class='ocrx_word' id='word_1_230' title='bbox 1042 2681 1152 2754; x_wconf 84' lang='lat' dir='ltr'><strong>egesta.</strong></span> <span class='ocrx_word' id='word_1_231' title='bbox 1175 2670 1324 2732; x_wconf 83' lang='lat' dir='ltr'><strong>OniDux.</strong></span> <span class='ocrx_word' id='word_1_232' title='bbox 1348 2671 1518 2752; x_wconf 83' lang='lat' dir='ltr'><strong>Sequidem</strong></span> 
     </span>
     <span class='ocr_line' id='line_1_26' title="bbox 324 2765 1518 2847; baseline 0.003 -20"><span class='ocrx_word' id='word_1_233' title='bbox 324 2765 520 2828; x_wconf 85' lang='lat' dir='ltr'><strong>sufficientem</strong></span> <span class='ocrx_word' id='word_1_234' title='bbox 528 2765 637 2827; x_wconf 83' lang='lat' dir='ltr'><strong>hebere</strong></span> <span class='ocrx_word' id='word_1_235' title='bbox 647 2786 778 2842; x_wconf 86' lang='lat' dir='ltr'><strong>oausam,</strong></span> <span class='ocrx_word' id='word_1_236' title='bbox 789 2767 887 2828; x_wconf 78' lang='lat' dir='ltr'><strong>acrius</strong></span> <span class='ocrx_word' id='word_1_237' title='bbox 895 2767 927 2828; x_wconf 87' lang='lat' dir='ltr'><strong>in</strong></span> <span class='ocrx_word' id='word_1_238' title='bbox 939 2768 1036 2847; x_wconf 89' lang='lat' dir='ltr'><strong>ipsum</strong></span> <span class='ocrx_word' id='word_1_239' title='bbox 1045 2767 1314 2840; x_wconf 84' lang='lat' dir='ltr'><strong>animadvertendi,</strong></span> <span class='ocrx_word' id='word_1_240' title='bbox 1324 2769 1416 2829; x_wconf 89' lang='lat' dir='ltr'><strong>sedse</strong></span> <span class='ocrx_word' id='word_1_241' title='bbox 1425 2769 1518 2830; x_wconf 91' lang='lat' dir='ltr'><strong>modo</strong></span> 
     </span>
     <span class='ocr_line' id='line_1_27' title="bbox 323 2861 1517 2945; baseline 0.003 -22"><span class='ocrx_word' id='word_1_242' title='bbox 323 2862 486 2944; x_wconf 86' lang='lat' dir='ltr'><strong>ignoscere,</strong></span> <span class='ocrx_word' id='word_1_243' title='bbox 496 2863 613 2924; x_wconf 78' lang='lat' dir='ltr'><strong>videret</strong></span> <span class='ocrx_word' id='word_1_244' title='bbox 620 2861 708 2944; x_wconf 79' lang='lat' dir='ltr'><strong>porro</strong></span> <span class='ocrx_word' id='word_1_245' title='bbox 718 2862 781 2945; x_wconf 89' lang='lat' dir='ltr'><strong>ipse</strong></span> <span class='ocrx_word' id='word_1_246' title='bbox 792 2872 827 2924; x_wconf 89' lang='lat' dir='ltr'><strong>ut</strong></span> <span class='ocrx_word' id='word_1_247' title='bbox 835 2863 1025 2944; x_wconf 87' lang='lat' dir='ltr'><strong>imposterum</strong></span> <span class='ocrx_word' id='word_1_248' title='bbox 1034 2864 1196 2925; x_wconf 79' lang='lat' dir='ltr'><strong>cautiusde</strong></span> <span class='ocrx_word' id='word_1_249' title='bbox 1209 2862 1402 2943; x_wconf 89' lang='lat' dir='ltr'><strong>Principibus</strong></span> <span class='ocrx_word' id='word_1_250' title='bbox 1413 2865 1517 2945; x_wconf 87' lang='lat' dir='ltr'><strong>loque·</strong></span> 
     </span>
     <span class='ocr_line' id='line_1_28' title="bbox 324 2957 1518 3041; baseline 0.004 -23"><span class='ocrx_word' id='word_1_251' title='bbox 324 2967 415 3020; x_wconf 84' lang='lat' dir='ltr'><strong>retur.</strong></span> <span class='ocrx_word' id='word_1_252' title='bbox 456 2957 645 3020; x_wconf 79' lang='lat' dir='ltr'><strong>Colonellum</strong></span> <span class='ocrx_word' id='word_1_253' title='bbox 667 2977 786 3039; x_wconf 89' lang='lat' dir='ltr'><strong>quoque</strong></span> <span class='ocrx_word' id='word_1_254' title='bbox 801 2958 915 3020; x_wconf 87' lang='lat' dir='ltr'><strong>Escher</strong></span> <span class='ocrx_word' id='word_1_255' title='bbox 928 2958 1059 3039; x_wconf 87' lang='lat' dir='ltr'><strong>aliosque</strong></span> <span class='ocrx_word' id='word_1_256' title='bbox 1070 2959 1229 3020; x_wconf 87' lang='lat' dir='ltr'><strong>nonnullos</strong></span> <span class='ocrx_word' id='word_1_257' title='bbox 1239 2959 1462 3041; x_wconf 88' lang='lat' dir='ltr'><strong>perhumaniter</strong></span> <span class='ocrx_word' id='word_1_258' title='bbox 1472 2971 1518 3023; x_wconf 90' lang='lat' dir='ltr'><strong>est</strong></span> 
     </span>
     <span class='ocr_line' id='line_1_29' title="bbox 325 3053 1517 3131; baseline 0.003 -16"><span class='ocrx_word' id='word_1_259' title='bbox 325 3053 481 3131; x_wconf 87' lang='lat' dir='ltr'><strong>allocutus,</strong></span> <span class='ocrx_word' id='word_1_260' title='bbox 500 3055 695 3117; x_wconf 83' lang='lat' dir='ltr'><strong>constantiam</strong></span> <span class='ocrx_word' id='word_1_261' title='bbox 716 3064 746 3118; x_wconf 89' lang='lat' dir='ltr'><strong>et</strong></span> <span class='ocrx_word' id='word_1_262' title='bbox 762 3054 969 3117; x_wconf 78' lang='lat' dir='ltr'><strong>tortitudinem</strong></span> <span class='ocrx_word' id='word_1_263' title='bbox 987 3075 1089 3116; x_wconf 86' lang='lat' dir='ltr'><strong>eorum</strong></span> <span class='ocrx_word' id='word_1_264' title='bbox 1110 3056 1140 3117; x_wconf 93' lang='lat' dir='ltr'><strong>in</strong></span> <span class='ocrx_word' id='word_1_265' title='bbox 1159 3055 1241 3117; x_wconf 70' lang='lat' dir='ltr'><strong>tantd</strong></span> <span class='ocrx_word' id='word_1_266' title='bbox 1256 3075 1356 3116; x_wconf 87' lang='lat' dir='ltr'><strong>rerum</strong></span> <span class='ocrx_word' id='word_1_267' title='bbox 1379 3057 1517 3118; x_wconf 91' lang='lat' dir='ltr'><strong>omnium</strong></span> 
     </span>
     <span class='ocr_line' id='line_1_30' title="bbox 324 3149 798 3230; baseline 0.002 -21"><span class='ocrx_word' id='word_1_268' title='bbox 324 3149 449 3230; x_wconf 77' lang='lat' dir='ltr'><strong>penurid</strong></span> <span class='ocrx_word' id='word_1_269' title='bbox 462 3149 650 3212; x_wconf 86' lang='lat' dir='ltr'><strong>vehementer</strong></span> <span class='ocrx_word' id='word_1_270' title='bbox 660 3151 798 3212; x_wconf 88' lang='lat' dir='ltr'><strong>laudans.</strong></span> 
     </span>
    </p>

    <p class='ocr_par' dir='ltr' id='par_1_5' title="bbox 323 3244 1516 3712">
     <span class='ocr_line' id='line_1_31' title="bbox 361 3244 1516 3330; baseline 0.004 -26"><span class='ocrx_word' id='word_1_271' title='bbox 361 3244 522 3306; x_wconf 78' lang='lat' dir='ltr'><strong>Tormenta</strong></span> <span class='ocrx_word' id='word_1_272' title='bbox 529 3247 644 3328; x_wconf 79' lang='lat' dir='ltr'><strong>majora</strong></span> <span class='ocrx_word' id='word_1_273' title='bbox 650 3247 872 3329; x_wconf 81' lang='lat' dir='ltr'><strong>bellicoquoein</strong></span> <span class='ocrx_word' id='word_1_274' title='bbox 888 3247 1158 3323; x_wconf 84' lang='lat' dir='ltr'><strong>urbereliotssunt,</strong></span> <span class='ocrx_word' id='word_1_275' title='bbox 1169 3256 1290 3309; x_wconf 90' lang='lat' dir='ltr'><strong>centnm</strong></span> <span class='ocrx_word' id='word_1_276' title='bbox 1300 3247 1410 3330; x_wconf 84' lang='lat' dir='ltr'><strong>viginti</strong></span> <span class='ocrx_word' id='word_1_277' title='bbox 1427 3249 1516 3329; x_wconf 92' lang='lat' dir='ltr'><strong>quin·</strong></span> 
     </span>
     <span class='ocr_line' id='line_1_32' title="bbox 325 3338 1516 3424; baseline 0.005 -24"><span class='ocrx_word' id='word_1_278' title='bbox 325 3360 383 3421; x_wconf 89' lang='lat' dir='ltr'><strong>que</strong></span> <span class='ocrx_word' id='word_1_279' title='bbox 396 3338 527 3414; x_wconf 79' lang='lat' dir='ltr'><strong>fuerunt,</strong></span> <span class='ocrx_word' id='word_1_280' title='bbox 538 3351 736 3423; x_wconf 68' lang='lat' dir='ltr'><strong>pretereaex</strong></span> <span class='ocrx_word' id='word_1_281' title='bbox 745 3343 853 3423; x_wconf 90' lang='lat' dir='ltr'><strong>quibus</strong></span> <span class='ocrx_word' id='word_1_282' title='bbox 864 3341 952 3424; x_wconf 87' lang='lat' dir='ltr'><strong>igniti</strong></span> <span class='ocrx_word' id='word_1_283' title='bbox 960 3342 1042 3424; x_wconf 86' lang='lat' dir='ltr'><strong>globi</strong></span> <span class='ocrx_word' id='word_1_284' title='bbox 1050 3343 1147 3404; x_wconf 89' lang='lat' dir='ltr'><strong>emitti</strong></span> <span class='ocrx_word' id='word_1_285' title='bbox 1156 3353 1383 3405; x_wconf 83' lang='lat' dir='ltr'><strong>consueverunt.</strong></span> <span class='ocrx_word' id='word_1_286' title='bbox 1406 3342 1516 3415; x_wconf 86' lang='lat' dir='ltr'><strong>Quoad</strong></span> 
     </span>
     <span class='ocr_line' id='line_1_33' title="bbox 325 3435 1512 3518; baseline 0.003 -22"><span class='ocrx_word' id='word_1_287' title='bbox 325 3435 479 3517; x_wconf 81' lang='lat' dir='ltr'><strong>pulverem</strong></span> <span class='ocrx_word' id='word_1_288' title='bbox 506 3438 626 3517; x_wconf 82' lang='lat' dir='ltr'><strong>pyrinm</strong></span> <span class='ocrx_word' id='word_1_289' title='bbox 647 3439 800 3518; x_wconf 89' lang='lat' dir='ltr'><strong>aliumque</strong></span> <span class='ocrx_word' id='word_1_290' title='bbox 819 3446 994 3518; x_wconf 83' lang='lat' dir='ltr'><strong>apparatum</strong></span> <span class='ocrx_word' id='word_1_291' title='bbox 1010 3438 1162 3515; x_wconf 92' lang='lat' dir='ltr'><strong>bellicum,</strong></span> <span class='ocrx_word' id='word_1_292' title='bbox 1179 3440 1271 3501; x_wconf 91' lang='lat' dir='ltr'><strong>nullis</strong></span> <span class='ocrx_word' id='word_1_293' title='bbox 1290 3439 1349 3502; x_wconf 82' lang='lat' dir='ltr'><strong>tuit</strong></span> <span class='ocrx_word' id='word_1_294' title='bbox 1367 3440 1512 3513; x_wconf 85' lang='lat' dir='ltr'><strong>defectus,</strong></span> 
     </span>
     <span class='ocr_line' id='line_1_34' title="bbox 324 3529 1513 3613; baseline 0.002 -20"><span class='ocrx_word' id='word_1_295' title='bbox 324 3529 546 3610; x_wconf 84' lang='lat' dir='ltr'><strong>suffecissetqne</strong></span> <span class='ocrx_word' id='word_1_296' title='bbox 557 3532 834 3613; x_wconf 84' lang='lat' dir='ltr'><strong>adprotrahendam</strong></span> <span class='ocrx_word' id='word_1_297' title='bbox 844 3532 1025 3595; x_wconf 89' lang='lat' dir='ltr'><strong>deditionem</strong></span> <span class='ocrx_word' id='word_1_298' title='bbox 1041 3536 1072 3594; x_wconf 93' lang='lat' dir='ltr'><strong>in</strong></span> <span class='ocrx_word' id='word_1_299' title='bbox 1082 3536 1191 3598; x_wconf 91' lang='lat' dir='ltr'><strong>multos</strong></span> <span class='ocrx_word' id='word_1_300' title='bbox 1198 3536 1297 3599; x_wconf 87' lang='lat' dir='ltr'><strong>adbuc</strong></span> <span class='ocrx_word' id='word_1_301' title='bbox 1306 3555 1430 3598; x_wconf 85' lang='lat' dir='ltr'><strong>mensos.</strong></span> <span class='ocrx_word' id='word_1_302' title='bbox 1441 3534 1513 3596; x_wconf 83' lang='lat' dir='ltr'><strong>Sola</strong></span> 
     </span>
     <span class='ocr_line' id='line_1_35' title="bbox 323 3627 1073 3712; baseline 0.003 -24"><span class='ocrx_word' id='word_1_303' title='bbox 323 3627 409 3708; x_wconf 89' lang='lat' dir='ltr'><strong>panis</strong></span> <span class='ocrx_word' id='word_1_304' title='bbox 421 3636 638 3691; x_wconf 81' lang='lat' dir='ltr'><strong>commestusve</strong></span> <span class='ocrx_word' id='word_1_305' title='bbox 651 3629 776 3710; x_wconf 87' lang='lat' dir='ltr'><strong>penuria</strong></span> <span class='ocrx_word' id='word_1_306' title='bbox 788 3648 854 3690; x_wconf 85' lang='lat' dir='ltr'><strong>eam</strong></span> <span class='ocrx_word' id='word_1_307' title='bbox 867 3629 1073 3712; x_wconf 71' lang='lat' dir='ltr'><strong>precipitavit.</strong></span> 
     </span>
    </p>
   </div>
   <div class='ocr_carea' id='block_1_3' title="bbox 0 0 1618 4700">
    <p class='ocr_par' dir='ltr' id='par_1_6' title="bbox 0 0 1618 4700">
     <span class='ocr_line' id='line_1_36' title="bbox 0 0 1618 4700; baseline 0 3"><span class='ocrx_word' id='word_1_308' title='bbox 0 0 1618 4700; x_wconf 95' lang='lat' dir='ltr'><strong> </strong></span> 
     </span>
    </p>
   </div>
  </div>
 </body>
</html>
