<?xml version="1.0" encoding="UTF-8"?>
<!DOCTYPE html PUBLIC "-//W3C//DTD XHTML 1.0 Transitional//EN"
    "http://www.w3.org/TR/xhtml1/DTD/xhtml1-transitional.dtd">
<html xmlns="http://www.w3.org/1999/xhtml" xml:lang="en" lang="en">
 <head>
  <title>
</title>
<meta http-equiv="Content-Type" content="text/html;charset=utf-8" />
  <meta name='ocr-system' content='tesseract 3.04.00' />
  <meta name='ocr-capabilities' content='ocr_page ocr_carea ocr_par ocr_line ocrx_word'/>
</head>
<body>
  <div class='ocr_page' id='page_1' title='image "./itinerariumthom00kerngoog_0657.png"; bbox 0 0 3225 4700; ppageno 0'>
   <div class='ocr_carea' id='block_1_1' title="bbox 521 334 1314 405">
    <p class='ocr_par' dir='ltr' id='par_1_1' title="bbox 521 334 1314 405">
     <span class='ocr_line' id='line_1_1' title="bbox 521 334 1314 405; baseline -0.003 -3"><span class='ocrx_word' id='word_1_1' title='bbox 521 334 934 405; x_wconf 81' lang='lat' dir='ltr'>ITINERARIUM.</span> <span class='ocrx_word' id='word_1_2' title='bbox 1250 337 1314 402; x_wconf 80' lang='lat'>395</span> 
     </span>
    </p>
   </div>
   <div class='ocr_carea' id='block_1_2' title="bbox 99 483 1315 2315">
    <p class='ocr_par' dir='ltr' id='par_1_2' title="bbox 99 483 1311 666">
     <span class='ocr_line' id='line_1_2' title="bbox 99 483 1311 569; baseline 0.002 -25"><span class='ocrx_word' id='word_1_3' title='bbox 99 483 277 548; x_wconf 82' lang='lat' dir='ltr'>catholicos</span> <span class='ocrx_word' id='word_1_4' title='bbox 289 488 380 569; x_wconf 76' lang='lat' dir='ltr'>quhrn</span> <span class='ocrx_word' id='word_1_5' title='bbox 391 508 497 549; x_wconf 89' lang='lat' dir='ltr'>sorum</span> <span class='ocrx_word' id='word_1_6' title='bbox 510 487 705 563; x_wconf 87' lang='lat' dir='ltr'>adversarios,</span> <span class='ocrx_word' id='word_1_7' title='bbox 721 488 762 548; x_wconf 92' lang='lat' dir='ltr'>ita</span> <span class='ocrx_word' id='word_1_8' title='bbox 775 496 809 549; x_wconf 88' lang='lat' dir='ltr'>ut</span> <span class='ocrx_word' id='word_1_9' title='bbox 821 507 1012 569; x_wconf 84' lang='lat' dir='ltr'>nequaquam</span> <span class='ocrx_word' id='word_1_10' title='bbox 1031 508 1062 549; x_wconf 93' lang='lat' dir='ltr'>se</span> <span class='ocrx_word' id='word_1_11' title='bbox 1076 486 1222 549; x_wconf 81' lang='lat' dir='ltr'><strong>hostiliter</strong></span> <span class='ocrx_word' id='word_1_12' title='bbox 1238 507 1311 568; x_wconf 90' lang='lat' dir='ltr'>quo·</span> 
     </span>
     <span class='ocr_line' id='line_1_3' title="bbox 102 583 433 666; baseline 0.015 -24"><span class='ocrx_word' id='word_1_13' title='bbox 102 583 268 661; x_wconf 90' lang='lat' dir='ltr'>quomodo</span> <span class='ocrx_word' id='word_1_14' title='bbox 278 585 433 666; x_wconf 87' lang='lat' dir='ltr'>impetant.</span> 
     </span>
    </p>

    <p class='ocr_par' dir='ltr' id='par_1_3' title="bbox 106 678 1311 839">
     <span class='ocr_line' id='line_1_4' title="bbox 158 678 1311 766; baseline 0.003 -28"><span class='ocrx_word' id='word_1_15' title='bbox 158 678 206 740; x_wconf 90' lang='lat' dir='ltr'>II.</span> <span class='ocrx_word' id='word_1_16' title='bbox 231 680 346 744; x_wconf 87' lang='lat' dir='ltr'>Itinera</span> <span class='ocrx_word' id='word_1_17' title='bbox 361 692 392 743; x_wconf 91' lang='lat' dir='ltr'>et</span> <span class='ocrx_word' id='word_1_18' title='bbox 409 682 627 766; x_wconf 83' lang='lat' dir='ltr'>navigationes,</span> <span class='ocrx_word' id='word_1_19' title='bbox 645 681 703 744; x_wconf 89' lang='lat' dir='ltr'>boc</span> <span class='ocrx_word' id='word_1_20' title='bbox 721 691 767 744; x_wconf 84' lang='lat' dir='ltr'>est</span> <span class='ocrx_word' id='word_1_21' title='bbox 780 683 957 744; x_wconf 83' lang='lat' dir='ltr'>commertia</span> <span class='ocrx_word' id='word_1_22' title='bbox 973 691 1050 743; x_wconf 87' lang='lat' dir='ltr'>terra</span> <span class='ocrx_word' id='word_1_23' title='bbox 1067 682 1202 764; x_wconf 86' lang='lat' dir='ltr'>marique</span> <span class='ocrx_word' id='word_1_24' title='bbox 1219 680 1311 742; x_wconf 74' lang='lat' dir='ltr'>libera</span> 
     </span>
     <span class='ocr_line' id='line_1_5' title="bbox 106 789 320 839; baseline 0.014 -3"><span class='ocrx_word' id='word_1_25' title='bbox 106 789 320 839; x_wconf 81' lang='lat' dir='ltr'><strong>exerceantur.</strong></span> 
     </span>
    </p>

    <p class='ocr_par' dir='ltr' id='par_1_4' title="bbox 106 873 1315 1154">
     <span class='ocr_line' id='line_1_6' title="bbox 158 873 1313 958; baseline 0.002 -25"><span class='ocrx_word' id='word_1_26' title='bbox 158 873 227 935; x_wconf 91' lang='lat' dir='ltr'><strong>III.</strong></span> <span class='ocrx_word' id='word_1_27' title='bbox 248 875 405 950; x_wconf 81' lang='lat' dir='ltr'>Civitates,</span> <span class='ocrx_word' id='word_1_28' title='bbox 426 877 609 939; x_wconf 76' lang='lat' dir='ltr'>munitiones</span> <span class='ocrx_word' id='word_1_29' title='bbox 628 877 746 958; x_wconf 85' lang='lat' dir='ltr'>aliaque</span> <span class='ocrx_word' id='word_1_30' title='bbox 767 875 833 937; x_wconf 83' lang='lat' dir='ltr'>loca</span> <span class='ocrx_word' id='word_1_31' title='bbox 857 875 929 938; x_wconf 85' lang='lat' dir='ltr'>hinc</span> <span class='ocrx_word' id='word_1_32' title='bbox 954 876 1084 956; x_wconf 68' lang='lat' dir='ltr'>indique</span> <span class='ocrx_word' id='word_1_33' title='bbox 1111 885 1256 956; x_wconf 88' lang='lat' dir='ltr'>occupata</span> <span class='ocrx_word' id='word_1_34' title='bbox 1278 884 1313 935; x_wconf 87' lang='lat' dir='ltr'>ut</span> 
     </span>
     <span class='ocr_line' id='line_1_7' title="bbox 106 972 1315 1056; baseline 0.002 -24"><span class='ocrx_word' id='word_1_35' title='bbox 106 972 208 1033; x_wconf 86' lang='lat' dir='ltr'>modb</span> <span class='ocrx_word' id='word_1_36' title='bbox 222 983 292 1034; x_wconf 90' lang='lat' dir='ltr'>sunt</span> <span class='ocrx_word' id='word_1_37' title='bbox 303 975 519 1055; x_wconf 78' lang='lat' dir='ltr'>possessoribus</span> <span class='ocrx_word' id='word_1_38' title='bbox 532 985 689 1036; x_wconf 88' lang='lat' dir='ltr'>maneant:</span> <span class='ocrx_word' id='word_1_39' title='bbox 711 975 853 1056; x_wconf 84' lang='lat' dir='ltr'>praesidia</span> <span class='ocrx_word' id='word_1_40' title='bbox 862 975 935 1035; x_wconf 80' lang='lat' dir='ltr'>verb</span> <span class='ocrx_word' id='word_1_41' title='bbox 951 974 1045 1054; x_wconf 89' lang='lat' dir='ltr'>Regis</span> <span class='ocrx_word' id='word_1_42' title='bbox 1059 973 1184 1054; x_wconf 91' lang='lat' dir='ltr'>imperio</span> <span class='ocrx_word' id='word_1_43' title='bbox 1198 973 1315 1034; x_wconf 85' lang='lat' dir='ltr'>subsint</span> 
     </span>
     <span class='ocr_line' id='line_1_8' title="bbox 108 1069 1145 1154; baseline 0.001 -26"><span class='ocrx_word' id='word_1_44' title='bbox 108 1089 152 1128; x_wconf 88' lang='lat' dir='ltr'>ac</span> <span class='ocrx_word' id='word_1_45' title='bbox 166 1069 279 1130; x_wconf 90' lang='lat' dir='ltr'>nullam</span> <span class='ocrx_word' id='word_1_46' title='bbox 293 1070 486 1132; x_wconf 80' lang='lat' dir='ltr'>hostilitatem</span> <span class='ocrx_word' id='word_1_47' title='bbox 500 1072 695 1154; x_wconf 86' lang='lat' dir='ltr'>imposterum</span> <span class='ocrx_word' id='word_1_48' title='bbox 710 1081 815 1133; x_wconf 89' lang='lat' dir='ltr'>contra</span> <span class='ocrx_word' id='word_1_49' title='bbox 828 1093 859 1134; x_wconf 89' lang='lat' dir='ltr'>se</span> <span class='ocrx_word' id='word_1_50' title='bbox 873 1083 979 1132; x_wconf 89' lang='lat' dir='ltr'>mutuo</span> <span class='ocrx_word' id='word_1_51' title='bbox 991 1079 1145 1131; x_wconf 78' lang='lat' dir='ltr'>attentent.</span> 
     </span>
    </p>

    <p class='ocr_par' dir='ltr' id='par_1_5' title="bbox 110 1165 1310 1346">
     <span class='ocr_line' id='line_1_9' title="bbox 157 1165 1310 1248; baseline -0.003 -21"><span class='ocrx_word' id='word_1_52' title='bbox 157 1167 174 1227; x_wconf 92' lang='lat' dir='ltr'><strong>I</strong></span> <span class='ocrx_word' id='word_1_53' title='bbox 179 1167 217 1227; x_wconf 88' lang='lat' dir='ltr'>V.</span> <span class='ocrx_word' id='word_1_54' title='bbox 240 1167 351 1229; x_wconf 92' lang='lat' dir='ltr'>Nullus</span> <span class='ocrx_word' id='word_1_55' title='bbox 361 1169 491 1230; x_wconf 90' lang='lat' dir='ltr'>militum</span> <span class='ocrx_word' id='word_1_56' title='bbox 505 1169 643 1231; x_wconf 76' lang='lat' dir='ltr'>brexillo</span> <span class='ocrx_word' id='word_1_57' title='bbox 656 1191 711 1231; x_wconf 89' lang='lat' dir='ltr'>suo</span> <span class='ocrx_word' id='word_1_58' title='bbox 720 1169 855 1232; x_wconf 85' lang='lat' dir='ltr'>discedat</span> <span class='ocrx_word' id='word_1_59' title='bbox 868 1169 932 1230; x_wconf 91' lang='lat' dir='ltr'>siue</span> <span class='ocrx_word' id='word_1_60' title='bbox 947 1165 1085 1248; x_wconf 71' lang='lat' dir='ltr'>expressi</span> <span class='ocrx_word' id='word_1_61' title='bbox 1098 1165 1186 1226; x_wconf 75' lang='lat' dir='ltr'>venii</span> <span class='ocrx_word' id='word_1_62' title='bbox 1200 1165 1310 1226; x_wconf 90' lang='lat' dir='ltr'>ducum</span> 
     </span>
     <span class='ocr_line' id='line_1_10' title="bbox 110 1263 289 1346; baseline 0.011 -23"><span class='ocrx_word' id='word_1_63' title='bbox 110 1273 171 1324; x_wconf 88' lang='lat' dir='ltr'>ant</span> <span class='ocrx_word' id='word_1_64' title='bbox 185 1263 289 1346; x_wconf 89' lang='lat' dir='ltr'>Regis.</span> 
     </span>
    </p>

    <p class='ocr_par' dir='ltr' id='par_1_6' title="bbox 110 1359 1312 1639">
     <span class='ocr_line' id='line_1_11' title="bbox 157 1359 1312 1446; baseline -0.003 -25"><span class='ocrx_word' id='word_1_65' title='bbox 157 1360 197 1421; x_wconf 91' lang='lat' dir='ltr'>V.</span> <span class='ocrx_word' id='word_1_66' title='bbox 220 1361 254 1422; x_wconf 85' lang='lat' dir='ltr'>Si</span> <span class='ocrx_word' id='word_1_67' title='bbox 262 1383 300 1423; x_wconf 86' lang='lat' dir='ltr'>ex</span> <span class='ocrx_word' id='word_1_68' title='bbox 307 1362 451 1426; x_wconf 86' lang='lat' dir='ltr'>alterutra</span> <span class='ocrx_word' id='word_1_69' title='bbox 459 1373 543 1446; x_wconf 85' lang='lat' dir='ltr'>purte</span> <span class='ocrx_word' id='word_1_70' title='bbox 550 1363 727 1426; x_wconf 84' lang='lat' dir='ltr'>hostilitates</span> <span class='ocrx_word' id='word_1_71' title='bbox 737 1365 897 1438; x_wconf 84' lang='lat' dir='ltr'>orirentur,</span> <span class='ocrx_word' id='word_1_72' title='bbox 910 1370 1016 1423; x_wconf 84' lang='lat' dir='ltr'>neutra</span> <span class='ocrx_word' id='word_1_73' title='bbox 1027 1379 1095 1441; x_wconf 90' lang='lat' dir='ltr'>pars</span> <span class='ocrx_word' id='word_1_74' title='bbox 1106 1359 1233 1439; x_wconf 85' lang='lat' dir='ltr'>seipsam</span> <span class='ocrx_word' id='word_1_75' title='bbox 1247 1359 1312 1418; x_wconf 88' lang='lat' dir='ltr'>vin-</span> 
     </span>
     <span class='ocr_line' id='line_1_12' title="bbox 110 1456 1312 1542; baseline -0.003 -24"><span class='ocrx_word' id='word_1_76' title='bbox 110 1458 199 1519; x_wconf 88' lang='lat' dir='ltr'>dicet</span> <span class='ocrx_word' id='word_1_77' title='bbox 210 1459 264 1520; x_wconf 89' lang='lat' dir='ltr'>sed</span> <span class='ocrx_word' id='word_1_78' title='bbox 276 1480 340 1521; x_wconf 89' lang='lat' dir='ltr'>rem</span> <span class='ocrx_word' id='word_1_79' title='bbox 353 1471 448 1523; x_wconf 85' lang='lat' dir='ltr'>toturn</span> <span class='ocrx_word' id='word_1_80' title='bbox 461 1461 585 1522; x_wconf 84' lang='lat' dir='ltr'>militari</span> <span class='ocrx_word' id='word_1_81' title='bbox 603 1460 727 1522; x_wconf 89' lang='lat' dir='ltr'>consilio</span> <span class='ocrx_word' id='word_1_82' title='bbox 744 1481 805 1522; x_wconf 85' lang='lat' dir='ltr'>suae</span> <span class='ocrx_word' id='word_1_83' title='bbox 817 1460 924 1542; x_wconf 82' lang='lat' dir='ltr'>Regiae</span> <span class='ocrx_word' id='word_1_84' title='bbox 942 1456 1113 1538; x_wconf 86' lang='lat' dir='ltr'>Majestatis</span> <span class='ocrx_word' id='word_1_85' title='bbox 1132 1474 1312 1538; x_wconf 88' lang='lat' dir='ltr'>cognoscen-</span> 
     </span>
     <span class='ocr_line' id='line_1_13' title="bbox 110 1555 615 1639; baseline 0.006 -24"><span class='ocrx_word' id='word_1_86' title='bbox 110 1555 187 1616; x_wconf 84' lang='lat' dir='ltr'>dum</span> <span class='ocrx_word' id='word_1_87' title='bbox 199 1566 229 1617; x_wconf 89' lang='lat' dir='ltr'>et</span> <span class='ocrx_word' id='word_1_88' title='bbox 242 1557 441 1618; x_wconf 86' lang='lat' dir='ltr'>decidendam</span> <span class='ocrx_word' id='word_1_89' title='bbox 455 1558 615 1639; x_wconf 86' lang='lat' dir='ltr'>permittat.</span> 
     </span>
    </p>

    <p class='ocr_par' dir='ltr' id='par_1_7' title="bbox 110 1651 1313 1932">
     <span class='ocr_line' id='line_1_14' title="bbox 155 1651 1312 1738; baseline -0.002 -26"><span class='ocrx_word' id='word_1_90' title='bbox 155 1651 217 1713; x_wconf 85' lang='lat' dir='ltr'>VI.</span> <span class='ocrx_word' id='word_1_91' title='bbox 239 1652 361 1735; x_wconf 84' lang='lat' dir='ltr'>Captivi</span> <span class='ocrx_word' id='word_1_92' title='bbox 375 1676 411 1714; x_wconf 86' lang='lat' dir='ltr'>ex</span> <span class='ocrx_word' id='word_1_93' title='bbox 426 1674 487 1716; x_wconf 87' lang='lat' dir='ltr'>uns</span> <span class='ocrx_word' id='word_1_94' title='bbox 500 1655 631 1718; x_wconf 86' lang='lat' dir='ltr'>alterave</span> <span class='ocrx_word' id='word_1_95' title='bbox 644 1666 727 1738; x_wconf 84' lang='lat' dir='ltr'>porte</span> <span class='ocrx_word' id='word_1_96' title='bbox 741 1655 820 1717; x_wconf 88' lang='lat' dir='ltr'>intra</span> <span class='ocrx_word' id='word_1_97' title='bbox 829 1665 942 1738; x_wconf 89' lang='lat' dir='ltr'>septem</span> <span class='ocrx_word' id='word_1_98' title='bbox 953 1655 1077 1716; x_wconf 92' lang='lat' dir='ltr'>ornnino</span> <span class='ocrx_word' id='word_1_99' title='bbox 1089 1653 1153 1714; x_wconf 89' lang='lat' dir='ltr'>dies</span> <span class='ocrx_word' id='word_1_100' title='bbox 1165 1651 1250 1712; x_wconf 90' lang='lat' dir='ltr'>liberi</span> <span class='ocrx_word' id='word_1_101' title='bbox 1266 1651 1312 1712; x_wconf 93' lang='lat' dir='ltr'>di·</span> 
     </span>
     <span class='ocr_line' id='line_1_15' title="bbox 110 1749 1313 1834; baseline -0.001 -24"><span class='ocrx_word' id='word_1_102' title='bbox 110 1750 284 1812; x_wconf 86' lang='lat' dir='ltr'>mittentur.</span> <span class='ocrx_word' id='word_1_103' title='bbox 327 1751 418 1824; x_wconf 81' lang='lat' dir='ltr'>Quod</span> <span class='ocrx_word' id='word_1_104' title='bbox 433 1753 526 1833; x_wconf 90' lang='lat' dir='ltr'>siqui</span> <span class='ocrx_word' id='word_1_105' title='bbox 544 1755 691 1834; x_wconf 88' lang='lat' dir='ltr'>majorum</span> <span class='ocrx_word' id='word_1_106' title='bbox 706 1753 866 1814; x_wconf 90' lang='lat' dir='ltr'>criminum</span> <span class='ocrx_word' id='word_1_107' title='bbox 882 1753 924 1814; x_wconf 90' lang='lat' dir='ltr'>rei</span> <span class='ocrx_word' id='word_1_108' title='bbox 942 1751 1149 1812; x_wconf 88' lang='lat' dir='ltr'>detinerentur</span> <span class='ocrx_word' id='word_1_109' title='bbox 1164 1749 1203 1810; x_wconf 90' lang='lat' dir='ltr'>ad</span> <span class='ocrx_word' id='word_1_110' title='bbox 1218 1749 1313 1830; x_wconf 89' lang='lat' dir='ltr'>Regis</span> 
     </span>
     <span class='ocr_line' id='line_1_16' title="bbox 111 1846 1180 1932; baseline -0.002 -26"><span class='ocrx_word' id='word_1_111' title='bbox 111 1847 295 1908; x_wconf 86' lang='lat' dir='ltr'>sententiam</span> <span class='ocrx_word' id='word_1_112' title='bbox 306 1858 336 1909; x_wconf 89' lang='lat' dir='ltr'>et</span> <span class='ocrx_word' id='word_1_113' title='bbox 349 1848 518 1911; x_wconf 88' lang='lat' dir='ltr'>ulteriorem</span> <span class='ocrx_word' id='word_1_114' title='bbox 530 1851 757 1932; x_wconf 87' lang='lat' dir='ltr'>dispositionem</span> <span class='ocrx_word' id='word_1_115' title='bbox 772 1852 803 1910; x_wconf 93' lang='lat' dir='ltr'>iu</span> <span class='ocrx_word' id='word_1_116' title='bbox 819 1849 950 1910; x_wconf 86' lang='lat' dir='ltr'>vinculis</span> <span class='ocrx_word' id='word_1_117' title='bbox 964 1846 1180 1910; x_wconf 87' lang='lat' dir='ltr'>custodiantur.</span> 
     </span>
    </p>

    <p class='ocr_par' dir='ltr' id='par_1_8' title="bbox 112 1941 1313 2315">
     <span class='ocr_line' id='line_1_17' title="bbox 156 1941 1313 2029; baseline -0.004 -23"><span class='ocrx_word' id='word_1_118' title='bbox 156 1944 239 2006; x_wconf 90' lang='lat' dir='ltr'><strong>VII.</strong></span> <span class='ocrx_word' id='word_1_119' title='bbox 261 1945 342 2008; x_wconf 86' lang='lat' dir='ltr'>Casu</span> <span class='ocrx_word' id='word_1_120' title='bbox 355 1967 416 2026; x_wconf 91' lang='lat' dir='ltr'>quo</span> <span class='ocrx_word' id='word_1_121' title='bbox 430 1947 539 2027; x_wconf 82' lang='lat' dir='ltr'>aliquoe</span> <span class='ocrx_word' id='word_1_122' title='bbox 553 1948 717 2029; x_wconf 71' lang='lat' dir='ltr'>provincias</span> <span class='ocrx_word' id='word_1_123' title='bbox 736 1948 826 2008; x_wconf 88' lang='lat' dir='ltr'>ctiam</span> <span class='ocrx_word' id='word_1_124' title='bbox 839 1947 918 2007; x_wconf 91' lang='lat' dir='ltr'>intra</span> <span class='ocrx_word' id='word_1_125' title='bbox 932 1944 1102 2024; x_wconf 87' lang='lat' dir='ltr'>designatos</span> <span class='ocrx_word' id='word_1_126' title='bbox 1115 1942 1180 2002; x_wconf 90' lang='lat' dir='ltr'>dies</span> <span class='ocrx_word' id='word_1_127' title='bbox 1196 1941 1313 2013; x_wconf 90' lang='lat' dir='ltr'>decem,</span> 
     </span>
     <span class='ocr_line' id='line_1_18' title="bbox 112 2039 1312 2125; baseline -0.003 -23"><span class='ocrx_word' id='word_1_128' title='bbox 112 2041 171 2102; x_wconf 87' lang='lat' dir='ltr'>has</span> <span class='ocrx_word' id='word_1_129' title='bbox 184 2041 267 2123; x_wconf 89' lang='lat' dir='ltr'>pacis</span> <span class='ocrx_word' id='word_1_130' title='bbox 280 2043 496 2123; x_wconf 88' lang='lat' dir='ltr'>propositiones</span> <span class='ocrx_word' id='word_1_131' title='bbox 509 2065 569 2104; x_wconf 89' lang='lat' dir='ltr'>non</span> <span class='ocrx_word' id='word_1_132' title='bbox 584 2045 785 2118; x_wconf 73' lang='lat' dir='ltr'>admitterent,</span> <span class='ocrx_word' id='word_1_133' title='bbox 800 2065 858 2125; x_wconf 86' lang='lat' dir='ltr'>pax</span> <span class='ocrx_word' id='word_1_134' title='bbox 872 2040 1066 2103; x_wconf 88' lang='lat' dir='ltr'>nibilominus</span> <span class='ocrx_word' id='word_1_135' title='bbox 1077 2039 1161 2100; x_wconf 85' lang='lat' dir='ltr'>irrita</span> <span class='ocrx_word' id='word_1_136' title='bbox 1171 2059 1230 2099; x_wconf 90' lang='lat' dir='ltr'>non</span> <span class='ocrx_word' id='word_1_137' title='bbox 1242 2059 1312 2099; x_wconf 91' lang='lat' dir='ltr'>cen-</span> 
     </span>
     <span class='ocr_line' id='line_1_19' title="bbox 112 2135 1313 2222; baseline -0.003 -22"><span class='ocrx_word' id='word_1_138' title='bbox 112 2149 232 2200; x_wconf 85' lang='lat' dir='ltr'>seatur:</span> <span class='ocrx_word' id='word_1_139' title='bbox 253 2140 374 2200; x_wconf 86' lang='lat' dir='ltr'>interim</span> <span class='ocrx_word' id='word_1_140' title='bbox 386 2141 552 2221; x_wconf 84' lang='lat' dir='ltr'>pertinaces</span> <span class='ocrx_word' id='word_1_141' title='bbox 561 2140 708 2217; x_wconf 89' lang='lat' dir='ltr'>ejusmodi</span> <span class='ocrx_word' id='word_1_142' title='bbox 719 2141 758 2200; x_wconf 86' lang='lat' dir='ltr'>ud</span> <span class='ocrx_word' id='word_1_143' title='bbox 770 2139 886 2222; x_wconf 85' lang='lat' dir='ltr'>Regem</span> <span class='ocrx_word' id='word_1_144' title='bbox 901 2137 1085 2209; x_wconf 83' lang='lat' dir='ltr'>deferantur,</span> <span class='ocrx_word' id='word_1_145' title='bbox 1099 2135 1313 2217; x_wconf 83' lang='lat' dir='ltr'>cujusjudicio</span> 
     </span>
     <span class='ocr_line' id='line_1_20' title="bbox 115 2235 975 2315; baseline -0.001 -20"><span class='ocrx_word' id='word_1_146' title='bbox 115 2246 149 2296; x_wconf 87' lang='lat' dir='ltr'>et</span> <span class='ocrx_word' id='word_1_147' title='bbox 161 2235 317 2308; x_wconf 86' lang='lat' dir='ltr'>sententia,</span> <span class='ocrx_word' id='word_1_148' title='bbox 334 2235 408 2315; x_wconf 90' lang='lat' dir='ltr'>quid</span> <span class='ocrx_word' id='word_1_149' title='bbox 423 2236 459 2296; x_wconf 87' lang='lat' dir='ltr'>de</span> <span class='ocrx_word' id='word_1_150' title='bbox 472 2235 581 2298; x_wconf 91' lang='lat' dir='ltr'>talibus</span> <span class='ocrx_word' id='word_1_151' title='bbox 594 2237 795 2313; x_wconf 87' lang='lat' dir='ltr'>statuendum,</span> <span class='ocrx_word' id='word_1_152' title='bbox 812 2236 975 2298; x_wconf 74' lang='lat' dir='ltr'>decidatur.</span> 
     </span>
    </p>
   </div>
   <div class='ocr_carea' id='block_1_3' title="bbox 116 2327 1313 2706">
    <p class='ocr_par' dir='ltr' id='par_1_9' title="bbox 116 2327 1313 2706">
     <span class='ocr_line' id='line_1_21' title="bbox 158 2327 1312 2415; baseline -0.003 -22"><span class='ocrx_word' id='word_1_153' title='bbox 158 2329 258 2393; x_wconf 87' lang='lat' dir='ltr'><strong>VIII.</strong></span> <span class='ocrx_word' id='word_1_154' title='bbox 280 2331 423 2393; x_wconf 88' lang='lat' dir='ltr'>Liberum</span> <span class='ocrx_word' id='word_1_155' title='bbox 444 2333 541 2395; x_wconf 90' lang='lat' dir='ltr'>cuivis</span> <span class='ocrx_word' id='word_1_156' title='bbox 560 2344 624 2395; x_wconf 79' lang='lat' dir='ltr'>esto</span> <span class='ocrx_word' id='word_1_157' title='bbox 644 2333 724 2395; x_wconf 87' lang='lat' dir='ltr'>intra</span> <span class='ocrx_word' id='word_1_158' title='bbox 743 2343 855 2415; x_wconf 88' lang='lat' dir='ltr'>septem</span> <span class='ocrx_word' id='word_1_159' title='bbox 876 2332 940 2394; x_wconf 87' lang='lat' dir='ltr'>dies</span> <span class='ocrx_word' id='word_1_160' title='bbox 960 2339 1027 2412; x_wconf 89' lang='lat' dir='ltr'>post</span> <span class='ocrx_word' id='word_1_161' title='bbox 1043 2327 1312 2412; x_wconf 87' lang='lat' dir='ltr'>promulgationem</span> 
     </span>
     <span class='ocr_line' id='line_1_22' title="bbox 116 2427 1312 2511; baseline -0.003 -20"><span class='ocrx_word' id='word_1_162' title='bbox 116 2430 226 2491; x_wconf 91' lang='lat' dir='ltr'>horum</span> <span class='ocrx_word' id='word_1_163' title='bbox 245 2440 402 2511; x_wconf 85' lang='lat' dir='ltr'>pactorum</span> <span class='ocrx_word' id='word_1_164' title='bbox 417 2450 469 2491; x_wconf 90' lang='lat' dir='ltr'>seu</span> <span class='ocrx_word' id='word_1_165' title='bbox 487 2431 723 2511; x_wconf 89' lang='lat' dir='ltr'>propositionum</span> <span class='ocrx_word' id='word_1_166' title='bbox 742 2451 812 2492; x_wconf 87' lang='lat' dir='ltr'>oum</span> <span class='ocrx_word' id='word_1_167' title='bbox 831 2432 969 2492; x_wconf 88' lang='lat' dir='ltr'>omuibus</span> <span class='ocrx_word' id='word_1_168' title='bbox 985 2430 1047 2491; x_wconf 91' lang='lat' dir='ltr'>suis</span> <span class='ocrx_word' id='word_1_169' title='bbox 1066 2429 1151 2490; x_wconf 90' lang='lat' dir='ltr'>bonis</span> <span class='ocrx_word' id='word_1_170' title='bbox 1169 2430 1201 2489; x_wconf 92' lang='lat' dir='ltr'>in</span> <span class='ocrx_word' id='word_1_171' title='bbox 1218 2427 1312 2489; x_wconf 88' lang='lat' dir='ltr'>alium</span> 
     </span>
     <span class='ocr_line' id='line_1_23' title="bbox 116 2525 1313 2609; baseline -0.004 -20"><span class='ocrx_word' id='word_1_172' title='bbox 116 2528 217 2590; x_wconf 87' lang='lat' dir='ltr'>locum</span> <span class='ocrx_word' id='word_1_173' title='bbox 230 2528 474 2609; x_wconf 88' lang='lat' dir='ltr'>transmigrandi,</span> <span class='ocrx_word' id='word_1_174' title='bbox 489 2530 522 2589; x_wconf 90' lang='lat' dir='ltr'>in</span> <span class='ocrx_word' id='word_1_175' title='bbox 542 2548 631 2608; x_wconf 89' lang='lat' dir='ltr'>quem</span> <span class='ocrx_word' id='word_1_176' title='bbox 646 2527 739 2588; x_wconf 85' lang='lat' dir='ltr'>finem</span> <span class='ocrx_word' id='word_1_177' title='bbox 758 2527 835 2589; x_wconf 84' lang='lat' dir='ltr'>salvi</span> <span class='ocrx_word' id='word_1_178' title='bbox 849 2529 1016 2589; x_wconf 88' lang='lat' dir='ltr'>conductus</span> <span class='ocrx_word' id='word_1_179' title='bbox 1030 2528 1056 2588; x_wconf 86' lang='lat' dir='ltr'>si</span> <span class='ocrx_word' id='word_1_180' title='bbox 1074 2546 1134 2608; x_wconf 88' lang='lat' dir='ltr'>qua</span> <span class='ocrx_word' id='word_1_181' title='bbox 1153 2525 1313 2586; x_wconf 90' lang='lat' dir='ltr'>necessarii</span> 
     </span>
     <span class='ocr_line' id='line_1_24' title="bbox 117 2634 744 2706; baseline -0.003 -19"><span class='ocrx_word' id='word_1_182' title='bbox 117 2635 208 2687; x_wconf 88' lang='lat' dir='ltr'>erunt</span> <span class='ocrx_word' id='word_1_183' title='bbox 219 2636 248 2686; x_wconf 91' lang='lat' dir='ltr'>et</span> <span class='ocrx_word' id='word_1_184' title='bbox 260 2634 408 2705; x_wconf 89' lang='lat' dir='ltr'>petentur,</span> <span class='ocrx_word' id='word_1_185' title='bbox 425 2645 572 2705; x_wconf 85' lang='lat' dir='ltr'>nusquam</span> <span class='ocrx_word' id='word_1_186' title='bbox 586 2637 744 2706; x_wconf 82' lang='lat' dir='ltr'>negentur.</span> 
     </span>
    </p>
   </div>
   <div class='ocr_carea' id='block_1_4' title="bbox 116 2721 1313 3097">
    <p class='ocr_par' dir='ltr' id='par_1_10' title="bbox 116 2721 1313 2998">
     <span class='ocr_line' id='line_1_25' title="bbox 160 2721 1313 2803; baseline -0.003 -20"><span class='ocrx_word' id='word_1_187' title='bbox 160 2722 223 2783; x_wconf 88' lang='lat' dir='ltr'>IX.</span> <span class='ocrx_word' id='word_1_188' title='bbox 246 2722 388 2784; x_wconf 88' lang='lat' dir='ltr'>Liberum</span> <span class='ocrx_word' id='word_1_189' title='bbox 403 2733 467 2783; x_wconf 86' lang='lat' dir='ltr'>esto</span> <span class='ocrx_word' id='word_1_190' title='bbox 480 2722 636 2783; x_wconf 84' lang='lat' dir='ltr'>catholicis</span> <span class='ocrx_word' id='word_1_191' title='bbox 652 2722 766 2803; x_wconf 88' lang='lat' dir='ltr'>legatos</span> <span class='ocrx_word' id='word_1_192' title='bbox 780 2722 820 2782; x_wconf 90' lang='lat' dir='ltr'>ad</span> <span class='ocrx_word' id='word_1_193' title='bbox 834 2722 949 2803; x_wconf 89' lang='lat' dir='ltr'>Regem</span> <span class='ocrx_word' id='word_1_194' title='bbox 965 2722 1093 2794; x_wconf 86' lang='lat' dir='ltr'>mittere,</span> <span class='ocrx_word' id='word_1_195' title='bbox 1109 2721 1161 2801; x_wconf 90' lang='lat' dir='ltr'>qui</span> <span class='ocrx_word' id='word_1_196' title='bbox 1179 2729 1212 2781; x_wconf 88' lang='lat' dir='ltr'>ut</span> <span class='ocrx_word' id='word_1_197' title='bbox 1229 2740 1313 2781; x_wconf 87' lang='lat' dir='ltr'>secu·</span> 
     </span>
     <span class='ocr_line' id='line_1_26' title="bbox 117 2816 1311 2899; baseline -0.004 -19"><span class='ocrx_word' id='word_1_198' title='bbox 117 2820 238 2881; x_wconf 86' lang='lat' dir='ltr'>ritatem</span> <span class='ocrx_word' id='word_1_199' title='bbox 249 2819 429 2893; x_wconf 72' lang='lat' dir='ltr'>habeantet</span> <span class='ocrx_word' id='word_1_200' title='bbox 439 2820 502 2881; x_wconf 86' lang='lat' dir='ltr'>tutb</span> <span class='ocrx_word' id='word_1_201' title='bbox 510 2839 678 2880; x_wconf 89' lang='lat' dir='ltr'>commeare</span> <span class='ocrx_word' id='word_1_202' title='bbox 687 2819 814 2899; x_wconf 88' lang='lat' dir='ltr'>possint,</span> <span class='ocrx_word' id='word_1_203' title='bbox 823 2822 1035 2898; x_wconf 82' lang='lat' dir='ltr'>gubernatores</span> <span class='ocrx_word' id='word_1_204' title='bbox 1043 2829 1073 2880; x_wconf 90' lang='lat' dir='ltr'>et</span> <span class='ocrx_word' id='word_1_205' title='bbox 1083 2816 1223 2879; x_wconf 88' lang='lat' dir='ltr'>officiales</span> <span class='ocrx_word' id='word_1_206' title='bbox 1236 2816 1311 2899; x_wconf 83' lang='lat' dir='ltr'>regii</span> 
     </span>
     <span class='ocr_line' id='line_1_27' title="bbox 116 2915 467 2998; baseline -0.006 -20"><span class='ocrx_word' id='word_1_207' title='bbox 116 2917 201 2978; x_wconf 91' lang='lat' dir='ltr'>omui</span> <span class='ocrx_word' id='word_1_208' title='bbox 212 2936 269 2998; x_wconf 90' lang='lat' dir='ltr'>ope</span> <span class='ocrx_word' id='word_1_209' title='bbox 282 2915 467 2977; x_wconf 86' lang='lat' dir='ltr'>adlaborent.</span> 
     </span>
    </p>

    <p class='ocr_par' dir='ltr' id='par_1_11' title="bbox 159 3009 1311 3097">
     <span class='ocr_line' id='line_1_28' title="bbox 159 3009 1311 3097; baseline -0.004 -22"><span class='ocrx_word' id='word_1_210' title='bbox 159 3015 200 3076; x_wconf 87' lang='lat' dir='ltr'>X.</span> <span class='ocrx_word' id='word_1_211' title='bbox 224 3016 313 3077; x_wconf 92' lang='lat' dir='ltr'>Bona</span> <span class='ocrx_word' id='word_1_212' title='bbox 332 3036 401 3097; x_wconf 79' lang='lat' dir='ltr'>quae</span> <span class='ocrx_word' id='word_1_213' title='bbox 421 3026 488 3097; x_wconf 91' lang='lat' dir='ltr'>post</span> <span class='ocrx_word' id='word_1_214' title='bbox 507 3016 572 3077; x_wconf 80' lang='lat' dir='ltr'>baec</span> <span class='ocrx_word' id='word_1_215' title='bbox 593 3022 682 3095; x_wconf 88' lang='lat' dir='ltr'>pacta</span> <span class='ocrx_word' id='word_1_216' title='bbox 696 3012 806 3074; x_wconf 85' lang='lat' dir='ltr'>alicubi</span> <span class='ocrx_word' id='word_1_217' title='bbox 825 3012 1007 3096; x_wconf 87' lang='lat' dir='ltr'>attingerent</span> <span class='ocrx_word' id='word_1_218' title='bbox 1023 3010 1245 3094; x_wconf 84' lang='lat' dir='ltr'>quamprimum</span> <span class='ocrx_word' id='word_1_219' title='bbox 1264 3009 1311 3071; x_wconf 93' lang='lat' dir='ltr'>di-</span> 
     </span>
    </p>
   </div>
   <div class='ocr_carea' id='block_1_5' title="bbox 116 3113 761 3292">
    <p class='ocr_par' dir='ltr' id='par_1_12' title="bbox 116 3113 761 3292">
     <span class='ocr_line' id='line_1_29' title="bbox 116 3113 284 3176; baseline 0.006 -1"><span class='ocrx_word' id='word_1_220' title='bbox 116 3113 284 3176; x_wconf 88' lang='lat' dir='ltr'>mittentur.</span> 
     </span>
     <span class='ocr_line' id='line_1_30' title="bbox 319 3210 761 3292; baseline -0.002 -21"><span class='ocrx_word' id='word_1_221' title='bbox 319 3210 400 3273; x_wconf 86' lang='lat' dir='ltr'>Haec</span> <span class='ocrx_word' id='word_1_222' title='bbox 409 3219 498 3292; x_wconf 85' lang='lat' dir='ltr'>pacta</span> <span class='ocrx_word' id='word_1_223' title='bbox 510 3210 761 3291; x_wconf 87' lang='lat' dir='ltr'>subscripserunt,</span> 
     </span>
    </p>
   </div>
   <div class='ocr_carea' id='block_1_6' title="bbox 480 3323 1214 3839">
    <p class='ocr_par' dir='ltr' id='par_1_13' title="bbox 480 3323 1214 3839">
     <span class='ocr_line' id='line_1_31' title="bbox 480 3323 799 3386; baseline -0.009 -1"><span class='ocrx_word' id='word_1_224' title='bbox 480 3324 634 3386; x_wconf 71' lang='lat' dir='ltr'>Musonio</span> <span class='ocrx_word' id='word_1_225' title='bbox 649 3323 799 3384; x_wconf 78' lang='lat' dir='ltr'>Ouuouu.</span> 
     </span>
     <span class='ocr_line' id='line_1_32' title="bbox 580 3435 900 3499; baseline -0.016 0"><span class='ocrx_word' id='word_1_226' title='bbox 580 3437 722 3499; x_wconf 80' lang='lat' dir='ltr'>Vrcouru</span> <span class='ocrx_word' id='word_1_227' title='bbox 735 3435 900 3498; x_wconf 81' lang='lat' dir='ltr'>Musuuur.</span> 
     </span>
     <span class='ocr_line' id='line_1_33' title="bbox 686 3544 1127 3612; baseline -0.018 1"><span class='ocrx_word' id='word_1_228' title='bbox 686 3550 790 3612; x_wconf 75' lang='lat' dir='ltr'>Lucis</span> <span class='ocrx_word' id='word_1_229' title='bbox 803 3549 928 3609; x_wconf 84' lang='lat' dir='ltr'>Drunou</span> <span class='ocrx_word' id='word_1_230' title='bbox 944 3544 1127 3607; x_wconf 77' lang='lat' dir='ltr'>Pnuucuur.</span> 
     </span>
     <span class='ocr_line' id='line_1_34' title="bbox 774 3660 1214 3725; baseline -0.011 1"><span class='ocrx_word' id='word_1_231' title='bbox 774 3664 906 3725; x_wconf 82' lang='lat' dir='ltr'>Rousnr</span> <span class='ocrx_word' id='word_1_232' title='bbox 919 3660 1060 3722; x_wconf 79' lang='lat' dir='ltr'>Tsnuoru</span> <span class='ocrx_word' id='word_1_233' title='bbox 1074 3660 1214 3721; x_wconf 73' lang='lat' dir='ltr'>Osanna.</span> 
     </span>
     <span class='ocr_line' id='line_1_35' title="bbox 868 3775 1162 3839; baseline -0.014 0"><span class='ocrx_word' id='word_1_234' title='bbox 868 3777 996 3839; x_wconf 81' lang='lat' dir='ltr'>Gursur</span> <span class='ocrx_word' id='word_1_235' title='bbox 1011 3775 1162 3836; x_wconf 84' lang='lat' dir='ltr'>Buowuu.</span> 
     </span>
    </p>
   </div>
   <div class='ocr_carea' id='block_1_7' title="bbox 0 0 1631 4700">
    <p class='ocr_par' dir='ltr' id='par_1_14' title="bbox 0 0 1631 4700">
     <span class='ocr_line' id='line_1_36' title="bbox 0 0 1631 4700; baseline 0 0"><span class='ocrx_word' id='word_1_236' title='bbox 0 0 1631 4700; x_wconf 95' lang='lat' dir='ltr'> </span> 
     </span>
    </p>
   </div>
  </div>
 </body>
</html>
