3225 4700
509 801 703 876 CAPUT
737 803 869 877 XXX.

186 978 348 1047 Describit
361 983 422 1049 iter
435 993 573 1048 nostrum
588 983 621 1048 in
640 982 832 1049 Comitatum
847 982 1171 1071 Sebuumburgcnaem.

121 1245 136 1270 ν
269 1138 304 1156 ⁴
344 1176 424 1238 OST
451 1176 674 1258 inexplicabiles
701 1187 731 1240 et
754 1177 844 1260 plane
871 1176 1055 1238 miserandas
1081 1174 1275 1251 calamitates,

87 1313 91 1320 f
115 1283 150 1370 f·
361 1272 488 1353 septimo
502 1274 624 1334 taudem
635 1273 713 1335 Maii
721 1274 800 1354 jussi
813 1292 928 1347 sumus,
945 1270 1161 1332 Haunoveram
1173 1292 1276 1333 versus

210 1359 311 1448 „effi”
356 1368 413 1429 iter
426 1378 561 1431 noenum
581 1368 723 1452 dirigere,
738 1390 774 1431 ac
788 1370 920 1430 istincin
940 1368 1116 1429 comitatum
1129 1366 1274 1429 Schaum-

111 1547 122 1558 ”
196 1547 220 1594 ἶ
360 1580 423 1622 esse
434 1562 466 1622 in
476 1560 620 1642 hyberna.
664 1563 723 1637 Ita,
735 1563 866 1645 ingenue
874 1559 978 1633 lector,
986 1560 1154 1622 omniahuc
1165 1561 1272 1623 mnudi

76 1660 257 1733 tempestate
265 1672 393 1731 sursum,
404 1658 553 1733 deorsum,
566 1659 714 1739 quadrata
727 1658 863 1719 rotundis
875 1657 1056 1717 miscentur:
1078 1656 1185 1736 hyeme
1197 1678 1273 1739 pug-

75 1748 218 1809 nandum
241 1759 296 1825 ast,
317 1752 391 1813 dum
413 1760 530 1834 tempus
552 1754 719 1836 appropiat,
742 1774 802 1833 quo
827 1752 928 1834 Reges
952 1753 992 1813 ad
1015 1752 1093 1812 bella
1113 1754 1272 1833 procedere

76 1856 311 1923 consueverunt,
323 1847 353 1907 in
368 1847 509 1929 hybernis
522 1848 775 1911 delitescendum:
796 1868 857 1909 non
871 1857 969 1909 tamen
980 1847 1013 1907 id
1026 1847 1090 1907 sine
1103 1847 1194 1907 causi
1206 1847 1273 1909 fieri

77 1948 178 2019 putes,
188 1954 301 2003 norunt
313 1942 357 2003 illi
371 1963 498 2024 quorum
511 1945 643 2007 interest.
682 1945 786 2007 Solent
794 1946 873 2025 saepe
884 1942 1272 2018 Commissuriiexercitnm,

78 2036 168 2115 quasi
180 2038 340 2100 necessitas
353 2040 386 2101 id
398 2041 510 2122 exigat,
525 2041 556 2101 in
574 2060 681 2123 campo
699 2042 838 2114 retinere,
852 2050 886 2101 ut
898 2040 955 2120 ipsi
970 2060 1007 2100 ex
1019 2038 1162 2119 hybernis
1174 2039 1272 2112 illum,

78 2132 133 2211 qui
155 2132 246 2194 militi
267 2135 434 2217 assignatus
455 2148 528 2213 erat,
548 2136 679 2199 fructum
696 2139 859 2199 demetant.
901 2136 943 2197 Et
963 2135 1021 2215 ipsi
1042 2134 1107 2196 boec
1122 2135 1272 2196 neminem

80 2238 185 2291 notare
195 2230 375 2309 existimant,
384 2252 454 2293 cum
462 2232 528 2295 luce
537 2233 645 2295 clarius
655 2234 822 2296 meridiani
831 2232 993 2294 multorum
1001 2232 1063 2293 doli
1064 2233 1132 2312 jam
1141 2241 1272 2314 pateant.

83 2324 145 2387 Sed
159 2346 227 2408 quar
241 2348 331 2410 supra
341 2348 396 2391 uos
408 2328 485 2391 nibil
494 2330 534 2392 ad
546 2350 612 2404 nos,
627 2330 723 2394 obiter
732 2340 832 2392 tamen
841 2338 931 2411 etper
941 2338 1131 2391 transennam
1139 2329 1272 2412 tetigisse

81 2423 238 2485 veritatem
256 2425 302 2485 nil
318 2426 447 2488 nocebit.
489 2428 543 2487 Ad
559 2427 745 2489 comitatum
763 2427 1074 2508 Subaumburgeusem
1089 2427 1217 2496 mature,
1235 2446 1273 2486 ne

82 2519 181 2580 aestivi
196 2541 251 2581 nos
266 2530 368 2602 postea
385 2521 499 2584 calores
510 2531 637 2605 gravent
656 2523 840 2597 festinemus,
855 2523 909 2583 sed
924 2522 1004 2583 lente
1021 2531 1133 2592 tamen,
1147 2521 1273 2582 neforto

82 2617 166 2678 idem
180 2618 265 2679 nobis
280 2619 363 2699 quod
382 2618 608 2680 Corraschiunae
628 2618 741 2701 legioni
759 2619 888 2680 nimium
903 2616 1093 2694 acceleranti,
1101 2617 1272 2700 contingat.

83 2711 164 2774 Haec
172 2714 251 2774 enim
260 2735 330 2776 cum
339 2715 378 2776 ad
389 2715 518 2776 eundem
529 2715 685 2777 nobiscum
696 2714 794 2776 locum
807 2725 884 2776 esset
893 2715 1050 2790 destinata,
1060 2715 1147 2775 nobis
1159 2714 1272 2790 insciis,

82 2829 198 2870 summo
215 2809 373 2871 Generalis
389 2809 520 2872 Gallassi
534 2810 635 2872 maore
652 2811 780 2873 obtinuit
795 2811 913 2893 copiam
931 2829 987 2872 nos
1002 2809 1219 2892 praeveniendi,
1237 2810 1273 2872 et

84 2904 130 2981 (ni
142 2904 242 2980 fallor)
255 2915 366 2978 mente,
380 2915 414 2968 nt
428 2909 573 2987 optimam
588 2907 645 2970 sibi
662 2907 927 2970 commorationem
943 2906 1097 2989 deligeret,
1112 2915 1142 2967 et
1156 2925 1210 2966 sua
1222 2906 1274 2966 sti·

83 3001 192 3081 pendia
200 3021 253 3062 seu
262 3002 512 3064 contributionum
523 3004 604 3085 prior
614 3012 814 3083 extorqueret,
824 3011 915 3083 atqm
926 3004 966 3064 ad
976 3010 1112 3064 nostrum
1122 3021 1273 3063 accessum

83 3097 126 3158 nil
139 3107 271 3172 restaret,
288 3097 335 3160 sel
348 3098 374 3159 si
388 3099 462 3178 qnid
478 3108 612 3176 restaret,
628 3099 789 3162 difficulter
808 3097 1000 3180 colligeretur
1011 3098 1109 3160 multi
1121 3119 1191 3160 uum
1205 3100 1274 3160 sub-

84 3193 211 3256 ditorum
230 3194 416 3256 difficultate.
460 3195 521 3257 Sed
539 3198 593 3277 qui
606 3197 707 3258 omnia
725 3197 888 3279 prudenter
908 3195 1037 3267 ordinat,
1051 3195 1274 3276 providentissi-

85 3311 149 3352 mus
164 3291 255 3352 Daue
268 3290 412 3372 praeclare
432 3291 587 3374 disposuit,
603 3292 815 3374 strophamqne
831 3291 863 3351 in
884 3291 1019 3371 ipsorum
1037 3291 1155 3351 retorsit
1172 3299 1272 3371 caput,

86 3383 227 3464 iecitque3
251 3392 285 3443 ut
304 3401 440 3444 cursores
463 3383 514 3444 isti
535 3385 618 3466 prius
642 3384 749 3446 fierent
770 3383 875 3464 prada
891 3383 1036 3460 hostibus,
1059 3386 1150 3466 quim
1172 3387 1272 3448 locum

86 3479 262 3541 destinatum
275 3478 494 3562 contingerent.
535 3481 614 3542 Cum
628 3481 709 3541 enim
719 3479 908 3541 adversarius
917 3480 1004 3542 miles
1012 3501 1071 3542 nou
1084 3482 1190 3563 procul
1203 3482 1274 3542 iude

86 3574 202 3636 dissitus
215 3593 268 3655 per
281 3573 480 3655 exploratores
494 3578 638 3652 rescisset,
651 3576 800 3658 legionem
814 3575 907 3636 solam
921 3575 988 3636 illua
999 3577 1062 3637 vias
1071 3577 1274 3648 transituram,

90 3691 151 3731 mox
173 3671 335 3732 emiserunt
358 3671 520 3752 plusculos,
543 3673 595 3753 qui
617 3693 653 3734 ex
675 3672 792 3732 insidiis
812 3683 1010 3752 erumperent,
1029 3682 1060 3734 et
1077 3675 1206 3734 circatam
1225 3675 1274 3735 vel
