<?xml version="1.0" encoding="UTF-8"?>
<!DOCTYPE html PUBLIC "-//W3C//DTD XHTML 1.0 Transitional//EN"
    "http://www.w3.org/TR/xhtml1/DTD/xhtml1-transitional.dtd">
<html xmlns="http://www.w3.org/1999/xhtml" xml:lang="en" lang="en">
 <head>
  <title>
</title>
<meta http-equiv="Content-Type" content="text/html;charset=utf-8" />
  <meta name='ocr-system' content='tesseract 3.04.00' />
  <meta name='ocr-capabilities' content='ocr_page ocr_carea ocr_par ocr_line ocrx_word'/>
</head>
<body>
  <div class='ocr_page' id='page_1' title='image "./itinerariumthom00kerngoog_0673.png"; bbox 0 0 3225 4700; ppageno 0'>
   <div class='ocr_carea' id='block_1_1' title="bbox 486 325 1271 395">
    <p class='ocr_par' dir='ltr' id='par_1_1' title="bbox 486 325 1271 395">
     <span class='ocr_line' id='line_1_1' title="bbox 486 325 1271 395; baseline -0.006 0"><span class='ocrx_word' id='word_1_1' title='bbox 486 328 514 395; x_wconf 93' lang='lat' dir='ltr'><strong><em>I</em></strong></span> <span class='ocrx_word' id='word_1_2' title='bbox 518 326 802 395; x_wconf 80' lang='lat' dir='ltr'><strong><em>TINERARI</em></strong></span> <span class='ocrx_word' id='word_1_3' title='bbox 809 325 894 394; x_wconf 87' lang='lat' dir='ltr'><strong>UM.</strong></span> <span class='ocrx_word' id='word_1_4' title='bbox 1210 327 1271 391; x_wconf 80' lang='lat'><strong>401</strong></span> 
     </span>
    </p>
   </div>
   <div class='ocr_carea' id='block_1_2' title="bbox 10 480 1343 3380">
    <p class='ocr_par' dir='ltr' id='par_1_2' title="bbox 39 480 1343 1320">
     <span class='ocr_line' id='line_1_2' title="bbox 42 480 1270 563; baseline 0.002 -24"><span class='ocrx_word' id='word_1_5' title='bbox 42 491 291 558; x_wconf 85' lang='lat' dir='ltr'><strong>persenserunt.</strong></span> <span class='ocrx_word' id='word_1_6' title='bbox 335 481 395 544; x_wconf 89' lang='lat' dir='ltr'><strong>His</strong></span> <span class='ocrx_word' id='word_1_7' title='bbox 409 484 679 558; x_wconf 88' lang='lat' dir='ltr'><strong>nonobstantibus,</strong></span> <span class='ocrx_word' id='word_1_8' title='bbox 692 483 907 544; x_wconf 82' lang='lat' dir='ltr'><strong>continuarunt</strong></span> <span class='ocrx_word' id='word_1_9' title='bbox 916 480 999 543; x_wconf 86' lang='lat' dir='ltr'><strong>Galli</strong></span> <span class='ocrx_word' id='word_1_10' title='bbox 1010 480 1203 563; x_wconf 76' lang='lat' dir='ltr'><strong>pertinaciter</strong></span> <span class='ocrx_word' id='word_1_11' title='bbox 1216 481 1270 542; x_wconf 93' lang='lat' dir='ltr'><strong>ob·</strong></span> 
     </span>
     <span class='ocr_line' id='line_1_3' title="bbox 39 576 1343 662; baseline 0.002 -27"><span class='ocrx_word' id='word_1_12' title='bbox 39 576 218 640; x_wconf 85' lang='lat' dir='ltr'><strong>sidionem</strong></span> <span class='ocrx_word' id='word_1_13' title='bbox 230 600 361 661; x_wconf 90' lang='lat' dir='ltr'><strong>quorum</strong></span> <span class='ocrx_word' id='word_1_14' title='bbox 374 582 557 662; x_wconf 78' lang='lat' dir='ltr'><strong>gubernator</strong></span> <span class='ocrx_word' id='word_1_15' title='bbox 576 580 636 642; x_wconf 90' lang='lat' dir='ltr'><strong>loci</strong></span> <span class='ocrx_word' id='word_1_16' title='bbox 654 580 855 642; x_wconf 89' lang='lat' dir='ltr'><strong>constantiam</strong></span> <span class='ocrx_word' id='word_1_17' title='bbox 870 578 988 652; x_wconf 81' lang='lat' dir='ltr'><strong>videns,</strong></span> <span class='ocrx_word' id='word_1_18' title='bbox 1007 597 1077 639; x_wconf 87' lang='lat' dir='ltr'><strong>cum</strong></span> <span class='ocrx_word' id='word_1_19' title='bbox 1099 597 1155 639; x_wconf 88' lang='lat' dir='ltr'><strong>nec</strong></span> <span class='ocrx_word' id='word_1_20' title='bbox 1175 577 1270 638; x_wconf 88' lang='lat' dir='ltr'><strong>subsi·</strong></span> <span class='ocrx_word' id='word_1_21' title='bbox 1338 589 1343 597; x_wconf 87' lang='grc'><strong><em>·</em></strong></span> 
     </span>
     <span class='ocr_line' id='line_1_4' title="bbox 41 672 1267 758; baseline 0.002 -25"><span class='ocrx_word' id='word_1_22' title='bbox 41 672 154 734; x_wconf 88' lang='lat' dir='ltr'><strong>dium</strong></span> <span class='ocrx_word' id='word_1_23' title='bbox 168 695 288 756; x_wconf 90' lang='lat' dir='ltr'><strong>sperare</strong></span> <span class='ocrx_word' id='word_1_24' title='bbox 306 687 405 758; x_wconf 90' lang='lat' dir='ltr'><strong>posset</strong></span> <span class='ocrx_word' id='word_1_25' title='bbox 421 697 478 738; x_wconf 86' lang='lat' dir='ltr'><strong>nec</strong></span> <span class='ocrx_word' id='word_1_26' title='bbox 499 677 622 739; x_wconf 88' lang='lat' dir='ltr'><strong>baberet</strong></span> <span class='ocrx_word' id='word_1_27' title='bbox 634 677 716 739; x_wconf 91' lang='lat' dir='ltr'><strong>unde</strong></span> <span class='ocrx_word' id='word_1_28' title='bbox 734 697 822 758; x_wconf 86' lang='lat' dir='ltr'><strong>porro</strong></span> <span class='ocrx_word' id='word_1_29' title='bbox 841 675 997 737; x_wconf 90' lang='lat' dir='ltr'><strong>obsisteret</strong></span> <span class='ocrx_word' id='word_1_30' title='bbox 1009 676 1175 753; x_wconf 87' lang='lat' dir='ltr'><strong>(defecerat</strong></span> <span class='ocrx_word' id='word_1_31' title='bbox 1187 676 1267 736; x_wconf 91' lang='lat' dir='ltr'><strong>enirn</strong></span> 
     </span>
     <span class='ocr_line' id='line_1_5' title="bbox 41 771 1268 855; baseline 0.002 -25"><span class='ocrx_word' id='word_1_32' title='bbox 41 771 245 850; x_wconf 81' lang='lat' dir='ltr'><strong>praesidium</strong></span> <span class='ocrx_word' id='word_1_33' title='bbox 260 793 321 834; x_wconf 89' lang='lat' dir='ltr'><strong>una</strong></span> <span class='ocrx_word' id='word_1_34' title='bbox 333 793 404 834; x_wconf 85' lang='lat' dir='ltr'><strong>euru</strong></span> <span class='ocrx_word' id='word_1_35' title='bbox 421 773 543 854; x_wconf 89' lang='lat' dir='ltr'><strong>pulvere</strong></span> <span class='ocrx_word' id='word_1_36' title='bbox 562 774 663 855; x_wconf 82' lang='lat' dir='ltr'><strong>pyris)</strong></span> <span class='ocrx_word' id='word_1_37' title='bbox 676 773 862 836; x_wconf 89' lang='lat' dir='ltr'><strong>deditionem</strong></span> <span class='ocrx_word' id='word_1_38' title='bbox 876 772 974 833; x_wconf 86' lang='lat' dir='ltr'><strong>faeere</strong></span> <span class='ocrx_word' id='word_1_39' title='bbox 993 783 1115 834; x_wconf 88' lang='lat' dir='ltr'><strong>coactus</strong></span> <span class='ocrx_word' id='word_1_40' title='bbox 1133 782 1185 834; x_wconf 87' lang='lat' dir='ltr'><strong>est.</strong></span> <span class='ocrx_word' id='word_1_41' title='bbox 1229 772 1268 832; x_wconf 93' lang='lat' dir='ltr'><strong>In</strong></span> 
     </span>
     <span class='ocr_line' id='line_1_6' title="bbox 42 867 1268 954; baseline 0.003 -28"><span class='ocrx_word' id='word_1_42' title='bbox 42 867 249 948; x_wconf 81' lang='lat' dir='ltr'><strong>vigesimum</strong></span> <span class='ocrx_word' id='word_1_43' title='bbox 260 869 354 951; x_wconf 83' lang='lat' dir='ltr'><strong>igitur</strong></span> <span class='ocrx_word' id='word_1_44' title='bbox 363 871 523 951; x_wconf 88' lang='lat' dir='ltr'><strong>septimum</strong></span> <span class='ocrx_word' id='word_1_45' title='bbox 535 871 718 953; x_wconf 81' lang='lat' dir='ltr'><strong>Septembris</strong></span> <span class='ocrx_word' id='word_1_46' title='bbox 727 890 880 954; x_wconf 83' lang='lat' dir='ltr'><strong>egressum</strong></span> <span class='ocrx_word' id='word_1_47' title='bbox 890 868 1016 930; x_wconf 88' lang='lat' dir='ltr'><strong>liberum</strong></span> <span class='ocrx_word' id='word_1_48' title='bbox 1030 879 1060 931; x_wconf 86' lang='lat' dir='ltr'><strong>et</strong></span> <span class='ocrx_word' id='word_1_49' title='bbox 1069 869 1268 931; x_wconf 88' lang='lat' dir='ltr'><strong>honorificum</strong></span> 
     </span>
     <span class='ocr_line' id='line_1_7' title="bbox 44 962 1268 1048; baseline 0 -24"><span class='ocrx_word' id='word_1_50' title='bbox 44 975 175 1044; x_wconf 86' lang='lat' dir='ltr'><strong>pactus</strong></span> <span class='ocrx_word' id='word_1_51' title='bbox 197 974 241 1026; x_wconf 92' lang='lat' dir='ltr'><strong>est</strong></span> <span class='ocrx_word' id='word_1_52' title='bbox 263 984 426 1048; x_wconf 88' lang='lat' dir='ltr'><strong>secumque</strong></span> <span class='ocrx_word' id='word_1_53' title='bbox 447 966 600 1028; x_wconf 88' lang='lat' dir='ltr'><strong>Vercellas</strong></span> <span class='ocrx_word' id='word_1_54' title='bbox 621 965 749 1027; x_wconf 86' lang='lat' dir='ltr'><strong>abduxit</strong></span> <span class='ocrx_word' id='word_1_55' title='bbox 768 963 918 1046; x_wconf 92' lang='lat' dir='ltr'><strong>quidquid</strong></span> <span class='ocrx_word' id='word_1_56' title='bbox 943 962 1047 1024; x_wconf 87' lang='lat' dir='ltr'><strong>babuit</strong></span> <span class='ocrx_word' id='word_1_57' title='bbox 1069 965 1268 1046; x_wconf 88' lang='lat' dir='ltr'><strong>impedimen-</strong></span> 
     </span>
     <span class='ocr_line' id='line_1_8' title="bbox 47 1059 1270 1145; baseline 0.003 -25"><span class='ocrx_word' id='word_1_58' title='bbox 47 1071 180 1137; x_wconf 88' lang='lat' dir='ltr'><strong>torum,</strong></span> <span class='ocrx_word' id='word_1_59' title='bbox 194 1082 230 1123; x_wconf 89' lang='lat' dir='ltr'><strong>ac</strong></span> <span class='ocrx_word' id='word_1_60' title='bbox 243 1063 367 1144; x_wconf 76' lang='lat' dir='ltr'><strong>insuper</strong></span> <span class='ocrx_word' id='word_1_61' title='bbox 378 1072 509 1145; x_wconf 86' lang='lat' dir='ltr'><strong>quatuor</strong></span> <span class='ocrx_word' id='word_1_62' title='bbox 521 1073 669 1124; x_wconf 87' lang='lat' dir='ltr'><strong>tormenta</strong></span> <span class='ocrx_word' id='word_1_63' title='bbox 686 1083 788 1124; x_wconf 90' lang='lat' dir='ltr'><strong>secum</strong></span> <span class='ocrx_word' id='word_1_64' title='bbox 802 1061 918 1122; x_wconf 85' lang='lat' dir='ltr'><strong>eduxit.</strong></span> <span class='ocrx_word' id='word_1_65' title='bbox 955 1059 1040 1121; x_wconf 85' lang='lat' dir='ltr'><strong>Galli</strong></span> <span class='ocrx_word' id='word_1_66' title='bbox 1053 1063 1124 1124; x_wconf 83' lang='lat' dir='ltr'><strong>verb</strong></span> <span class='ocrx_word' id='word_1_67' title='bbox 1143 1062 1270 1144; x_wconf 82' lang='lat' dir='ltr'><strong>ingressi</strong></span> 
     </span>
     <span class='ocr_line' id='line_1_9' title="bbox 47 1157 1269 1241; baseline 0.002 -23"><span class='ocrx_word' id='word_1_68' title='bbox 47 1170 149 1235; x_wconf 84' lang='lat' dir='ltr'><strong>sunt,</strong></span> <span class='ocrx_word' id='word_1_69' title='bbox 165 1181 201 1222; x_wconf 88' lang='lat' dir='ltr'><strong>ae</strong></span> <span class='ocrx_word' id='word_1_70' title='bbox 215 1171 372 1241; x_wconf 88' lang='lat' dir='ltr'><strong>postquam</strong></span> <span class='ocrx_word' id='word_1_71' title='bbox 385 1161 561 1223; x_wconf 87' lang='lat' dir='ltr'><strong>necessariis</strong></span> <span class='ocrx_word' id='word_1_72' title='bbox 575 1161 663 1223; x_wconf 90' lang='lat' dir='ltr'><strong>rebus</strong></span> <span class='ocrx_word' id='word_1_73' title='bbox 679 1159 879 1221; x_wconf 89' lang='lat' dir='ltr'><strong>munitionem</strong></span> <span class='ocrx_word' id='word_1_74' title='bbox 898 1157 1108 1220; x_wconf 82' lang='lat' dir='ltr'><strong>instruxissent</strong></span> <span class='ocrx_word' id='word_1_75' title='bbox 1123 1159 1183 1220; x_wconf 82' lang='lat' dir='ltr'><strong>alib</strong></span> <span class='ocrx_word' id='word_1_76' title='bbox 1196 1180 1269 1221; x_wconf 91' lang='lat' dir='ltr'><strong>con·</strong></span> 
     </span>
     <span class='ocr_line' id='line_1_10' title="bbox 47 1255 447 1320; baseline 0.008 -4"><span class='ocrx_word' id='word_1_77' title='bbox 47 1255 135 1316; x_wconf 81' lang='lat' dir='ltr'><strong>silis</strong></span> <span class='ocrx_word' id='word_1_78' title='bbox 148 1266 178 1317; x_wconf 92' lang='lat' dir='ltr'><strong>et</strong></span> <span class='ocrx_word' id='word_1_79' title='bbox 191 1257 249 1318; x_wconf 89' lang='lat' dir='ltr'><strong>iter</strong></span> <span class='ocrx_word' id='word_1_80' title='bbox 262 1257 447 1320; x_wconf 86' lang='lat' dir='ltr'><strong>direxerunt.</strong></span> 
     </span>
    </p>

    <p class='ocr_par' dir='ltr' id='par_1_3' title="bbox 10 1353 1274 3380">
     <span class='ocr_line' id='line_1_11' title="bbox 105 1353 1268 1438; baseline 0 -24"><span class='ocrx_word' id='word_1_81' title='bbox 105 1353 218 1416; x_wconf 88' lang='lat' dir='ltr'><strong>Mense</strong></span> <span class='ocrx_word' id='word_1_82' title='bbox 233 1354 360 1416; x_wconf 84' lang='lat' dir='ltr'><strong>Octobri</strong></span> <span class='ocrx_word' id='word_1_83' title='bbox 378 1354 536 1436; x_wconf 86' lang='lat' dir='ltr'><strong>pontificia</strong></span> <span class='ocrx_word' id='word_1_84' title='bbox 547 1375 632 1417; x_wconf 85' lang='lat' dir='ltr'><strong>arma</strong></span> <span class='ocrx_word' id='word_1_85' title='bbox 644 1356 684 1416; x_wconf 88' lang='lat' dir='ltr'><strong>ad</strong></span> <span class='ocrx_word' id='word_1_86' title='bbox 703 1354 902 1438; x_wconf 84' lang='lat' dir='ltr'><strong>Pitigliansm</strong></span> <span class='ocrx_word' id='word_1_87' title='bbox 922 1353 1120 1416; x_wconf 89' lang='lat' dir='ltr'><strong>munitionem</strong></span> <span class='ocrx_word' id='word_1_88' title='bbox 1142 1353 1268 1415; x_wconf 84' lang='lat' dir='ltr'><strong>fortissi-</strong></span> 
     </span>
     <span class='ocr_line' id='line_1_12' title="bbox 52 1451 1268 1535; baseline -0.001 -23"><span class='ocrx_word' id='word_1_89' title='bbox 52 1471 148 1512; x_wconf 88' lang='lat' dir='ltr'><strong>mam</strong></span> <span class='ocrx_word' id='word_1_90' title='bbox 169 1451 293 1513; x_wconf 87' lang='lat' dir='ltr'><strong>admota</strong></span> <span class='ocrx_word' id='word_1_91' title='bbox 308 1463 379 1514; x_wconf 88' lang='lat' dir='ltr'><strong>sunt</strong></span> <span class='ocrx_word' id='word_1_92' title='bbox 396 1452 572 1532; x_wconf 77' lang='lat' dir='ltr'><strong>obsidioque</strong></span> <span class='ocrx_word' id='word_1_93' title='bbox 589 1453 668 1513; x_wconf 78' lang='lat' dir='ltr'><strong>serio</strong></span> <span class='ocrx_word' id='word_1_94' title='bbox 685 1465 827 1534; x_wconf 88' lang='lat' dir='ltr'><strong>suscepta</strong></span> <span class='ocrx_word' id='word_1_95' title='bbox 847 1473 882 1515; x_wconf 87' lang='lat' dir='ltr'><strong>ac</strong></span> <span class='ocrx_word' id='word_1_96' title='bbox 897 1452 1016 1535; x_wconf 82' lang='lat' dir='ltr'><strong>maguis</strong></span> <span class='ocrx_word' id='word_1_97' title='bbox 1030 1451 1144 1512; x_wconf 86' lang='lat' dir='ltr'><strong>viribus</strong></span> <span class='ocrx_word' id='word_1_98' title='bbox 1158 1451 1268 1512; x_wconf 87' lang='lat' dir='ltr'><strong>labori-</strong></span> 
     </span>
     <span class='ocr_line' id='line_1_13' title="bbox 53 1548 1269 1632; baseline 0.002 -25"><span class='ocrx_word' id='word_1_99' title='bbox 53 1549 184 1628; x_wconf 85' lang='lat' dir='ltr'><strong>busque</strong></span> <span class='ocrx_word' id='word_1_100' title='bbox 204 1561 350 1630; x_wconf 86' lang='lat' dir='ltr'><strong>promots,</strong></span> <span class='ocrx_word' id='word_1_101' title='bbox 369 1549 562 1630; x_wconf 82' lang='lat' dir='ltr'><strong>quantumvis</strong></span> <span class='ocrx_word' id='word_1_102' title='bbox 581 1548 756 1612; x_wconf 83' lang='lat' dir='ltr'><strong>Colonellus</strong></span> <span class='ocrx_word' id='word_1_103' title='bbox 776 1548 938 1612; x_wconf 88' lang='lat' dir='ltr'><strong>Grisouius</strong></span> <span class='ocrx_word' id='word_1_104' title='bbox 956 1548 1015 1611; x_wconf 88' lang='lat' dir='ltr'><strong>loci</strong></span> <span class='ocrx_word' id='word_1_105' title='bbox 1036 1549 1217 1632; x_wconf 84' lang='lat' dir='ltr'><strong>gubernator</strong></span> <span class='ocrx_word' id='word_1_106' title='bbox 1237 1569 1269 1610; x_wconf 92' lang='lat' dir='ltr'><strong>se</strong></span> 
     </span>
     <span class='ocr_line' id='line_1_14' title="bbox 54 1645 1269 1728; baseline 0.001 -23"><span class='ocrx_word' id='word_1_107' title='bbox 54 1645 229 1706; x_wconf 78' lang='lat' dir='ltr'><strong>fortissime</strong></span> <span class='ocrx_word' id='word_1_108' title='bbox 239 1656 413 1728; x_wconf 87' lang='lat' dir='ltr'><strong>opponeret.</strong></span> <span class='ocrx_word' id='word_1_109' title='bbox 454 1647 608 1708; x_wconf 86' lang='lat' dir='ltr'><strong>Videbunt</strong></span> <span class='ocrx_word' id='word_1_110' title='bbox 626 1648 740 1708; x_wconf 89' lang='lat' dir='ltr'><strong>interea</strong></span> <span class='ocrx_word' id='word_1_111' title='bbox 759 1646 926 1708; x_wconf 88' lang='lat' dir='ltr'><strong>Florentiui</strong></span> <span class='ocrx_word' id='word_1_112' title='bbox 945 1656 1091 1727; x_wconf 90' lang='lat' dir='ltr'><strong>quantum</strong></span> <span class='ocrx_word' id='word_1_113' title='bbox 1105 1645 1168 1707; x_wconf 90' lang='lat' dir='ltr'><strong>suis</strong></span> <span class='ocrx_word' id='word_1_114' title='bbox 1181 1646 1269 1708; x_wconf 86' lang='lat' dir='ltr'><strong>rebus</strong></span> 
     </span>
     <span class='ocr_line' id='line_1_15' title="bbox 59 1741 1266 1825; baseline 0.001 -23"><span class='ocrx_word' id='word_1_115' title='bbox 59 1743 223 1804; x_wconf 89' lang='lat' dir='ltr'><strong>commodi</strong></span> <span class='ocrx_word' id='word_1_116' title='bbox 237 1742 405 1817; x_wconf 87' lang='lat' dir='ltr'><strong>decederet,</strong></span> <span class='ocrx_word' id='word_1_117' title='bbox 420 1745 447 1805; x_wconf 94' lang='lat' dir='ltr'><strong>si</strong></span> <span class='ocrx_word' id='word_1_118' title='bbox 459 1744 589 1806; x_wconf 86' lang='lat' dir='ltr'><strong>munitio</strong></span> <span class='ocrx_word' id='word_1_119' title='bbox 601 1743 654 1805; x_wconf 89' lang='lat' dir='ltr'><strong>illa</strong></span> <span class='ocrx_word' id='word_1_120' title='bbox 666 1743 697 1804; x_wconf 89' lang='lat' dir='ltr'><strong>iu</strong></span> <span class='ocrx_word' id='word_1_121' title='bbox 713 1753 891 1825; x_wconf 87' lang='lat' dir='ltr'><strong>potestatem</strong></span> <span class='ocrx_word' id='word_1_122' title='bbox 906 1741 1132 1824; x_wconf 85' lang='lat' dir='ltr'><strong>pontificiorum</strong></span> <span class='ocrx_word' id='word_1_123' title='bbox 1142 1743 1266 1804; x_wconf 88' lang='lat' dir='ltr'><strong>veniret.</strong></span> 
     </span>
     <span class='ocr_line' id='line_1_16' title="bbox 62 1839 1267 1922; baseline -0.001 -21"><span class='ocrx_word' id='word_1_124' title='bbox 62 1841 262 1922; x_wconf 87' lang='lat' dir='ltr'><strong>Quapropter</strong></span> <span class='ocrx_word' id='word_1_125' title='bbox 274 1840 330 1901; x_wconf 89' lang='lat' dir='ltr'><strong>sub</strong></span> <span class='ocrx_word' id='word_1_126' title='bbox 343 1839 499 1902; x_wconf 85' lang='lat' dir='ltr'><strong>Colonello</strong></span> <span class='ocrx_word' id='word_1_127' title='bbox 513 1840 628 1902; x_wconf 85' lang='lat' dir='ltr'><strong>Strozzi</strong></span> <span class='ocrx_word' id='word_1_128' title='bbox 641 1840 702 1901; x_wconf 93' lang='lat' dir='ltr'><strong>duo</strong></span> <span class='ocrx_word' id='word_1_129' title='bbox 711 1840 849 1921; x_wconf 87' lang='lat' dir='ltr'><strong>peditum</strong></span> <span class='ocrx_word' id='word_1_130' title='bbox 859 1839 956 1901; x_wconf 90' lang='lat' dir='ltr'><strong>millia</strong></span> <span class='ocrx_word' id='word_1_131' title='bbox 968 1849 997 1900; x_wconf 88' lang='lat' dir='ltr'><strong>et</strong></span> <span class='ocrx_word' id='word_1_132' title='bbox 1011 1849 1123 1921; x_wconf 83' lang='lat' dir='ltr'><strong>septem</strong></span> <span class='ocrx_word' id='word_1_133' title='bbox 1134 1839 1267 1920; x_wconf 89' lang='lat' dir='ltr'><strong>equitum</strong></span> 
     </span>
     <span class='ocr_line' id='line_1_17' title="bbox 62 1935 1268 2018; baseline 0.002 -22"><span class='ocrx_word' id='word_1_134' title='bbox 62 1936 219 2017; x_wconf 76' lang='lat' dir='ltr'><strong>manipuli</strong></span> <span class='ocrx_word' id='word_1_135' title='bbox 226 1936 382 1998; x_wconf 87' lang='lat' dir='ltr'><strong>confestim</strong></span> <span class='ocrx_word' id='word_1_136' title='bbox 394 1935 525 1998; x_wconf 86' lang='lat' dir='ltr'><strong>Seannm</strong></span> <span class='ocrx_word' id='word_1_137' title='bbox 536 1937 620 1998; x_wconf 91' lang='lat' dir='ltr'><strong>missi</strong></span> <span class='ocrx_word' id='word_1_138' title='bbox 631 1946 702 1998; x_wconf 92' lang='lat' dir='ltr'><strong>suut</strong></span> <span class='ocrx_word' id='word_1_139' title='bbox 708 1948 742 2000; x_wconf 92' lang='lat' dir='ltr'><strong>ut</strong></span> <span class='ocrx_word' id='word_1_140' title='bbox 750 1958 786 1998; x_wconf 86' lang='lat' dir='ltr'><strong>ex</strong></span> <span class='ocrx_word' id='word_1_141' title='bbox 795 1938 898 1999; x_wconf 85' lang='lat' dir='ltr'><strong>vicino</strong></span> <span class='ocrx_word' id='word_1_142' title='bbox 906 1937 1143 2018; x_wconf 80' lang='lat' dir='ltr'><strong>specularentur,</strong></span> <span class='ocrx_word' id='word_1_143' title='bbox 1152 1935 1212 2017; x_wconf 80' lang='lat' dir='ltr'><strong>qui</strong></span> <span class='ocrx_word' id='word_1_144' title='bbox 1222 1957 1268 1998; x_wconf 86' lang='lat' dir='ltr'><strong>ra·</strong></span> 
     </span>
     <span class='ocr_line' id='line_1_18' title="bbox 61 2033 1269 2117; baseline -0.001 -22"><span class='ocrx_word' id='word_1_145' title='bbox 61 2033 749 2117; x_wconf 88' lang='lat' dir='ltr'><strong>tioneobsidionissuccessusimpediriethosti</strong></span> <span class='ocrx_word' id='word_1_146' title='bbox 759 2034 859 2096; x_wconf 86' lang='lat' dir='ltr'><strong>eludes</strong></span> <span class='ocrx_word' id='word_1_147' title='bbox 868 2034 971 2096; x_wconf 87' lang='lat' dir='ltr'><strong>inferri</strong></span> <span class='ocrx_word' id='word_1_148' title='bbox 980 2042 1089 2115; x_wconf 89' lang='lat' dir='ltr'><strong>posset.</strong></span> <span class='ocrx_word' id='word_1_149' title='bbox 1113 2034 1269 2095; x_wconf 78' lang='lat' dir='ltr'><strong>Neccerte</strong></span> 
     </span>
     <span class='ocr_line' id='line_1_19' title="bbox 65 2130 1269 2214; baseline 0 -22"><span class='ocrx_word' id='word_1_150' title='bbox 65 2131 166 2192; x_wconf 84' lang='lat' dir='ltr'><strong>multb</strong></span> <span class='ocrx_word' id='word_1_151' title='bbox 179 2139 248 2211; x_wconf 91' lang='lat' dir='ltr'><strong>post</strong></span> <span class='ocrx_word' id='word_1_152' title='bbox 260 2130 419 2198; x_wconf 87' lang='lat' dir='ltr'><strong>commoda</strong></span> <span class='ocrx_word' id='word_1_153' title='bbox 432 2152 495 2192; x_wconf 86' lang='lat' dir='ltr'><strong>sese</strong></span> <span class='ocrx_word' id='word_1_154' title='bbox 513 2132 623 2194; x_wconf 89' lang='lat' dir='ltr'><strong>obtulit</strong></span> <span class='ocrx_word' id='word_1_155' title='bbox 641 2143 745 2194; x_wconf 88' lang='lat' dir='ltr'><strong>contra</strong></span> <span class='ocrx_word' id='word_1_156' title='bbox 758 2131 929 2214; x_wconf 85' lang='lat' dir='ltr'><strong>pontificios</strong></span> <span class='ocrx_word' id='word_1_157' title='bbox 942 2132 1035 2193; x_wconf 90' lang='lat' dir='ltr'><strong>eundi</strong></span> <span class='ocrx_word' id='word_1_158' title='bbox 1045 2131 1172 2204; x_wconf 89' lang='lat' dir='ltr'><strong>occasio,</strong></span> <span class='ocrx_word' id='word_1_159' title='bbox 1187 2152 1269 2192; x_wconf 87' lang='lat' dir='ltr'><strong>oom-</strong></span> 
     </span>
     <span class='ocr_line' id='line_1_20' title="bbox 65 2226 1269 2312; baseline 0 -23"><span class='ocrx_word' id='word_1_160' title='bbox 65 2239 211 2310; x_wconf 88' lang='lat' dir='ltr'><strong>pereraut</strong></span> <span class='ocrx_word' id='word_1_161' title='bbox 220 2229 302 2289; x_wconf 89' lang='lat' dir='ltr'><strong>enim</strong></span> <span class='ocrx_word' id='word_1_162' title='bbox 312 2226 479 2290; x_wconf 87' lang='lat' dir='ltr'><strong>Florentini</strong></span> <span class='ocrx_word' id='word_1_163' title='bbox 489 2228 588 2292; x_wconf 86' lang='lat' dir='ltr'><strong>hostes</strong></span> <span class='ocrx_word' id='word_1_164' title='bbox 598 2251 665 2291; x_wconf 86' lang='lat' dir='ltr'><strong>suos</strong></span> <span class='ocrx_word' id='word_1_165' title='bbox 673 2250 793 2311; x_wconf 84' lang='lat' dir='ltr'><strong>passum</strong></span> <span class='ocrx_word' id='word_1_166' title='bbox 804 2228 1019 2291; x_wconf 83' lang='lat' dir='ltr'><strong>Cestonensem</strong></span> <span class='ocrx_word' id='word_1_167' title='bbox 1031 2228 1172 2299; x_wconf 89' lang='lat' dir='ltr'><strong>insidere,</strong></span> <span class='ocrx_word' id='word_1_168' title='bbox 1183 2250 1269 2312; x_wconf 81' lang='lat' dir='ltr'><strong>mag-</strong></span> 
     </span>
     <span class='ocr_line' id='line_1_21' title="bbox 68 2323 1271 2410; baseline 0 -22"><span class='ocrx_word' id='word_1_169' title='bbox 68 2346 205 2407; x_wconf 90' lang='lat' dir='ltr'><strong>numque</strong></span> <span class='ocrx_word' id='word_1_170' title='bbox 214 2335 415 2387; x_wconf 90' lang='lat' dir='ltr'><strong>commeatum</strong></span> <span class='ocrx_word' id='word_1_171' title='bbox 426 2347 482 2409; x_wconf 86' lang='lat' dir='ltr'><strong>pro</strong></span> <span class='ocrx_word' id='word_1_172' title='bbox 492 2328 624 2389; x_wconf 88' lang='lat' dir='ltr'><strong>exercitu</strong></span> <span class='ocrx_word' id='word_1_173' title='bbox 633 2326 791 2410; x_wconf 78' lang='lat' dir='ltr'><strong>colligere:</strong></span> <span class='ocrx_word' id='word_1_174' title='bbox 806 2325 878 2387; x_wconf 90' lang='lat' dir='ltr'><strong>illuc</strong></span> <span class='ocrx_word' id='word_1_175' title='bbox 890 2324 1002 2387; x_wconf 83' lang='lat' dir='ltr'><strong>Strozai</strong></span> <span class='ocrx_word' id='word_1_176' title='bbox 1012 2323 1172 2407; x_wconf 89' lang='lat' dir='ltr'><strong>exploratis</strong></span> <span class='ocrx_word' id='word_1_177' title='bbox 1183 2326 1271 2387; x_wconf 88' lang='lat' dir='ltr'><strong>rebus</strong></span> 
     </span>
     <span class='ocr_line' id='line_1_22' title="bbox 67 2422 1271 2507; baseline 0 -23"><span class='ocrx_word' id='word_1_178' title='bbox 67 2423 219 2506; x_wconf 83' lang='lat' dir='ltr'><strong>praemisit</strong></span> <span class='ocrx_word' id='word_1_179' title='bbox 231 2422 381 2504; x_wconf 79' lang='lat' dir='ltr'><strong>equitatus</strong></span> <span class='ocrx_word' id='word_1_180' title='bbox 398 2423 446 2484; x_wconf 89' lang='lat' dir='ltr'><strong>sui</strong></span> <span class='ocrx_word' id='word_1_181' title='bbox 460 2436 588 2505; x_wconf 86' lang='lat' dir='ltr'><strong>partem,</strong></span> <span class='ocrx_word' id='word_1_182' title='bbox 603 2425 725 2507; x_wconf 90' lang='lat' dir='ltr'><strong>ipseque</strong></span> <span class='ocrx_word' id='word_1_183' title='bbox 738 2443 810 2484; x_wconf 87' lang='lat' dir='ltr'><strong>mox</strong></span> <span class='ocrx_word' id='word_1_184' title='bbox 825 2442 895 2484; x_wconf 92' lang='lat' dir='ltr'><strong>cum</strong></span> <span class='ocrx_word' id='word_1_185' title='bbox 909 2425 968 2483; x_wconf 75' lang='lat'><strong>200</strong></span> <span class='ocrx_word' id='word_1_186' title='bbox 986 2422 1136 2502; x_wconf 87' lang='lat' dir='ltr'><strong>peditibus</strong></span> <span class='ocrx_word' id='word_1_187' title='bbox 1150 2433 1271 2484; x_wconf 87' lang='lat' dir='ltr'><strong>secutus</strong></span> 
     </span>
     <span class='ocr_line' id='line_1_23' title="bbox 69 2520 1270 2603; baseline -0.002 -20"><span class='ocrx_word' id='word_1_188' title='bbox 69 2532 126 2592; x_wconf 88' lang='lat' dir='ltr'><strong>est,</strong></span> <span class='ocrx_word' id='word_1_189' title='bbox 141 2540 271 2601; x_wconf 90' lang='lat' dir='ltr'><strong>cumque</strong></span> <span class='ocrx_word' id='word_1_190' title='bbox 282 2520 383 2581; x_wconf 88' lang='lat' dir='ltr'><strong>hostes</strong></span> <span class='ocrx_word' id='word_1_191' title='bbox 399 2520 601 2603; x_wconf 81' lang='lat' dir='ltr'><strong>eximproriso</strong></span> <span class='ocrx_word' id='word_1_192' title='bbox 621 2522 828 2603; x_wconf 85' lang='lat' dir='ltr'><strong>impetirisset,</strong></span> <span class='ocrx_word' id='word_1_193' title='bbox 843 2520 941 2603; x_wconf 72' lang='lat' dir='ltr'><strong>primi</strong></span> <span class='ocrx_word' id='word_1_194' title='bbox 959 2520 1058 2581; x_wconf 85' lang='lat' dir='ltr'><strong>statim</strong></span> <span class='ocrx_word' id='word_1_195' title='bbox 1077 2520 1270 2601; x_wconf 85' lang='lat' dir='ltr'><strong>impressione</strong></span> 
     </span>
     <span class='ocr_line' id='line_1_24' title="bbox 10 2616 1271 2705; baseline -0.005 -22"><span class='ocrx_word' id='word_1_196' title='bbox 10 2626 16 2653; x_wconf 83' lang='lat'><em>&#39;</em></span> <span class='ocrx_word' id='word_1_197' title='bbox 68 2619 244 2705; x_wconf 86' lang='lat' dir='ltr'><strong>pontificios</strong></span> <span class='ocrx_word' id='word_1_198' title='bbox 273 2619 411 2682; x_wconf 86' lang='lat' dir='ltr'><strong>nonnihil</strong></span> <span class='ocrx_word' id='word_1_199' title='bbox 438 2620 651 2694; x_wconf 86' lang='lat' dir='ltr'><strong>consternavit,</strong></span> <span class='ocrx_word' id='word_1_200' title='bbox 683 2620 737 2698; x_wconf 92' lang='lat' dir='ltr'><strong>qui</strong></span> <span class='ocrx_word' id='word_1_201' title='bbox 765 2628 866 2679; x_wconf 88' lang='lat' dir='ltr'><strong>tamen</strong></span> <span class='ocrx_word' id='word_1_202' title='bbox 895 2616 1057 2698; x_wconf 84' lang='lat' dir='ltr'><strong>prudentor</strong></span> <span class='ocrx_word' id='word_1_203' title='bbox 1086 2616 1271 2677; x_wconf 78' lang='lat' dir='ltr'><strong>dissimulato</strong></span> 
     </span>
     <span class='ocr_line' id='line_1_25' title="bbox 68 2714 1272 2799; baseline -0.005 -18"><span class='ocrx_word' id='word_1_204' title='bbox 68 2731 155 2781; x_wconf 89' lang='lat' dir='ltr'><strong>metu</strong></span> <span class='ocrx_word' id='word_1_205' title='bbox 173 2739 258 2779; x_wconf 70' lang='lat' dir='ltr'><strong>mma</strong></span> <span class='ocrx_word' id='word_1_206' title='bbox 275 2717 493 2799; x_wconf 86' lang='lat' dir='ltr'><strong>corripuerunt,</strong></span> <span class='ocrx_word' id='word_1_207' title='bbox 510 2716 564 2776; x_wconf 91' lang='lat' dir='ltr'><strong>sed</strong></span> <span class='ocrx_word' id='word_1_208' title='bbox 584 2735 655 2776; x_wconf 86' lang='lat' dir='ltr'><strong>mox</strong></span> <span class='ocrx_word' id='word_1_209' title='bbox 676 2715 695 2775; x_wconf 74' lang='lat' dir='ltr'><strong>a</strong></span> <span class='ocrx_word' id='word_1_210' title='bbox 714 2714 866 2795; x_wconf 87' lang='lat' dir='ltr'><strong>proposito</strong></span> <span class='ocrx_word' id='word_1_211' title='bbox 887 2714 1070 2774; x_wconf 84' lang='lat' dir='ltr'><strong>remittentes</strong></span> <span class='ocrx_word' id='word_1_212' title='bbox 1086 2714 1272 2776; x_wconf 88' lang='lat' dir='ltr'><strong>deditionem</strong></span> 
     </span>
     <span class='ocr_line' id='line_1_26' title="bbox 69 2810 1273 2895; baseline -0.002 -19"><span class='ocrx_word' id='word_1_213' title='bbox 69 2816 117 2876; x_wconf 92' lang='lat' dir='ltr'><strong>sui</strong></span> <span class='ocrx_word' id='word_1_214' title='bbox 138 2833 320 2894; x_wconf 84' lang='lat' dir='ltr'><strong>suorumque</strong></span> <span class='ocrx_word' id='word_1_215' title='bbox 338 2812 464 2886; x_wconf 87' lang='lat' dir='ltr'><strong>faciunt,</strong></span> <span class='ocrx_word' id='word_1_216' title='bbox 484 2816 577 2873; x_wconf 83' lang='lat' dir='ltr'><strong>vitam</strong></span> <span class='ocrx_word' id='word_1_217' title='bbox 597 2812 800 2895; x_wconf 86' lang='lat' dir='ltr'><strong>paciscuntur,</strong></span> <span class='ocrx_word' id='word_1_218' title='bbox 820 2832 854 2873; x_wconf 89' lang='lat' dir='ltr'><strong>sc</strong></span> <span class='ocrx_word' id='word_1_219' title='bbox 870 2812 1027 2873; x_wconf 76' lang='lat' dir='ltr'><strong>decaetero</strong></span> <span class='ocrx_word' id='word_1_220' title='bbox 1042 2810 1188 2873; x_wconf 85' lang='lat' dir='ltr'><strong>voluntati</strong></span> <span class='ocrx_word' id='word_1_221' title='bbox 1208 2812 1273 2873; x_wconf 89' lang='lat' dir='ltr'><strong>vic-</strong></span> 
     </span>
     <span class='ocr_line' id='line_1_27' title="bbox 69 2908 1273 2991; baseline -0.002 -18"><span class='ocrx_word' id='word_1_222' title='bbox 69 2924 171 2973; x_wconf 88' lang='lat' dir='ltr'><strong>torum</strong></span> <span class='ocrx_word' id='word_1_223' title='bbox 188 2932 250 2973; x_wconf 88' lang='lat' dir='ltr'><strong>sese</strong></span> <span class='ocrx_word' id='word_1_224' title='bbox 270 2911 460 2972; x_wconf 88' lang='lat' dir='ltr'><strong>submittunt.</strong></span> <span class='ocrx_word' id='word_1_225' title='bbox 502 2911 657 2991; x_wconf 85' lang='lat' dir='ltr'><strong>Ceperunt</strong></span> <span class='ocrx_word' id='word_1_226' title='bbox 673 2910 730 2970; x_wconf 78' lang='lat' dir='ltr'><strong>hic</strong></span> <span class='ocrx_word' id='word_1_227' title='bbox 749 2909 938 2991; x_wconf 88' lang='lat' dir='ltr'><strong>expeditione</strong></span> <span class='ocrx_word' id='word_1_228' title='bbox 956 2908 1120 2969; x_wconf 87' lang='lat' dir='ltr'><strong>Florentini</strong></span> <span class='ocrx_word' id='word_1_229' title='bbox 1142 2912 1194 2969; x_wconf 83' lang='lat'><strong>100</strong></span> <span class='ocrx_word' id='word_1_230' title='bbox 1214 2910 1273 2970; x_wconf 91' lang='lat' dir='ltr'><strong>cir·</strong></span> 
     </span>
     <span class='ocr_line' id='line_1_28' title="bbox 11 3006 1271 3099; baseline -0.002 -28"><span class='ocrx_word' id='word_1_231' title='bbox 11 3071 22 3099; x_wconf 52' lang='lat'>‚</span> <span class='ocrx_word' id='word_1_232' title='bbox 70 3010 148 3071; x_wconf 90' lang='lat' dir='ltr'><strong>citer</strong></span> <span class='ocrx_word' id='word_1_233' title='bbox 161 3009 287 3090; x_wconf 84' lang='lat' dir='ltr'><strong>pedites,</strong></span> <span class='ocrx_word' id='word_1_234' title='bbox 308 3008 498 3089; x_wconf 85' lang='lat' dir='ltr'><strong>manipulum</strong></span> <span class='ocrx_word' id='word_1_235' title='bbox 516 3028 610 3068; x_wconf 88' lang='lat' dir='ltr'><strong>nuum</strong></span> <span class='ocrx_word' id='word_1_236' title='bbox 630 3007 777 3088; x_wconf 87' lang='lat' dir='ltr'><strong>equitum,</strong></span> <span class='ocrx_word' id='word_1_237' title='bbox 791 3019 823 3067; x_wconf 90' lang='lat' dir='ltr'><strong>et</strong></span> <span class='ocrx_word' id='word_1_238' title='bbox 835 3006 961 3069; x_wconf 87' lang='lat' dir='ltr'><strong>alterum</strong></span> <span class='ocrx_word' id='word_1_239' title='bbox 978 3007 1166 3087; x_wconf 79' lang='lat' dir='ltr'><strong>manipulum</strong></span> <span class='ocrx_word' id='word_1_240' title='bbox 1181 3028 1271 3089; x_wconf 89' lang='lat' dir='ltr'><strong>equo·</strong></span> 
     </span>
     <span class='ocr_line' id='line_1_29' title="bbox 55 3104 1274 3189; baseline 0.002 -24"><span class='ocrx_word' id='word_1_241' title='bbox 55 3105 255 3189; x_wconf 38' lang='lat' dir='ltr'><strong>,pedestrium</strong></span> <span class='ocrx_word' id='word_1_242' title='bbox 269 3126 344 3186; x_wconf 87' lang='lat' dir='ltr'><strong>quos</strong></span> <span class='ocrx_word' id='word_1_243' title='bbox 357 3125 461 3166; x_wconf 91' lang='lat' dir='ltr'><strong>omnes</strong></span> <span class='ocrx_word' id='word_1_244' title='bbox 475 3106 537 3166; x_wconf 76' lang='lat' dir='ltr'><strong>uni</strong></span> <span class='ocrx_word' id='word_1_245' title='bbox 550 3126 620 3166; x_wconf 90' lang='lat' dir='ltr'><strong>eum</strong></span> <span class='ocrx_word' id='word_1_246' title='bbox 635 3104 719 3165; x_wconf 86' lang='lat' dir='ltr'><strong>vario</strong></span> <span class='ocrx_word' id='word_1_247' title='bbox 732 3114 762 3165; x_wconf 92' lang='lat' dir='ltr'><strong>et</strong></span> <span class='ocrx_word' id='word_1_248' title='bbox 778 3123 936 3165; x_wconf 86' lang='lat' dir='ltr'><strong>numeroso</strong></span> <span class='ocrx_word' id='word_1_249' title='bbox 950 3104 1048 3165; x_wconf 91' lang='lat' dir='ltr'><strong>omnis</strong></span> <span class='ocrx_word' id='word_1_250' title='bbox 1059 3105 1178 3186; x_wconf 87' lang='lat' dir='ltr'><strong>generis</strong></span> <span class='ocrx_word' id='word_1_251' title='bbox 1191 3126 1274 3167; x_wconf 90' lang='lat' dir='ltr'><strong>eom·</strong></span> 
     </span>
     <span class='ocr_line' id='line_1_30' title="bbox 17 3199 1274 3284; baseline 0.004 -26"><span class='ocrx_word' id='word_1_252' title='bbox 17 3236 27 3258; x_wconf 82' lang='lat'>.</span> <span class='ocrx_word' id='word_1_253' title='bbox 70 3213 173 3264; x_wconf 90' lang='lat' dir='ltr'><strong>meatu</strong></span> <span class='ocrx_word' id='word_1_254' title='bbox 184 3202 316 3263; x_wconf 90' lang='lat' dir='ltr'><strong>etnobili</strong></span> <span class='ocrx_word' id='word_1_255' title='bbox 327 3213 473 3284; x_wconf 87' lang='lat' dir='ltr'><strong>apparatu</strong></span> <span class='ocrx_word' id='word_1_256' title='bbox 481 3201 602 3270; x_wconf 85' lang='lat' dir='ltr'><strong>bellico,</strong></span> <span class='ocrx_word' id='word_1_257' title='bbox 611 3221 715 3261; x_wconf 87' lang='lat' dir='ltr'><strong>secum</strong></span> <span class='ocrx_word' id='word_1_258' title='bbox 725 3200 758 3260; x_wconf 94' lang='lat' dir='ltr'><strong>in</strong></span> <span class='ocrx_word' id='word_1_259' title='bbox 768 3220 908 3261; x_wconf 89' lang='lat' dir='ltr'><strong>securum</strong></span> <span class='ocrx_word' id='word_1_260' title='bbox 919 3201 1092 3278; x_wconf 81' lang='lat' dir='ltr'><strong>abducunt3</strong></span> <span class='ocrx_word' id='word_1_261' title='bbox 1115 3199 1171 3263; x_wconf 88' lang='lat' dir='ltr'><strong>boc</strong></span> <span class='ocrx_word' id='word_1_262' title='bbox 1181 3212 1215 3263; x_wconf 91' lang='lat' dir='ltr'><strong>ut</strong></span> <span class='ocrx_word' id='word_1_263' title='bbox 1228 3203 1274 3263; x_wconf 91' lang='lat' dir='ltr'><strong>in-</strong></span> 
     </span>
     <span class='ocr_line' id='line_1_31' title="bbox 69 3297 1273 3380; baseline -0.001 -20"><span class='ocrx_word' id='word_1_264' title='bbox 69 3300 171 3361; x_wconf 86' lang='lat' dir='ltr'><strong>notuit</strong></span> <span class='ocrx_word' id='word_1_265' title='bbox 186 3298 344 3380; x_wconf 87' lang='lat' dir='ltr'><strong>pontificio</strong></span> <span class='ocrx_word' id='word_1_266' title='bbox 359 3298 502 3361; x_wconf 88' lang='lat' dir='ltr'><strong>Generali</strong></span> <span class='ocrx_word' id='word_1_267' title='bbox 518 3298 612 3372; x_wconf 92' lang='lat' dir='ltr'><strong>Oddi,</strong></span> <span class='ocrx_word' id='word_1_268' title='bbox 626 3317 697 3359; x_wconf 90' lang='lat' dir='ltr'><strong>cum</strong></span> <span class='ocrx_word' id='word_1_269' title='bbox 718 3308 847 3379; x_wconf 91' lang='lat' dir='ltr'><strong>quatuor</strong></span> <span class='ocrx_word' id='word_1_270' title='bbox 860 3297 993 3360; x_wconf 86' lang='lat' dir='ltr'><strong>millibus</strong></span> <span class='ocrx_word' id='word_1_271' title='bbox 1006 3298 1141 3380; x_wconf 88' lang='lat' dir='ltr'><strong>peditum</strong></span> <span class='ocrx_word' id='word_1_272' title='bbox 1161 3307 1191 3359; x_wconf 93' lang='lat' dir='ltr'><strong>et</strong></span> <span class='ocrx_word' id='word_1_273' title='bbox 1207 3320 1273 3360; x_wconf 86' lang='lat' dir='ltr'><strong>sex·</strong></span> 
     </span>
    </p>
   </div>
   <div class='ocr_carea' id='block_1_3' title="bbox 13 3385 1273 3683">
    <p class='ocr_par' dir='ltr' id='par_1_4' title="bbox 13 3385 1273 3683">
     <span class='ocr_line' id='line_1_32' title="bbox 70 3385 1272 3477; baseline -0.001 -20"><span class='ocrx_word' id='word_1_274' title='bbox 70 3396 167 3457; x_wconf 89' lang='lat' dir='ltr'><strong>centis</strong></span> <span class='ocrx_word' id='word_1_275' title='bbox 175 3396 299 3457; x_wconf 89' lang='lat' dir='ltr'><strong>omnino</strong></span> <span class='ocrx_word' id='word_1_276' title='bbox 306 3395 457 3477; x_wconf 90' lang='lat' dir='ltr'><strong>equitibus</strong></span> <span class='ocrx_word' id='word_1_277' title='bbox 466 3396 606 3475; x_wconf 91' lang='lat' dir='ltr'><strong>omnique</strong></span> <span class='ocrx_word' id='word_1_278' title='bbox 617 3394 766 3457; x_wconf 84' lang='lat' dir='ltr'><strong>instructu</strong></span> <span class='ocrx_word' id='word_1_279' title='bbox 777 3395 892 3456; x_wconf 82' lang='lat' dir='ltr'><strong>Martio</strong></span> <span class='ocrx_word' id='word_1_280' title='bbox 900 3394 1017 3457; x_wconf 70' lang='lat' dir='ltr'><strong>deserti</strong></span> <span class='ocrx_word' id='word_1_281' title='bbox 1028 3385 1107 3456; x_wconf 85' lang='lat' dir='ltr'><strong>ultro</strong></span> <span class='ocrx_word' id='word_1_282' title='bbox 1117 3396 1272 3456; x_wconf 91' lang='lat' dir='ltr'><strong>obsidione</strong></span> 
     </span>
     <span class='ocr_line' id='line_1_33' title="bbox 71 3491 1273 3575; baseline -0.001 -22"><span class='ocrx_word' id='word_1_283' title='bbox 71 3492 252 3565; x_wconf 85' lang='lat' dir='ltr'><strong>retrocessit,</strong></span> <span class='ocrx_word' id='word_1_284' title='bbox 277 3493 366 3575; x_wconf 90' lang='lat' dir='ltr'><strong>cujus</strong></span> <span class='ocrx_word' id='word_1_285' title='bbox 388 3492 517 3575; x_wconf 83' lang='lat' dir='ltr'><strong>vestigia</strong></span> <span class='ocrx_word' id='word_1_286' title='bbox 539 3491 662 3575; x_wconf 71' lang='lat' dir='ltr'><strong>itergo</strong></span> <span class='ocrx_word' id='word_1_287' title='bbox 684 3512 822 3573; x_wconf 89' lang='lat' dir='ltr'><strong>premens</strong></span> <span class='ocrx_word' id='word_1_288' title='bbox 842 3512 912 3553; x_wconf 89' lang='lat' dir='ltr'><strong>oum</strong></span> <span class='ocrx_word' id='word_1_289' title='bbox 933 3492 994 3553; x_wconf 89' lang='lat' dir='ltr'><strong>suis</strong></span> <span class='ocrx_word' id='word_1_290' title='bbox 1021 3492 1135 3553; x_wconf 83' lang='lat' dir='ltr'><strong>Stroazi</strong></span> <span class='ocrx_word' id='word_1_291' title='bbox 1162 3501 1273 3574; x_wconf 77' lang='lat' dir='ltr'><strong>praeter</strong></span> 
     </span>
     <span class='ocr_line' id='line_1_34' title="bbox 13 3588 1273 3683; baseline 0 -32"><span class='ocrx_word' id='word_1_292' title='bbox 13 3672 18 3683; x_wconf 36' lang='grc' dir='ltr'>Ι</span> <span class='ocrx_word' id='word_1_293' title='bbox 70 3591 217 3672; x_wconf 88' lang='lat' dir='ltr'><strong>plurimos</strong></span> <span class='ocrx_word' id='word_1_294' title='bbox 230 3599 364 3652; x_wconf 81' lang='lat' dir='ltr'><strong>eaesoset</strong></span> <span class='ocrx_word' id='word_1_295' title='bbox 374 3601 477 3671; x_wconf 89' lang='lat' dir='ltr'><strong>csptos</strong></span> <span class='ocrx_word' id='word_1_296' title='bbox 490 3588 597 3651; x_wconf 88' lang='lat' dir='ltr'><strong>decem</strong></span> <span class='ocrx_word' id='word_1_297' title='bbox 610 3588 780 3671; x_wconf 74' lang='lat' dir='ltr'><strong>capitaneos</strong></span> <span class='ocrx_word' id='word_1_298' title='bbox 793 3590 962 3671; x_wconf 89' lang='lat' dir='ltr'><strong>multosque</strong></span> <span class='ocrx_word' id='word_1_299' title='bbox 978 3590 1120 3651; x_wconf 86' lang='lat' dir='ltr'><strong>officiales</strong></span> <span class='ocrx_word' id='word_1_300' title='bbox 1135 3590 1273 3662; x_wconf 84' lang='lat' dir='ltr'><strong>abduxit,</strong></span> 
     </span>
    </p>
   </div>
   <div class='ocr_carea' id='block_1_4' title="bbox 70 3685 1273 3844">
    <p class='ocr_par' dir='ltr' id='par_1_5' title="bbox 70 3685 1273 3844">
     <span class='ocr_line' id='line_1_35' title="bbox 70 3685 1273 3770; baseline -0.002 -21"><span class='ocrx_word' id='word_1_301' title='bbox 70 3710 122 3750; x_wconf 83' lang='lat' dir='ltr'><strong>sex</strong></span> <span class='ocrx_word' id='word_1_302' title='bbox 136 3688 259 3769; x_wconf 87' lang='lat' dir='ltr'><strong>insuper</strong></span> <span class='ocrx_word' id='word_1_303' title='bbox 271 3688 386 3769; x_wconf 84' lang='lat' dir='ltr'><strong>majore</strong></span> <span class='ocrx_word' id='word_1_304' title='bbox 394 3696 545 3749; x_wconf 86' lang='lat' dir='ltr'><strong>tormenta</strong></span> <span class='ocrx_word' id='word_1_305' title='bbox 554 3697 586 3747; x_wconf 93' lang='lat' dir='ltr'><strong>et</strong></span> <span class='ocrx_word' id='word_1_306' title='bbox 594 3686 729 3768; x_wconf 90' lang='lat' dir='ltr'><strong>quinque</strong></span> <span class='ocrx_word' id='word_1_307' title='bbox 742 3685 815 3748; x_wconf 83' lang='lat' dir='ltr'><strong>alias</strong></span> <span class='ocrx_word' id='word_1_308' title='bbox 830 3685 983 3749; x_wconf 85' lang='lat' dir='ltr'><strong>machinas</strong></span> <span class='ocrx_word' id='word_1_309' title='bbox 993 3687 1114 3770; x_wconf 86' lang='lat' dir='ltr'><strong>ignibus</strong></span> <span class='ocrx_word' id='word_1_310' title='bbox 1122 3686 1273 3769; x_wconf 83' lang='lat' dir='ltr'><strong>jaciendis</strong></span> 
     </span>
     <span class='ocr_line' id='line_1_36' title="bbox 648 3786 698 3844; baseline 0.02 -1"><span class='ocrx_word' id='word_1_311' title='bbox 648 3786 665 3843; x_wconf 84' lang='grc'>3</span> <span class='ocrx_word' id='word_1_312' title='bbox 681 3804 698 3844; x_wconf 86' lang='lat' dir='ltr'><strong>r</strong></span> 
     </span>
    </p>
   </div>
   <div class='ocr_carea' id='block_1_5' title="bbox 0 0 1633 4700">
    <p class='ocr_par' dir='ltr' id='par_1_6' title="bbox 0 0 1633 4700">
     <span class='ocr_line' id='line_1_37' title="bbox 0 0 1633 4700; baseline 0 0"><span class='ocrx_word' id='word_1_313' title='bbox 0 0 1633 4700; x_wconf 95' lang='lat' dir='ltr'><strong> </strong></span> 
     </span>
    </p>
   </div>
  </div>
 </body>
</html>
