<?xml version="1.0" encoding="UTF-8"?>
<!DOCTYPE html PUBLIC "-//W3C//DTD XHTML 1.0 Transitional//EN"
    "http://www.w3.org/TR/xhtml1/DTD/xhtml1-transitional.dtd">
<html xmlns="http://www.w3.org/1999/xhtml" xml:lang="en" lang="en">
 <head>
  <title>
</title>
<meta http-equiv="Content-Type" content="text/html;charset=utf-8" />
  <meta name='ocr-system' content='tesseract 3.04.00' />
  <meta name='ocr-capabilities' content='ocr_page ocr_carea ocr_par ocr_line ocrx_word'/>
</head>
<body>
  <div class='ocr_page' id='page_1' title='image "./itinerariumthom00kerngoog_0268.png"; bbox 0 0 3225 4700; ppageno 0'>
   <div class='ocr_carea' id='block_1_1' title="bbox 340 287 1135 358">
    <p class='ocr_par' dir='ltr' id='par_1_1' title="bbox 340 287 1135 358">
     <span class='ocr_line' id='line_1_1' title="bbox 340 287 1135 358; baseline -0.003 -3"><span class='ocrx_word' id='word_1_1' title='bbox 340 291 400 355; x_wconf 87' lang='lat'>176</span> <span class='ocrx_word' id='word_1_2' title='bbox 721 290 745 356; x_wconf 86' lang='lat' dir='ltr'><strong><em>I</em></strong></span> <span class='ocrx_word' id='word_1_3' title='bbox 752 287 811 356; x_wconf 87' lang='lat' dir='ltr'>TI</span> <span class='ocrx_word' id='word_1_4' title='bbox 817 288 1040 358; x_wconf 80' lang='lat' dir='ltr'><strong><em>NERARI</em></strong></span> <span class='ocrx_word' id='word_1_5' title='bbox 1049 288 1135 357; x_wconf 89' lang='lat' dir='ltr'>UM.</span> 
     </span>
    </p>
   </div>
   <div class='ocr_carea' id='block_1_2' title="bbox 333 436 1597 2633">
    <p class='ocr_par' dir='ltr' id='par_1_2' title="bbox 337 436 1541 601">
     <span class='ocr_line' id='line_1_2' title="bbox 337 436 1541 526; baseline -0.003 -21"><span class='ocrx_word' id='word_1_6' title='bbox 337 443 414 525; x_wconf 88' lang='lat' dir='ltr'>pede</span> <span class='ocrx_word' id='word_1_7' title='bbox 426 462 518 523; x_wconf 88' lang='lat' dir='ltr'>quam</span> <span class='ocrx_word' id='word_1_8' title='bbox 530 462 601 504; x_wconf 87' lang='lat' dir='ltr'>mox</span> <span class='ocrx_word' id='word_1_9' title='bbox 616 441 715 504; x_wconf 82' lang='lat' dir='ltr'>Metus</span> <span class='ocrx_word' id='word_1_10' title='bbox 729 462 760 504; x_wconf 89' lang='lat' dir='ltr'>se</span> <span class='ocrx_word' id='word_1_11' title='bbox 773 444 900 526; x_wconf 70' lang='lat' dir='ltr'>propriae</span> <span class='ocrx_word' id='word_1_12' title='bbox 915 436 1046 505; x_wconf 72' lang='lat' dir='ltr'>infamia</span> <span class='ocrx_word' id='word_1_13' title='bbox 1060 442 1186 503; x_wconf 84' lang='lat' dir='ltr'>nuncios</span> <span class='ocrx_word' id='word_1_14' title='bbox 1199 448 1229 503; x_wconf 90' lang='lat' dir='ltr'>et</span> <span class='ocrx_word' id='word_1_15' title='bbox 1242 439 1338 503; x_wconf 89' lang='lat' dir='ltr'>eladis</span> <span class='ocrx_word' id='word_1_16' title='bbox 1351 436 1541 501; x_wconf 86' lang='lat' dir='ltr'>lneulentis-</span> 
     </span>
     <span class='ocr_line' id='line_1_3' title="bbox 337 537 782 601; baseline -0.002 -1"><span class='ocrx_word' id='word_1_17' title='bbox 337 539 421 600; x_wconf 76' lang='lat' dir='ltr'>simas</span> <span class='ocrx_word' id='word_1_18' title='bbox 435 548 545 601; x_wconf 74' lang='lat' dir='ltr'>mamm</span> <span class='ocrx_word' id='word_1_19' title='bbox 558 537 782 601; x_wconf 88' lang='lat' dir='ltr'>transtulerunt.</span> 
     </span>
    </p>

    <p class='ocr_par' dir='ltr' id='par_1_3' title="bbox 336 632 1597 1005">
     <span class='ocr_line' id='line_1_4' title="bbox 379 632 1597 731; baseline -0.005 -34"><span class='ocrx_word' id='word_1_20' title='bbox 379 635 452 697; x_wconf 87' lang='lat' dir='ltr'>Diei</span> <span class='ocrx_word' id='word_1_21' title='bbox 470 635 575 716; x_wconf 90' lang='lat' dir='ltr'>nequit</span> <span class='ocrx_word' id='word_1_22' title='bbox 589 634 707 717; x_wconf 88' lang='lat' dir='ltr'>quantis</span> <span class='ocrx_word' id='word_1_23' title='bbox 724 633 833 695; x_wconf 88' lang='lat' dir='ltr'>animis</span> <span class='ocrx_word' id='word_1_24' title='bbox 854 633 998 696; x_wconf 86' lang='lat' dir='ltr'>Generali</span> <span class='ocrx_word' id='word_1_25' title='bbox 1016 633 1125 715; x_wconf 81' lang='lat' dir='ltr'>Campi</span> <span class='ocrx_word' id='word_1_26' title='bbox 1144 632 1363 696; x_wconf 87' lang='lat' dir='ltr'>Maresohallus</span> <span class='ocrx_word' id='word_1_27' title='bbox 1382 632 1541 694; x_wconf 76' lang='lat' dir='ltr'>Octavius</span> <span class='ocrx_word' id='word_1_28' title='bbox 1593 656 1597 731; x_wconf 66' lang='lat' dir='ltr'>p</span> 
     </span>
     <span class='ocr_line' id='line_1_5' title="bbox 339 727 1540 812; baseline -0.003 -19"><span class='ocrx_word' id='word_1_29' title='bbox 339 731 497 793; x_wconf 87' lang='lat' dir='ltr'>Farnesius</span> <span class='ocrx_word' id='word_1_30' title='bbox 510 731 620 793; x_wconf 81' lang='lat' dir='ltr'>Comes</span> <span class='ocrx_word' id='word_1_31' title='bbox 632 727 850 792; x_wconf 89' lang='lat' dir='ltr'>Pieolomiuius</span> <span class='ocrx_word' id='word_1_32' title='bbox 859 750 930 791; x_wconf 86' lang='lat' dir='ltr'>aum</span> <span class='ocrx_word' id='word_1_33' title='bbox 945 729 1088 791; x_wconf 86' lang='lat' dir='ltr'>Generali</span> <span class='ocrx_word' id='word_1_34' title='bbox 1100 729 1274 812; x_wconf 82' lang='lat' dir='ltr'>vigiliarum</span> <span class='ocrx_word' id='word_1_35' title='bbox 1285 729 1439 791; x_wconf 75' lang='lat' dir='ltr'>Praefecto</span> <span class='ocrx_word' id='word_1_36' title='bbox 1451 728 1540 789; x_wconf 88' lang='lat' dir='ltr'>Bee-</span> 
     </span>
     <span class='ocr_line' id='line_1_6' title="bbox 336 825 1535 909; baseline -0.003 -20"><span class='ocrx_word' id='word_1_37' title='bbox 336 828 409 908; x_wconf 92' lang='lat' dir='ltr'>quio</span> <span class='ocrx_word' id='word_1_38' title='bbox 421 827 479 889; x_wconf 90' lang='lat' dir='ltr'>boe</span> <span class='ocrx_word' id='word_1_39' title='bbox 492 827 646 909; x_wconf 81' lang='lat' dir='ltr'>negotium</span> <span class='ocrx_word' id='word_1_40' title='bbox 660 825 855 906; x_wconf 69' lang='lat' dir='ltr'><strong>susceperint,</strong></span> <span class='ocrx_word' id='word_1_41' title='bbox 867 825 1081 906; x_wconf 85' lang='lat' dir='ltr'>Consiliisque,</span> <span class='ocrx_word' id='word_1_42' title='bbox 1096 826 1146 889; x_wconf 89' lang='lat' dir='ltr'>bie</span> <span class='ocrx_word' id='word_1_43' title='bbox 1156 827 1280 908; x_wconf 88' lang='lat' dir='ltr'>quidem</span> <span class='ocrx_word' id='word_1_44' title='bbox 1294 846 1395 887; x_wconf 86' lang='lat' dir='ltr'>amore</span> <span class='ocrx_word' id='word_1_45' title='bbox 1409 826 1535 907; x_wconf 73' lang='lat' dir='ltr'>panim,</span> 
     </span>
     <span class='ocr_line' id='line_1_7' title="bbox 336 922 1178 1005; baseline -0.002 -20"><span class='ocrx_word' id='word_1_46' title='bbox 336 924 388 985; x_wconf 88' lang='lat' dir='ltr'>ille</span> <span class='ocrx_word' id='word_1_47' title='bbox 401 922 609 1005; x_wconf 79' lang='lat' dir='ltr'>amplificandi</span> <span class='ocrx_word' id='word_1_48' title='bbox 621 942 733 984; x_wconf 93' lang='lat' dir='ltr'>nomen</span> <span class='ocrx_word' id='word_1_49' title='bbox 746 932 777 984; x_wconf 87' lang='lat' dir='ltr'>at</span> <span class='ocrx_word' id='word_1_50' title='bbox 790 922 918 1004; x_wconf 82' lang='lat' dir='ltr'>gloriam</span> <span class='ocrx_word' id='word_1_51' title='bbox 932 923 1178 1004; x_wconf 75' lang='lat' dir='ltr'><strong>conspiraverint.</strong></span> 
     </span>
    </p>

    <p class='ocr_par' dir='ltr' id='par_1_4' title="bbox 335 1016 1597 1864">
     <span class='ocr_line' id='line_1_8' title="bbox 378 1016 1535 1089; baseline -0.003 -8"><span class='ocrx_word' id='word_1_52' title='bbox 378 1021 426 1081; x_wconf 84' lang='lat' dir='ltr'>Ex</span> <span class='ocrx_word' id='word_1_53' title='bbox 439 1020 540 1082; x_wconf 90' lang='lat' dir='ltr'>hostili</span> <span class='ocrx_word' id='word_1_54' title='bbox 558 1018 622 1081; x_wconf 84' lang='lat' dir='ltr'>aeia</span> <span class='ocrx_word' id='word_1_55' title='bbox 636 1018 841 1080; x_wconf 87' lang='lat' dir='ltr'>oooubuerunt</span> <span class='ocrx_word' id='word_1_56' title='bbox 855 1017 964 1079; x_wconf 85' lang='lat' dir='ltr'>Comes</span> <span class='ocrx_word' id='word_1_57' title='bbox 978 1016 1081 1081; x_wconf 84' lang='lat' dir='ltr'>Sancti</span> <span class='ocrx_word' id='word_1_58' title='bbox 1096 1018 1199 1089; x_wconf 67' lang='lat' dir='ltr'>Pauli</span> <span class='ocrx_word' id='word_1_59' title='bbox 1215 1016 1373 1082; x_wconf 75' lang='lat' dir='ltr'><strong>Generalis</strong></span> <span class='ocrx_word' id='word_1_60' title='bbox 1387 1016 1535 1079; x_wconf 79' lang='lat' dir='ltr'>Franeiae</span> 
     </span>
     <span class='ocr_line' id='line_1_9' title="bbox 338 1112 1535 1197; baseline -0.002 -20"><span class='ocrx_word' id='word_1_61' title='bbox 338 1115 556 1177; x_wconf 84' lang='lat' dir='ltr'>Mareaohnllus</span> <span class='ocrx_word' id='word_1_62' title='bbox 566 1116 604 1177; x_wconf 92' lang='lat' dir='ltr'>de</span> <span class='ocrx_word' id='word_1_63' title='bbox 615 1114 796 1188; x_wconf 85' lang='lat' dir='ltr'>Ohaumont,</span> <span class='ocrx_word' id='word_1_64' title='bbox 809 1113 929 1194; x_wconf 87' lang='lat' dir='ltr'>duoque</span> <span class='ocrx_word' id='word_1_65' title='bbox 938 1112 990 1174; x_wconf 85' lang='lat' dir='ltr'>ulii</span> <span class='ocrx_word' id='word_1_66' title='bbox 1003 1114 1164 1197; x_wconf 71' lang='lat' dir='ltr'>praeeipuae</span> <span class='ocrx_word' id='word_1_67' title='bbox 1177 1112 1362 1177; x_wconf 76' lang='lat' dir='ltr'>auctoritatis</span> <span class='ocrx_word' id='word_1_68' title='bbox 1373 1112 1535 1183; x_wconf 82' lang='lat' dir='ltr'>officiales,</span> 
     </span>
     <span class='ocr_line' id='line_1_10' title="bbox 336 1207 1536 1272; baseline -0.001 0"><span class='ocrx_word' id='word_1_69' title='bbox 336 1231 407 1272; x_wconf 87' lang='lat' dir='ltr'>enm</span> <span class='ocrx_word' id='word_1_70' title='bbox 424 1210 521 1271; x_wconf 73' lang='lat' dir='ltr'>multd</span> <span class='ocrx_word' id='word_1_71' title='bbox 537 1208 691 1271; x_wconf 88' lang='lat' dir='ltr'>nobilitate</span> <span class='ocrx_word' id='word_1_72' title='bbox 710 1207 831 1270; x_wconf 74' lang='lat' dir='ltr'>Gallica</span> <span class='ocrx_word' id='word_1_73' title='bbox 849 1228 886 1269; x_wconf 84' lang='lat' dir='ltr'>ex</span> <span class='ocrx_word' id='word_1_74' title='bbox 905 1207 1082 1271; x_wconf 82' lang='lat' dir='ltr'>Caesarianis</span> <span class='ocrx_word' id='word_1_75' title='bbox 1103 1210 1171 1271; x_wconf 91' lang='lat' dir='ltr'>Deo</span> <span class='ocrx_word' id='word_1_76' title='bbox 1189 1209 1232 1271; x_wconf 87' lang='lat' dir='ltr'>ita</span> <span class='ocrx_word' id='word_1_77' title='bbox 1249 1209 1420 1272; x_wconf 73' lang='lat' dir='ltr'>sentinante</span> <span class='ocrx_word' id='word_1_78' title='bbox 1437 1229 1536 1271; x_wconf 88' lang='lat' dir='ltr'>nemo</span> 
     </span>
     <span class='ocr_line' id='line_1_11' title="bbox 337 1304 1597 1387; baseline 0.002 -22"><span class='ocrx_word' id='word_1_79' title='bbox 337 1326 416 1368; x_wconf 88' lang='lat' dir='ltr'>unus</span> <span class='ocrx_word' id='word_1_80' title='bbox 437 1324 647 1385; x_wconf 86' lang='lat' dir='ltr'>supremorum</span> <span class='ocrx_word' id='word_1_81' title='bbox 670 1313 840 1387; x_wconf 87' lang='lat' dir='ltr'>peremptus</span> <span class='ocrx_word' id='word_1_82' title='bbox 865 1314 918 1379; x_wconf 77' lang='lat' dir='ltr'>est,</span> <span class='ocrx_word' id='word_1_83' title='bbox 944 1325 1081 1384; x_wconf 87' lang='lat' dir='ltr'>unusque</span> <span class='ocrx_word' id='word_1_84' title='bbox 1105 1306 1186 1367; x_wconf 91' lang='lat' dir='ltr'>solus</span> <span class='ocrx_word' id='word_1_85' title='bbox 1213 1304 1354 1368; x_wconf 87' lang='lat' dir='ltr'>Marehio</span> <span class='ocrx_word' id='word_1_86' title='bbox 1379 1305 1535 1387; x_wconf 80' lang='lat' dir='ltr'>Gonaaga</span> <span class='ocrx_word' id='word_1_87' title='bbox 1596 1324 1597 1387; x_wconf 73' lang='lat' dir='ltr'><strong>j</strong></span> 
     </span>
     <span class='ocr_line' id='line_1_12' title="bbox 336 1398 1532 1485; baseline 0.002 -24"><span class='ocrx_word' id='word_1_88' title='bbox 336 1401 453 1462; x_wconf 90' lang='lat' dir='ltr'>duobus</span> <span class='ocrx_word' id='word_1_89' title='bbox 472 1398 602 1482; x_wconf 76' lang='lat' dir='ltr'>globulis</span> <span class='ocrx_word' id='word_1_90' title='bbox 618 1400 791 1461; x_wconf 86' lang='lat' dir='ltr'>vulneratus</span> <span class='ocrx_word' id='word_1_91' title='bbox 807 1409 862 1474; x_wconf 90' lang='lat' dir='ltr'>est,</span> <span class='ocrx_word' id='word_1_92' title='bbox 877 1420 934 1463; x_wconf 83' lang='lat' dir='ltr'>uae</span> <span class='ocrx_word' id='word_1_93' title='bbox 946 1420 984 1462; x_wconf 87' lang='lat' dir='ltr'>ex</span> <span class='ocrx_word' id='word_1_94' title='bbox 998 1402 1144 1485; x_wconf 83' lang='lat' dir='ltr'>gregariis</span> <span class='ocrx_word' id='word_1_95' title='bbox 1156 1402 1280 1484; x_wconf 87' lang='lat' dir='ltr'>quidem</span> <span class='ocrx_word' id='word_1_96' title='bbox 1296 1403 1441 1465; x_wconf 77' lang='lat' dir='ltr'>militibus</span> <span class='ocrx_word' id='word_1_97' title='bbox 1458 1422 1532 1484; x_wconf 87' lang='lat' dir='ltr'>per-</span> 
     </span>
     <span class='ocr_line' id='line_1_13' title="bbox 335 1496 1597 1581; baseline 0.003 -25"><span class='ocrx_word' id='word_1_98' title='bbox 335 1496 405 1557; x_wconf 88' lang='lat' dir='ltr'>iisse</span> <span class='ocrx_word' id='word_1_99' title='bbox 418 1504 563 1575; x_wconf 87' lang='lat' dir='ltr'>putantur</span> <span class='ocrx_word' id='word_1_100' title='bbox 579 1515 670 1577; x_wconf 87' lang='lat' dir='ltr'>supra</span> <span class='ocrx_word' id='word_1_101' title='bbox 687 1497 886 1579; x_wconf 82' lang='lat' dir='ltr'>octingentos,</span> <span class='ocrx_word' id='word_1_102' title='bbox 900 1518 971 1560; x_wconf 86' lang='lat' dir='ltr'>eum</span> <span class='ocrx_word' id='word_1_103' title='bbox 986 1498 1124 1561; x_wconf 74' lang='lat' dir='ltr'>Guneus</span> <span class='ocrx_word' id='word_1_104' title='bbox 1140 1507 1245 1561; x_wconf 89' lang='lat' dir='ltr'>eontra</span> <span class='ocrx_word' id='word_1_105' title='bbox 1260 1500 1410 1581; x_wconf 75' lang='lat' dir='ltr'>peditatus</span> <span class='ocrx_word' id='word_1_106' title='bbox 1426 1500 1532 1562; x_wconf 89' lang='lat' dir='ltr'>omnis</span> <span class='ocrx_word' id='word_1_107' title='bbox 1596 1562 1597 1571; x_wconf 55' lang='grc'>,</span> 
     </span>
     <span class='ocr_line' id='line_1_14' title="bbox 336 1582 1597 1679; baseline 0.006 -26"><span class='ocrx_word' id='word_1_108' title='bbox 336 1612 455 1672; x_wconf 90' lang='lat' dir='ltr'>pessum</span> <span class='ocrx_word' id='word_1_109' title='bbox 468 1591 547 1663; x_wconf 90' lang='lat' dir='ltr'>ierit,</span> <span class='ocrx_word' id='word_1_110' title='bbox 558 1612 596 1652; x_wconf 85' lang='lat' dir='ltr'>ex</span> <span class='ocrx_word' id='word_1_111' title='bbox 608 1611 669 1672; x_wconf 92' lang='lat' dir='ltr'>qno</span> <span class='ocrx_word' id='word_1_112' title='bbox 681 1612 733 1653; x_wconf 88' lang='lat' dir='ltr'>sex</span> <span class='ocrx_word' id='word_1_113' title='bbox 747 1593 906 1655; x_wconf 89' lang='lat' dir='ltr'>minimum</span> <span class='ocrx_word' id='word_1_114' title='bbox 922 1594 1018 1655; x_wconf 87' lang='lat' dir='ltr'>millia</span> <span class='ocrx_word' id='word_1_115' title='bbox 1033 1604 1160 1657; x_wconf 89' lang='lat' dir='ltr'>mortem</span> <span class='ocrx_word' id='word_1_116' title='bbox 1175 1597 1339 1679; x_wconf 76' lang='lat' dir='ltr'>oppetiere,</span> <span class='ocrx_word' id='word_1_117' title='bbox 1356 1598 1436 1678; x_wconf 86' lang='lat' dir='ltr'>eapti</span> <span class='ocrx_word' id='word_1_118' title='bbox 1451 1618 1531 1659; x_wconf 87' lang='lat' dir='ltr'>vero</span> <span class='ocrx_word' id='word_1_119' title='bbox 1596 1582 1597 1603; x_wconf 47' lang='lat'>¹</span> 
     </span>
     <span class='ocr_line' id='line_1_15' title="bbox 335 1687 1529 1773; baseline 0.005 -24"><span class='ocrx_word' id='word_1_120' title='bbox 335 1689 376 1749; x_wconf 89' lang='lat' dir='ltr'>od</span> <span class='ocrx_word' id='word_1_121' title='bbox 385 1688 445 1749; x_wconf 85' lang='lat' dir='ltr'>tria</span> <span class='ocrx_word' id='word_1_122' title='bbox 451 1687 718 1769; x_wconf 85' lang='lat' dir='ltr'>milliainterqnos</span> <span class='ocrx_word' id='word_1_123' title='bbox 727 1690 853 1753; x_wconf 79' lang='lat' dir='ltr'>trecenti</span> <span class='ocrx_word' id='word_1_124' title='bbox 861 1690 997 1753; x_wconf 86' lang='lat' dir='ltr'>officiarii</span> <span class='ocrx_word' id='word_1_125' title='bbox 1007 1690 1128 1772; x_wconf 89' lang='lat' dir='ltr'>ipseque</span> <span class='ocrx_word' id='word_1_126' title='bbox 1137 1691 1353 1773; x_wconf 83' lang='lat' dir='ltr'>Campiduetor</span> <span class='ocrx_word' id='word_1_127' title='bbox 1362 1693 1529 1755; x_wconf 82' lang='lat' dir='ltr'>Gallorum</span> 
     </span>
     <span class='ocr_line' id='line_1_16' title="bbox 337 1782 1434 1864; baseline 0.005 -20"><span class='ocrx_word' id='word_1_128' title='bbox 337 1784 494 1845; x_wconf 86' lang='lat' dir='ltr'>Monsieur</span> <span class='ocrx_word' id='word_1_129' title='bbox 507 1782 546 1843; x_wconf 87' lang='lat' dir='ltr'>de</span> <span class='ocrx_word' id='word_1_130' title='bbox 561 1783 738 1864; x_wconf 87' lang='lat' dir='ltr'>Feoquieres</span> <span class='ocrx_word' id='word_1_131' title='bbox 751 1786 917 1849; x_wconf 71' lang='lat' dir='ltr'>meandum</span> <span class='ocrx_word' id='word_1_132' title='bbox 931 1786 1085 1849; x_wconf 79' lang='lat' dir='ltr'>brachium</span> <span class='ocrx_word' id='word_1_133' title='bbox 1098 1788 1238 1850; x_wconf 87' lang='lat' dir='ltr'>dextrum</span> <span class='ocrx_word' id='word_1_134' title='bbox 1251 1788 1434 1851; x_wconf 85' lang='lat' dir='ltr'>vulneratus.</span> 
     </span>
    </p>

    <p class='ocr_par' dir='ltr' id='par_1_5' title="bbox 333 1879 1597 2536">
     <span class='ocr_line' id='line_1_17' title="bbox 373 1879 1526 1967; baseline 0.005 -25"><span class='ocrx_word' id='word_1_135' title='bbox 373 1882 423 1942; x_wconf 84' lang='lat' dir='ltr'>Ex</span> <span class='ocrx_word' id='word_1_136' title='bbox 436 1881 503 1942; x_wconf 88' lang='lat' dir='ltr'>viro</span> <span class='ocrx_word' id='word_1_137' title='bbox 514 1879 575 1940; x_wconf 86' lang='lat' dir='ltr'>fide</span> <span class='ocrx_word' id='word_1_138' title='bbox 589 1879 776 1961; x_wconf 85' lang='lat' dir='ltr'>dignissimo,</span> <span class='ocrx_word' id='word_1_139' title='bbox 789 1882 844 1962; x_wconf 93' lang='lat' dir='ltr'>qni</span> <span class='ocrx_word' id='word_1_140' title='bbox 858 1882 938 1945; x_wconf 88' lang='lat' dir='ltr'>eladi</span> <span class='ocrx_word' id='word_1_141' title='bbox 950 1882 1022 1945; x_wconf 85' lang='lat' dir='ltr'>huie</span> <span class='ocrx_word' id='word_1_142' title='bbox 1034 1893 1181 1965; x_wconf 78' lang='lat' dir='ltr'>spectator</span> <span class='ocrx_word' id='word_1_143' title='bbox 1192 1884 1289 1947; x_wconf 86' lang='lat' dir='ltr'>adfuit</span> <span class='ocrx_word' id='word_1_144' title='bbox 1302 1886 1416 1967; x_wconf 82' lang='lat' dir='ltr'>aoeepi,</span> <span class='ocrx_word' id='word_1_145' title='bbox 1428 1887 1526 1948; x_wconf 91' lang='lat' dir='ltr'>nomi·</span> 
     </span>
     <span class='ocr_line' id='line_1_18' title="bbox 333 1974 1523 2064; baseline 0.005 -26"><span class='ocrx_word' id='word_1_146' title='bbox 333 1986 439 2039; x_wconf 91' lang='lat' dir='ltr'>natum</span> <span class='ocrx_word' id='word_1_147' title='bbox 450 1978 517 2058; x_wconf 86' lang='lat' dir='ltr'>jam</span> <span class='ocrx_word' id='word_1_148' title='bbox 531 1974 710 2037; x_wconf 85' lang='lat' dir='ltr'>Generalem</span> <span class='ocrx_word' id='word_1_149' title='bbox 725 1975 904 2057; x_wconf 85' lang='lat' dir='ltr'>Feequieres</span> <span class='ocrx_word' id='word_1_150' title='bbox 922 1987 985 2040; x_wconf 89' lang='lat' dir='ltr'>tam</span> <span class='ocrx_word' id='word_1_151' title='bbox 1002 1980 1134 2061; x_wconf 84' lang='lat' dir='ltr'>graviter</span> <span class='ocrx_word' id='word_1_152' title='bbox 1147 1980 1272 2041; x_wconf 86' lang='lat' dir='ltr'>sensisse</span> <span class='ocrx_word' id='word_1_153' title='bbox 1285 1980 1363 2043; x_wconf 87' lang='lat' dir='ltr'>hano</span> <span class='ocrx_word' id='word_1_154' title='bbox 1378 1992 1523 2064; x_wconf 80' lang='lat' dir='ltr'>stragem,</span> 
     </span>
     <span class='ocr_line' id='line_1_19' title="bbox 333 2070 1524 2159; baseline 0.005 -25"><span class='ocrx_word' id='word_1_155' title='bbox 333 2084 369 2134; x_wconf 87' lang='lat' dir='ltr'>ut</span> <span class='ocrx_word' id='word_1_156' title='bbox 380 2071 589 2134; x_wconf 81' lang='lat' dir='ltr'>delinientibus</span> <span class='ocrx_word' id='word_1_157' title='bbox 601 2070 715 2133; x_wconf 78' lang='lat' dir='ltr'>viribus</span> <span class='ocrx_word' id='word_1_158' title='bbox 727 2080 758 2132; x_wconf 88' lang='lat' dir='ltr'>et</span> <span class='ocrx_word' id='word_1_159' title='bbox 769 2074 882 2147; x_wconf 90' lang='lat' dir='ltr'>animo,</span> <span class='ocrx_word' id='word_1_160' title='bbox 896 2094 952 2136; x_wconf 88' lang='lat' dir='ltr'>nee</span> <span class='ocrx_word' id='word_1_161' title='bbox 966 2075 1057 2154; x_wconf 85' lang='lat' dir='ltr'>pedes</span> <span class='ocrx_word' id='word_1_162' title='bbox 1069 2074 1208 2138; x_wconf 79' lang='lat' dir='ltr'>incedere</span> <span class='ocrx_word' id='word_1_163' title='bbox 1221 2078 1363 2157; x_wconf 87' lang='lat' dir='ltr'>potnerit,</span> <span class='ocrx_word' id='word_1_164' title='bbox 1374 2098 1431 2139; x_wconf 86' lang='lat' dir='ltr'>nee</span> <span class='ocrx_word' id='word_1_165' title='bbox 1444 2098 1524 2159; x_wconf 90' lang='lat' dir='ltr'>equo</span> 
     </span>
     <span class='ocr_line' id='line_1_20' title="bbox 334 2166 1597 2249; baseline 0.005 -18"><span class='ocrx_word' id='word_1_166' title='bbox 334 2167 414 2243; x_wconf 83' lang='lat' dir='ltr'>vehi,</span> <span class='ocrx_word' id='word_1_167' title='bbox 430 2168 510 2229; x_wconf 92' lang='lat' dir='ltr'>unda</span> <span class='ocrx_word' id='word_1_168' title='bbox 521 2166 694 2227; x_wconf 86' lang='lat' dir='ltr'>linteamine</span> <span class='ocrx_word' id='word_1_169' title='bbox 706 2166 827 2229; x_wconf 82' lang='lat' dir='ltr'>obvolvi</span> <span class='ocrx_word' id='word_1_170' title='bbox 840 2179 869 2229; x_wconf 91' lang='lat' dir='ltr'>et</span> <span class='ocrx_word' id='word_1_171' title='bbox 883 2169 901 2230; x_wconf 75' lang='lat' dir='ltr'>i</span> <span class='ocrx_word' id='word_1_172' title='bbox 915 2170 1113 2249; x_wconf 79' lang='lat' dir='ltr'>quaternione</span> <span class='ocrx_word' id='word_1_173' title='bbox 1129 2170 1260 2235; x_wconf 89' lang='lat' dir='ltr'>militum</span> <span class='ocrx_word' id='word_1_174' title='bbox 1272 2172 1402 2235; x_wconf 76' lang='lat' dir='ltr'>Theonis</span> <span class='ocrx_word' id='word_1_175' title='bbox 1416 2174 1522 2236; x_wconf 84' lang='lat' dir='ltr'>villam</span> <span class='ocrx_word' id='word_1_176' title='bbox 1596 2196 1597 2205; x_wconf 54' lang='lat'>¹</span> 
     </span>
     <span class='ocr_line' id='line_1_21' title="bbox 333 2262 1519 2347; baseline 0.008 -25"><span class='ocrx_word' id='word_1_177' title='bbox 333 2262 480 2343; x_wconf 84' lang='lat' dir='ltr'>asportari</span> <span class='ocrx_word' id='word_1_178' title='bbox 493 2262 630 2324; x_wconf 88' lang='lat' dir='ltr'>debuerit</span> <span class='ocrx_word' id='word_1_179' title='bbox 643 2264 694 2324; x_wconf 87' lang='lat' dir='ltr'>nbi</span> <span class='ocrx_word' id='word_1_180' title='bbox 708 2262 803 2325; x_wconf 87' lang='lat' dir='ltr'>multo</span> <span class='ocrx_word' id='word_1_181' title='bbox 814 2274 945 2346; x_wconf 90' lang='lat' dir='ltr'>tempore</span> <span class='ocrx_word' id='word_1_182' title='bbox 959 2266 1080 2328; x_wconf 74' lang='lat' dir='ltr'>tristitia</span> <span class='ocrx_word' id='word_1_183' title='bbox 1093 2276 1123 2328; x_wconf 88' lang='lat' dir='ltr'>et</span> <span class='ocrx_word' id='word_1_184' title='bbox 1137 2268 1279 2330; x_wconf 74' lang='lat' dir='ltr'>ineditae</span> <span class='ocrx_word' id='word_1_185' title='bbox 1290 2270 1366 2331; x_wconf 90' lang='lat' dir='ltr'>adeo</span> <span class='ocrx_word' id='word_1_186' title='bbox 1380 2271 1519 2347; x_wconf 80' lang='lat' dir='ltr'>eonseeit,</span> 
     </span>
     <span class='ocr_line' id='line_1_22' title="bbox 334 2359 1519 2447; baseline 0.006 -25"><span class='ocrx_word' id='word_1_187' title='bbox 334 2361 419 2422; x_wconf 88' lang='lat' dir='ltr'>utin</span> <span class='ocrx_word' id='word_1_188' title='bbox 436 2359 614 2441; x_wconf 71' lang='lat' dir='ltr'>languorem</span> <span class='ocrx_word' id='word_1_189' title='bbox 634 2359 776 2421; x_wconf 78' lang='lat' dir='ltr'>inciderit</span> <span class='ocrx_word' id='word_1_190' title='bbox 795 2361 960 2423; x_wconf 87' lang='lat' dir='ltr'>admodum</span> <span class='ocrx_word' id='word_1_191' title='bbox 981 2363 1191 2443; x_wconf 79' lang='lat' dir='ltr'>periculosum,</span> <span class='ocrx_word' id='word_1_192' title='bbox 1211 2387 1250 2427; x_wconf 82' lang='lat' dir='ltr'>ex</span> <span class='ocrx_word' id='word_1_193' title='bbox 1266 2386 1328 2447; x_wconf 87' lang='lat' dir='ltr'>quo</span> <span class='ocrx_word' id='word_1_194' title='bbox 1348 2367 1438 2428; x_wconf 89' lang='lat' dir='ltr'>etiam</span> <span class='ocrx_word' id='word_1_195' title='bbox 1461 2387 1519 2429; x_wconf 91' lang='lat' dir='ltr'>non</span> 
     </span>
     <span class='ocr_line' id='line_1_23' title="bbox 334 2455 846 2536; baseline 0.002 -19"><span class='ocrx_word' id='word_1_196' title='bbox 334 2455 431 2518; x_wconf 86' lang='lat' dir='ltr'>multo</span> <span class='ocrx_word' id='word_1_197' title='bbox 444 2463 513 2535; x_wconf 87' lang='lat' dir='ltr'>pust</span> <span class='ocrx_word' id='word_1_198' title='bbox 526 2463 649 2536; x_wconf 84' lang='lat' dir='ltr'>putatur</span> <span class='ocrx_word' id='word_1_199' title='bbox 661 2456 846 2518; x_wconf 87' lang='lat' dir='ltr'>ooeubuisse.</span> 
     </span>
    </p>

    <p class='ocr_par' dir='ltr' id='par_1_6' title="bbox 374 2549 1518 2633">
     <span class='ocr_line' id='line_1_24' title="bbox 374 2549 1518 2633; baseline 0.01 -20"><span class='ocrx_word' id='word_1_200' title='bbox 374 2552 472 2632; x_wconf 82' lang='lat' dir='ltr'>Super</span> <span class='ocrx_word' id='word_1_201' title='bbox 481 2549 538 2611; x_wconf 83' lang='lat' dir='ltr'>bae</span> <span class='ocrx_word' id='word_1_202' title='bbox 551 2551 678 2612; x_wconf 86' lang='lat' dir='ltr'>victoria</span> <span class='ocrx_word' id='word_1_203' title='bbox 686 2551 755 2612; x_wconf 86' lang='lat' dir='ltr'>Deo</span> <span class='ocrx_word' id='word_1_204' title='bbox 768 2552 882 2633; x_wconf 89' lang='lat' dir='ltr'>optimo</span> <span class='ocrx_word' id='word_1_205' title='bbox 898 2553 1040 2627; x_wconf 84' lang='lat' dir='ltr'>maximo,</span> <span class='ocrx_word' id='word_1_206' title='bbox 1056 2553 1191 2619; x_wconf 91' lang='lat' dir='ltr'>Domino</span> <span class='ocrx_word' id='word_1_207' title='bbox 1204 2557 1401 2622; x_wconf 84' lang='lat' dir='ltr'>Exareituum</span> <span class='ocrx_word' id='word_1_208' title='bbox 1414 2571 1445 2622; x_wconf 91' lang='lat' dir='ltr'>et</span> <span class='ocrx_word' id='word_1_209' title='bbox 1458 2559 1518 2624; x_wconf 76' lang='lat' dir='ltr'>Re·</span> 
     </span>
    </p>
   </div>
   <div class='ocr_carea' id='block_1_3' title="bbox 331 2645 1519 2925">
    <p class='ocr_par' dir='ltr' id='par_1_7' title="bbox 331 2645 1519 2925">
     <span class='ocr_line' id='line_1_25' title="bbox 333 2645 1519 2734; baseline 0.009 -27"><span class='ocrx_word' id='word_1_210' title='bbox 333 2667 407 2729; x_wconf 86' lang='lat' dir='ltr'>gum</span> <span class='ocrx_word' id='word_1_211' title='bbox 424 2645 565 2708; x_wconf 87' lang='lat' dir='ltr'>domitori</span> <span class='ocrx_word' id='word_1_212' title='bbox 580 2646 804 2725; x_wconf 87' lang='lat' dir='ltr'>Potentissimo,</span> <span class='ocrx_word' id='word_1_213' title='bbox 823 2669 877 2730; x_wconf 87' lang='lat' dir='ltr'>per</span> <span class='ocrx_word' id='word_1_214' title='bbox 894 2659 989 2712; x_wconf 87' lang='lat' dir='ltr'>totum</span> <span class='ocrx_word' id='word_1_215' title='bbox 1008 2648 1152 2734; x_wconf 84' lang='lat' dir='ltr'>Belgium</span> <span class='ocrx_word' id='word_1_216' title='bbox 1170 2673 1205 2714; x_wconf 87' lang='lat' dir='ltr'>ae</span> <span class='ocrx_word' id='word_1_217' title='bbox 1226 2654 1381 2716; x_wconf 87' lang='lat' dir='ltr'>Duoatum</span> <span class='ocrx_word' id='word_1_218' title='bbox 1401 2656 1519 2718; x_wconf 79' lang='lat' dir='ltr'>Lunen-</span> 
     </span>
     <span class='ocr_line' id='line_1_26' title="bbox 333 2742 1517 2838; baseline 0.011 -33"><span class='ocrx_word' id='word_1_219' title='bbox 333 2744 512 2824; x_wconf 61' lang='lat' dir='ltr'>bmgenaem</span> <span class='ocrx_word' id='word_1_220' title='bbox 521 2742 712 2823; x_wconf 68' lang='lat' dir='ltr'>amplissimae</span> <span class='ocrx_word' id='word_1_221' title='bbox 722 2753 794 2806; x_wconf 89' lang='lat' dir='ltr'>sunt</span> <span class='ocrx_word' id='word_1_222' title='bbox 801 2746 927 2808; x_wconf 73' lang='lat' dir='ltr'>redditae</span> <span class='ocrx_word' id='word_1_223' title='bbox 937 2747 1052 2829; x_wconf 57' lang='lat' dir='ltr'>gratiae</span> <span class='ocrx_word' id='word_1_224' title='bbox 1062 2749 1281 2832; x_wconf 75' lang='lat' dir='ltr'>magnificeque</span> <span class='ocrx_word' id='word_1_225' title='bbox 1290 2753 1395 2816; x_wconf 81' lang='lat' dir='ltr'>festivo</span> <span class='ocrx_word' id='word_1_226' title='bbox 1403 2754 1517 2838; x_wconf 75' lang='lat' dir='ltr'>ignium</span> 
     </span>
     <span class='ocr_line' id='line_1_27' title="bbox 331 2837 1210 2925; baseline 0.008 -25"><span class='ocrx_word' id='word_1_227' title='bbox 331 2838 536 2902; x_wconf 76' lang='lat' dir='ltr'>artificialium</span> <span class='ocrx_word' id='word_1_228' title='bbox 550 2837 718 2921; x_wconf 86' lang='lat' dir='ltr'>splendore,</span> <span class='ocrx_word' id='word_1_229' title='bbox 731 2839 858 2922; x_wconf 87' lang='lat' dir='ltr'>aliisque</span> <span class='ocrx_word' id='word_1_230' title='bbox 872 2843 970 2906; x_wconf 90' lang='lat' dir='ltr'>modis</span> <span class='ocrx_word' id='word_1_231' title='bbox 984 2843 1210 2925; x_wconf 87' lang='lat' dir='ltr'>triumphatum.</span> 
     </span>
    </p>
   </div>
   <div class='ocr_carea' id='block_1_4' title="bbox 0 0 1618 4700">
    <p class='ocr_par' dir='ltr' id='par_1_8' title="bbox 0 0 1618 4700">
     <span class='ocr_line' id='line_1_28' title="bbox 0 0 1618 4700; baseline 0 2"><span class='ocrx_word' id='word_1_232' title='bbox 0 0 1618 4700; x_wconf 95' lang='lat' dir='ltr'> </span> 
     </span>
    </p>
   </div>
  </div>
 </body>
</html>
