3225 4700
499 336 914 407 ITINERARIUM.
1230 332 1290 396 ‹tll

94 487 315 566 paciscendum
328 511 360 550 se
372 491 554 553 obtulerunt.
595 490 754 553 Conclueis
763 490 859 571 pactis
873 490 1040 551 eduxerunt
1054 507 1090 548 ex
1105 484 1185 546 mille
1195 485 1290 565 qued·
1318 553 1320 556 v

94 583 257 665 ringentis,
278 607 354 666 quos
373 587 411 648 ab
431 587 519 648 initio
538 586 701 648 obsidionis
721 587 791 647 urbs
817 597 1033 658 numeraverat,
1054 581 1208 651 militibus,
1229 599 1289 640 uon

95 679 160 740 nisi
171 693 314 742 sexcenta
330 683 438 765 capita,
454 685 555 744 caeoeri
569 704 673 745 omnes
686 683 735 745 vel
752 683 863 744 morbis
876 682 925 743 vel
939 679 1024 740 clade
1043 676 1211 758 consumpti
1225 674 1288 735 fue·

95 787 178 838 rant.
220 776 392 859 Egressuris
406 801 546 841 concessa
565 789 635 841 sunt
647 780 708 841 duo
722 790 883 851 tormenta,
904 776 1005 838 omnia
1023 777 1144 857 insuper
1161 773 1288 853 impedi-

98 882 203 934 menta
215 894 283 955 quae
297 876 376 936 intra
388 887 534 938 trecentos
546 897 651 938 currus
668 885 824 946 steterunt,
834 887 928 956 atqua
951 872 1193 954 Luxemburgum
1213 889 1288 950 prae·

97 970 240 1032 sidiarins
254 972 340 1032 miles
353 973 500 1034 deductus
513 985 568 1034 est.
610 972 688 1035 Cum
703 974 878 1054 praesidium
891 969 1093 1053 egrederetur,
1105 965 1288 1028 steterentin

98 1063 194 1124 mmis
208 1063 303 1135 Galli,
316 1078 348 1126 et
361 1067 392 1126 in
405 1067 525 1147 signnm
540 1066 654 1128 laetitiae
668 1077 714 1128 ter
726 1064 840 1126 fistulas
853 1087 921 1129 suas
935 1073 1142 1128 exonerarunt.

143 1159 297 1221 Numerus
311 1161 469 1222 Gallorum
484 1164 652 1224 occisorum
667 1161 793 1223 durante
805 1162 959 1225 obsidione
973 1184 1032 1223 non
1046 1172 1090 1224 est
1107 1163 1210 1235 initus,
1225 1181 1289 1222 cer·

100 1267 166 1317 tum
189 1266 234 1318 est
256 1258 344 1339 plura
361 1257 452 1320 fuisse
475 1259 580 1334 millia,
608 1260 646 1319 de
674 1259 854 1340 primoribus
881 1261 1046 1322 occubuere
1075 1257 1291 1318 Marescballue

100 1353 203 1434 campi
218 1353 363 1428 IaMott,
374 1354 515 1417 Marcbio
528 1355 566 1416 de
575 1355 694 1418 Cbevre
706 1355 845 1416 similiter
855 1356 1071 1418 Marescballus
1081 1354 1190 1435 campi,
1201 1353 1290 1414 Mon·

99 1451 183 1511 sieur
196 1450 325 1512 Gassion
340 1452 411 1531 quia
422 1471 458 1513 ex
473 1473 550 1533 eqno
563 1452 767 1528 descenderat,
780 1463 811 1512 et
824 1453 883 1513 und
896 1475 965 1514 cnm
977 1453 1076 1534 pedite
1087 1451 1180 1512 milite
1191 1451 1291 1511 incur-

101 1556 193 1618 rerat,
219 1548 373 1611 mortalem
397 1547 517 1631 plagam
539 1550 664 1629 accepit.
714 1549 789 1609 Post
817 1569 967 1630 egressum
993 1550 1199 1630 Hispanorum
1224 1549 1293 1609 urbs

102 1646 240 1726 quinque
252 1645 420 1727 legionibus
434 1645 561 1707 Gallicis
571 1658 602 1707 et
614 1655 741 1726 quatuor
755 1645 955 1706 Helvetornm
970 1646 1131 1727 manipulis
1140 1657 1228 1707 aucto
1237 1655 1291 1706 est.

104 1741 299 1823 Expugnatio
318 1741 529 1805 Theonisvillte
552 1751 584 1804 ut
600 1742 730 1823 primum
749 1741 883 1803 Parisios
901 1744 1042 1804 nunciata
1061 1753 1114 1816 est,
1132 1740 1293 1825 magnifice

103 1838 318 1921 triumphatum
332 1848 379 1901 est
391 1839 422 1900 in
438 1840 566 1921 Reginae
580 1838 747 1919 praesentid.

154 2207 179 2288 ἢ
229 2214 248 2229 ²
307 2154 435 2265 lff·*
492 2183 570 2290 ἠΰ
649 2168 807 2268 &43³
862 2215 912 2287 sp
983 2226 987 2227 f
1047 2178 1078 2263 ἦ
1158 2214 1162 2215 ’
1232 2210 1252 2259 1

503 2450 695 2527 CAPUT
733 2450 905 2526 LXXV.

195 2608 247 2675 De
260 2609 540 2697 Francosordt'enai
559 2608 742 2699 Principem
757 2635 795 2677 uc
811 2610 959 2677 Statuam
974 2608 1010 2675 S.
1029 2608 1074 2672 R.
1095 2605 1223 2692 Imperii

411 2713 571 2780 Conventa
586 2725 614 2779 et
630 2716 703 2780 aliis
718 2716 791 2781 ltine
804 2715 991 2802 indagastis.

250 2901 274 2972 Γ
348 2909 359 2973 χ
371 2890 677 2953 EMORAVIMUS
691 2892 762 2953 alibi
775 2892 815 2953 de
836 2892 963 2953 comitiis
981 2890 1245 2952 Ratisbonensibus
1261 2910 1295 2949 ac

223 3008 250 3062 Q
327 2967 349 3017 '¹
389 2988 428 3048 de
446 2988 617 3069 principum
637 3008 672 3049 ae
690 2998 820 3049 statuum
842 2988 881 3049 nd
901 2987 954 3049 illa
972 2987 1087 3071 legetis.
1130 2985 1297 3066 inquibus

176 3134 178 3160 s
245 3073 287 3177 '5
329 3095 363 3183 3
390 3086 445 3146 sub
472 3085 585 3145 exitum
608 3086 783 3146 conclusum
810 3084 889 3147 inter
912 3096 1020 3146 caetera
1041 3083 1147 3157 fuerat,
1176 3094 1294 3143 utnon

130 3185 132 3193 ’
188 3227 203 3258 n
244 3170 286 3273 ‘a'
391 3182 486 3243 multb
499 3192 565 3262 post
583 3181 811 3244 Francofurtum
826 3183 903 3243 sacri
922 3182 1053 3243 Romani
1067 3181 1190 3262 Imperii
1204 3192 1296 3242 status

130 3282 142 3321 's'
173 3263 284 3342 [ll]
317 3267 359 3342 Q·
391 3278 1298 3361 convocarenturprocomponendisquibusdamcontroversiis

22 3369 23 3374 1
106 3381 352 3465 quaebcomitiis
365 3380 394 3439 in
409 3376 652 3459 opportuniorem
662 3376 763 3436 locum
778 3376 896 3455 rejectae
910 3387 1003 3436 erant.
1047 3374 1085 3435 Id
1095 3375 1175 3455 qnod
1185 3374 1296 3435 factum

21 3513 24 3524 ‹
105 3492 160 3540 est.
202 3476 346 3538 Collectis
360 3475 459 3554 itaque
471 3471 631 3553 potissimis
641 3470 806 3533 electorum
816 3470 1001 3551 aliorumque
1012 3469 1182 3551 principum
1193 3469 1297 3552 legatis

107 3586 137 3637 et
154 3573 333 3636 consiliariis
350 3572 391 3632 ad
403 3569 582 3652 vigesimum
601 3569 731 3649 primum
747 3568 901 3629 Februarii
920 3568 991 3628 anni
1006 3567 1024 3629 a
1039 3566 1297 3647 sesquimillesimo

109 3670 264 3735 centesimi
278 3667 497 3750 quadragesimi
511 3665 591 3727 tertii
606 3664 636 3724 in
651 3664 765 3725 curiam
779 3664 936 3725 convocati
950 3674 1021 3724 sunt
1036 3662 1085 3724 ubi
1103 3662 1297 3745 praesentibus

112 3768 258 3831 Caesareis
271 3765 491 3839 commissoriis,
505 3762 668 3845 propositio
682 3762 712 3822 in
727 3772 899 3842 sequentem
913 3778 1031 3820 sensnm
1045 3758 1125 3819 edita
1138 3769 1191 3819 est.
