3225 4700
270 331 334 395 204
674 322 1077 392 ITINERARIUM.

275 480 392 563 profani
415 479 500 553 Dux,
523 486 553 540 et
573 478 730 539 maritimae
752 476 855 540 classis
876 474 1005 554 Praesnl,
1026 495 1148 538 cursum
1165 494 1255 536 snum
1268 472 1427 534 Anderam
1443 480 1486 533 et

278 578 474 640 Couronnam
487 575 609 638 direxit.

319 673 386 734 III.
409 672 526 733 Octavo
540 672 657 733 decimo
671 672 805 755 Augusti
818 673 978 735 duodecim
993 672 1139 734 muliones
1152 691 1222 733 cum
1235 671 1327 732 mulis
1344 670 1408 732 suis
1425 690 1481 752 pe-

278 769 369 832 cunia
381 770 457 830 bene
471 768 595 842 onustis,
610 768 761 829 Basilesm
775 769 964 850 appulerunt,
977 770 1031 850 qni
1039 768 1198 831 deduxisse
1211 767 1285 828 illuc
1298 768 1480 829 dicebantur

278 872 417 927 sexcenta
438 864 644 945 Imperialium
662 864 767 926 millis.
811 865 858 926 Hi
873 866 965 927 iidem
979 874 1181 927 asseveranter
1193 863 1372 938 referebant,
1386 863 1477 947 longe

279 960 379 1021 adhuc
400 960 543 1040 majorem
565 959 700 1041 pecnniae
722 960 784 1022 vim
807 960 838 1021 in
858 960 909 1021 via
930 980 1003 1035 esse,
1025 959 1163 1041 mittique
1183 979 1250 1021 eam
1266 958 1287 1021 d
1305 958 1478 1021 Galliarum

281 1058 366 1140 Rege
381 1077 434 1139 pro
447 1056 604 1139 stipendiis
616 1056 768 1118 solvendis
782 1057 948 1119 Wimarico
961 1057 1061 1119 militi.
1103 1056 1218 1118 Forum
1229 1055 1405 1117 relationem
1418 1076 1480 1117 non

281 1174 387 1217 vanum
402 1154 492 1215 fuisse
506 1162 629 1215 eventus
643 1154 755 1228 docuit,
766 1154 910 1235 quoniam
923 1153 1003 1215 intra
1011 1153 1186 1235 quindecim
1199 1152 1317 1215 dicrum
1330 1151 1479 1233 spacium,

282 1249 443 1314 duodecies
457 1259 583 1313 centena
595 1250 691 1311 millis
704 1250 913 1332 Imperialium
927 1250 1006 1312 inter
1015 1251 1195 1312 Wimaricas
1207 1250 1349 1332 cepisset
1358 1248 1483 1310 Gallica

281 1347 405 1431 agmins
418 1347 560 1428 dissipata
572 1366 635 1408 esse
652 1346 770 1429 liquido
785 1356 973 1428 compertum
990 1356 1044 1409 est.
1085 1346 1200 1408 Merito
1215 1345 1371 1407 mmamria
1386 1346 1482 1406 lector

282 1444 364 1506 unde
377 1454 470 1505 tantae
488 1443 632 1525 impensae
646 1442 806 1505 Gallorum
823 1444 924 1526 Regii
943 1444 998 1505 sed
1016 1444 1143 1519 desines,
1162 1444 1195 1504 ni
1214 1443 1312 1518 fallor,
1330 1442 1435 1503 mirari
1454 1441 1483 1502 si

283 1539 454 1601 exactiones
473 1538 568 1621 Regis
585 1538 637 1600 vix
654 1548 706 1600 aut
719 1560 757 1601 ne
772 1540 825 1601 vix
838 1541 962 1621 quidem
974 1540 1101 1601 subditis
1114 1538 1294 1614 tolerandas,
1309 1539 1484 1600 considera·

284 1638 329 1699 bis
337 1660 348 1713 3
370 1637 451 1698 nude
464 1657 525 1698 non
539 1636 652 1718 injuris
664 1636 737 1698 olim
752 1637 971 1719 Imperatorum
984 1646 1156 1718 portentum
1168 1635 1288 1698 Pusillo
1305 1634 1338 1695 in
1355 1655 1483 1716 corpore

285 1734 420 1817 Magnus
430 1732 557 1795 Carolus
570 1732 661 1816 hujus
674 1734 805 1795 nominis
819 1734 952 1807 Quintus
965 1732 1077 1796 Galliae
1091 1733 1256 1813 subjectam
1274 1731 1392 1813 plebem
1407 1752 1482 1792 cnm

283 1830 376 1892 asinis
394 1830 528 1891 contulit.
571 1828 702 1891 Causam
718 1849 849 1911 namque
867 1839 991 1913 rogatus
1008 1829 1171 1911 aliquando
1184 1828 1204 1890 d
1217 1826 1376 1889 Gallorum
1393 1827 1483 1909 Rege

286 1926 447 1988 Francisco
461 1926 490 1985 Ι.
505 1926 558 2007 qui
571 1926 667 2002 lieret,
678 1927 760 2007 quod
773 1948 843 1987 cum
854 1925 981 1987 Carolus
993 1927 1083 1987 ands
1095 1925 1239 2007 imperiis,
1252 1933 1297 1986 tot
1307 1924 1408 2007 regnis
1417 1934 1484 1985 tam

286 2022 434 2104 opulentis
444 2022 605 2102 provinciis
615 2032 763 2104 preesset,
774 2021 970 2083 nihilominus
980 2022 1051 2083 inde
1061 2020 1138 2082 nihil
1146 2021 1341 2083 emolumenti
1350 2032 1483 2103 caperet,

286 2119 349 2181 imo
363 2119 401 2180 de
415 2138 469 2179 sno
483 2119 627 2184 immanes
641 2128 776 2200 sumptus
789 2117 822 2179 in
835 2117 914 2180 bella
925 2129 956 2179 et
966 2117 1169 2199 expeditiones
1181 2126 1255 2198 quot
1267 2117 1354 2179 annis
1367 2117 1485 2200 impen-

187 2230 191 2243 ·
287 2216 390 2290 deret;
413 2234 473 2275 non
486 2216 586 2275 minus
599 2214 674 2277 salse
687 2233 776 2295 quam
789 2214 936 2275 veraciter
949 2214 1120 2294 respondit:
1141 2233 1173 2274 se
1186 2214 1311 2294 quidem
1320 2214 1486 2277 Germanis

288 2312 321 2374 in
341 2311 474 2393 Imperio
496 2311 642 2393 imperare
659 2318 694 2372 ut
713 2309 871 2382 Dominis;
895 2330 970 2390 quos
986 2310 1055 2373 ideo
1073 2310 1237 2374 modestius
1256 2309 1388 2386 baberet,
1405 2313 1485 2374 ned

291 2409 458 2472 Dominstu
472 2407 504 2469 in
518 2420 681 2470 extremam
698 2417 859 2490 egestatem
875 2408 1014 2490 ejiceret:
1039 2408 1186 2489 Hispanis
1203 2429 1275 2470 vero
1287 2409 1435 2471 dominari
1449 2420 1486 2471 ut

289 2505 441 2580 iratribus,
462 2505 570 2586 quibus
594 2505 740 2587 aequalem
762 2524 866 2568 secum
888 2503 1039 2566 sonunam
1061 2525 1099 2566 ex
1119 2505 1220 2566 auimo
1242 2505 1371 2566 faveret:
1396 2506 1488 2568 Indis

292 2612 391 2664 autem
406 2611 436 2663 et
447 2601 557 2664 exteris
571 2602 602 2663 in
617 2622 695 2664 novo
708 2601 778 2662 orbe
792 2601 962 2663 nationibus
970 2602 1043 2684 jura
1052 2601 1153 2664 dicere
1162 2610 1197 2664 ut
1209 2602 1290 2678 filiis,
1301 2603 1410 2683 quibus
1422 2623 1484 2664 non

293 2697 398 2766 deceat
410 2697 524 2785 eripere
539 2718 646 2781 panem
660 2707 690 2758 et
703 2699 774 2760 dare
790 2687 925 2773 canibus,
944 2698 1050 2781 Belgis
1066 2699 1196 2779 denique
1213 2699 1339 2780 imperia
1354 2698 1487 2760 diribere

295 2805 329 2856 ut
342 2795 441 2870 sociis,
459 2815 586 2876 qnorum
601 2793 739 2858 societate
758 2813 850 2880 quam
865 2795 1032 2857 diutissime
1052 2795 1185 2877 gaudere
1205 2795 1288 2857 velit.
1331 2795 1486 2857 Francisoi

295 2911 367 2954 uero
380 2890 474 2972 Regis
487 2889 669 2972 opulentiam
684 2889 754 2951 inde
768 2891 926 2972 essequod
942 2890 1102 2973 imperaret
1118 2891 1209 2954 asinis
1225 2893 1293 2975 jam
1311 2892 1428 2974 pridem
1445 2892 1487 2954 ad

296 2987 420 3049 ferenda
431 2987 587 3050 tributaria
600 3008 690 3049 onera
703 2987 885 3050 assuefactis.

337 3084 394 3145 1v.
416 3084 516 3146 Tertio
537 3085 656 3146 decimo
678 3085 812 3168 Augusti
827 3085 890 3156 die,
904 3085 937 3145 in
957 3085 1129 3146 Munitione
1150 3085 1182 3147 S.
1197 3088 1297 3147 Annae
1317 3085 1488 3168 Transfuga

298 3180 454 3260 Hispanus
475 3181 554 3244 inter
574 3180 689 3262 equites
709 3181 835 3262 signifer
855 3181 953 3262 capite
976 3181 1144 3242 diminutus
1163 3191 1227 3243 est:
1250 3182 1339 3263 cujus
1358 3183 1487 3244 cadaver

298 3285 384 3337 terrae
399 3278 455 3339 rite
467 3278 654 3354 mandatnm,
675 3288 765 3360 caput
780 3299 852 3340 vero
864 3279 897 3338 in
910 3277 1064 3340 elatiorem
1076 3278 1221 3360 perticam
1234 3278 1346 3341 elatum
1358 3299 1396 3339 ac
1411 3279 1487 3340 Hul-

299 3380 374 3432 stam
397 3392 499 3448 versus
519 3375 624 3437 obtutu
647 3375 806 3448 directum,
829 3395 865 3436 eo
881 3375 964 3456 quod
985 3395 1057 3436 cum
1081 3375 1238 3437 Hulstensi
1259 3375 1488 3438 commendante

300 3468 416 3530 occulte
436 3469 521 3532 dolos
542 3472 729 3542 machinatus
746 3480 834 3544 esset,
856 3491 1000 3553 suamque
1019 3472 1052 3533 in
1073 3491 1134 3552 qua
1150 3473 1269 3554 agebat,
1291 3472 1487 3534 munitionem

300 3563 377 3627 hosti
390 3565 506 3628 tradere
519 3567 668 3630 voluisset.

339 3661 379 3724 V.
404 3663 495 3726 Nono
517 3665 649 3748 Augusti
668 3663 800 3728 sexcenti
823 3664 941 3726 Croatae
963 3664 1165 3748 Fridburgum
1191 3665 1341 3749 Brisgoiae
1363 3666 1490 3748 profecti
