3225 4700
336 327 401 394 390
736 321 1139 390 ITINERARIUM.

339 501 392 542 sex
406 499 498 560 nepos
512 476 672 540 Generalis
685 477 801 539 occisus
817 485 871 540 est.
904 476 968 538 Pro
982 476 1039 538 bec
1053 475 1182 538 victoria
1199 473 1356 536 communi
1368 490 1549 553 comprecs·
1578 463 1579 532 i

337 579 418 638 tione
432 577 463 637 in
478 576 617 637 omnibus
630 574 751 657 templis
767 575 836 636 Deo
850 574 956 658 gratie
970 583 1041 636 sunt
1052 572 1173 634 babitae.

370 672 447 734 Post
455 672 533 734 hanc
541 671 698 733 victoriam
707 680 824 753 partam
831 670 1059 732 Psrlamentnm
1068 669 1203 731 libellum
1211 668 1381 751 supplicem
1388 665 1547 729 destinare

338 770 472 833 decrevit
484 770 523 831 ed
534 769 662 851 Regem,
676 789 737 851 quo
750 767 876 850 rognbot
888 776 922 828 ut
935 767 1086 848 utrimque
1098 787 1182 828 erma
1195 774 1379 848 ponerentur
1393 772 1425 825 et
1440 764 1474 824 in
1492 783 1546 844 po

337 877 449 930 sterum
463 867 560 949 patrio
579 866 720 948 sanguini
738 871 920 946 parceretur,
934 863 975 924 sd
993 883 1063 924 eum
1082 861 1277 924 deferendum
1297 861 1454 944 designati
1474 869 1546 920 snut

337 963 448 1025 Comes
461 963 500 1025 dc
513 961 687 1024 Pembrock
700 972 731 1024 et
740 961 849 1023 Comes
859 961 898 1022 de
910 959 1190 1022 Northnmberlsnd
1199 979 1270 1022 cum
1280 967 1411 1040 quatuor
1421 957 1496 1018 aliis
1509 978 1545 1017 ex

337 1059 489 1132 inferiore,
502 1079 593 1141 qnam
606 1068 727 1135 vocant,
741 1059 843 1130 domo,
859 1057 948 1120 modb
961 1057 1066 1119 liceret
1079 1078 1133 1140 per
1146 1057 1263 1140 Regem
1274 1064 1304 1118 et
1313 1055 1415 1139 regios
1426 1053 1546 1116 securis

337 1175 514 1219 commeare.
556 1155 656 1228 Quem
674 1157 707 1217 iu
721 1156 814 1218 linem
828 1155 1096 1240 wallingfordiam
1110 1163 1225 1218 certum
1236 1155 1393 1217 bominem
1411 1155 1546 1218 menda·

338 1263 409 1315 runt
421 1252 475 1334 qui
489 1251 605 1313 saluum
619 1252 804 1317 conductum
819 1253 1004 1316 sollicitaret.

378 1349 505 1410 Summa
517 1359 618 1409 antem
632 1348 776 1430 supplicis
789 1349 883 1412 libelli
897 1349 963 1413 baec
977 1349 1045 1412 fuit.

379 1445 635 1525 Quandoquidem
649 1454 799 1508 certorum
810 1446 968 1509 bominum
983 1447 1128 1509 relatione
1146 1445 1329 1527 accepimus,
1344 1444 1456 1528 Regiae
1472 1443 1545 1505 Ma·

332 1542 437 1623 jesteti
460 1551 567 1602 vestrae
591 1561 735 1623 perquam
758 1543 917 1626 displicere
942 1544 1173 1627 sanguinolenta
1196 1542 1261 1604 haec
1282 1542 1371 1618 bella,
1394 1562 1466 1623 quae
1488 1561 1544 1623 per

338 1637 461 1721 Anglisc
468 1638 612 1721 Regnum
619 1638 765 1720 abaliquo
768 1640 835 1721 jam
844 1650 978 1722 tempore
986 1661 1097 1724 magno
1105 1639 1277 1722 reipublioae
1288 1639 1368 1700 malo
1377 1647 1541 1722 geruntur,

337 1745 482 1797 testamen
495 1735 692 1797 conscientias
705 1747 831 1811 nostras,
846 1759 900 1798 nos
913 1758 975 1799 non
989 1737 1099 1798 minori
1111 1737 1210 1799 studio
1227 1737 1268 1799 ad
1284 1757 1389 1817 pacem
1406 1745 1438 1798 et
1458 1745 1541 1796 tren·

338 1831 529 1913 quillitutem,
546 1833 695 1894 damnetis
709 1833 812 1908 armis,
828 1834 905 1895 scrib
923 1833 1075 1907 anhelare,
1095 1842 1126 1896 et
1139 1831 1229 1893 sicuti
1247 1832 1333 1893 bellis
1352 1831 1472 1893 nullam
1485 1831 1540 1892 de·

337 1929 438 1989 dimus
458 1948 589 2002 causam,
609 1928 651 1989 ita
669 1927 911 1990 adlaborabimus
930 1929 1035 1991 sedulo
1054 1939 1089 1990 ut
1103 1929 1208 2011 patrioe
1228 1929 1385 2011 pristinem
1403 1929 1537 2010 quietem

337 2024 507 2097 ieddemus,
522 2034 552 2086 et
566 2025 694 2086 debitam
708 2034 816 2087 vestre
831 2025 987 2106 Mejestati
1004 2027 1207 2089 obedientiam
1222 2035 1255 2086 ut
1273 2046 1389 2106 semper
1408 2027 1538 2086 antehac

337 2121 523 2204 pioestemus.
566 2121 649 2194 Quin
659 2143 716 2183 nec
729 2120 789 2184 buc
802 2142 897 2203 usque
911 2121 975 2184 ullo
992 2122 1051 2184 clio
1065 2121 1127 2185 fine
1144 2143 1228 2184 arms
1243 2123 1430 2204 suscepimus
1445 2123 1539 2202 qudm

337 2240 392 2302 pro
403 2214 608 2280 conservanda
622 2219 777 2301 religione,
791 2229 822 2280 et
837 2221 950 2282 tuende
966 2219 1143 2282 auctoritate
1158 2218 1264 2301 Regiae
1284 2219 1457 2301 Mejestatis
1472 2241 1537 2280 ves·

337 2327 404 2393 trae,
424 2315 608 2378 et²libertate
628 2315 816 2378 subditorum
831 2317 921 2398 juxta
939 2317 1025 2400 regni
1046 2316 1197 2378 institutas
1217 2316 1307 2399 leges.
1351 2315 1537 2378 Humillime

337 2415 431 2498 igitur
442 2432 582 2495 rogamus
598 2421 728 2474 vestram
747 2413 951 2495 Majestatem,
970 2425 1006 2475 ut
1018 2414 1162 2497 dignetur
1176 2414 1213 2475 eb
1227 2414 1287 2475 illis
1307 2414 1452 2485 consiliis,
1468 2434 1537 2495 quse

337 2532 404 2573 cam
420 2509 645 2572 dParlamento
661 2509 862 2585 abduxerunt,
880 2510 1030 2572 abstinere
1049 2520 1137 2591 etque
1157 2511 1196 2571 ed
1213 2530 1357 2593 maguum
1375 2512 1537 2593 magistre-

337 2618 401 2671 tum
423 2608 524 2669 lubmt
544 2607 662 2683 redire;
691 2607 789 2669 eidem
813 2607 1001 2689 magistratui
1021 2607 1228 2687 delinquentes
1247 2616 1278 2669 et
1297 2608 1446 2669 malornm
1465 2628 1535 2670 auc·

337 2715 416 2767 tores
429 2704 556 2780 tradere,
572 2714 606 2765 nt
619 2724 673 2785 pro
686 2704 792 2765 merito
803 2714 834 2765 et
843 2706 913 2785 jure
930 2704 1035 2784 patriae
1049 2703 1227 2784 plectantur.

378 2803 492 2863 Missus
505 2811 569 2864 eret
583 2793 756 2862 Williemus
770 2799 930 2883 Killsgreu
945 2799 998 2881 qui
1011 2800 1127 2861 salvum
1138 2802 1321 2863 conductum
1333 2802 1428 2885 Regis
1439 2804 1534 2885 impe-

337 2908 438 2976 tranet,
452 2899 503 2960 hic
522 2919 581 2960 non
601 2898 696 2959 multb
710 2906 777 2978 post
792 2896 921 2971 rediens,
936 2916 1111 2978 responsum
1125 2898 1242 2979 regium
1257 2899 1376 2975 attulit3
1398 2908 1532 2980 paratam

337 2995 460 3077 quidem
474 3016 537 3057 esse
548 2994 661 3078 regiam
672 3013 758 3055 suam
768 2992 960 3073 Mejestetern
972 2992 1108 3053 libellum
1116 2993 1282 3075 supplicem
1293 3015 1347 3077 per
1357 2995 1533 3057 Pnrlamen·

337 3101 403 3152 tum
421 3090 587 3152 exhibitum
605 3088 775 3162 admittere,
796 3088 850 3150 sed
867 3107 928 3148 uon
944 3108 997 3169 per
1016 3087 1084 3150 illos
1104 3109 1179 3170 quos
1195 3102 1315 3153 senatus
1332 3094 1533 3174 proposuisset

336 3186 461 3270 legatos,
482 3206 579 3267 neque
599 3185 680 3246 euim
697 3184 861 3246 destinasse
880 3204 922 3261 se,
942 3184 1049 3261 siebat,
1073 3206 1143 3247 cum
1163 3189 1364 3268 proditoribus
1384 3190 1531 3271 respacis

337 3290 474 3358 tractare,
489 3282 615 3363 proinde
629 3279 704 3342 alios
717 3282 798 3341 viros
817 3279 940 3341 idoneos
959 3280 1150 3344 nominarent
1168 3285 1207 3345 ad
1220 3286 1334 3369 regiam
1353 3286 1529 3369 legationem

336 3400 372 3440 ac
385 3388 458 3441 tunc
471 3380 594 3460 quidem
603 3398 639 3439 ex
652 3398 707 3439 sua
716 3386 801 3460 parte
812 3376 927 3438 nullsm
937 3376 1068 3439 suturam
1080 3378 1288 3445 difficultatem
1298 3382 1329 3443 in
1340 3384 1531 3445 concedendo

336 3476 420 3538 selvo
431 3496 527 3557 passo.

379 3573 440 3635 His
458 3573 490 3633 in
513 3581 669 3653 utramque
687 3582 799 3655 partem
820 3572 909 3633 letids
927 3574 1124 3655 pertractatis,
1145 3572 1320 3636 conclusum
1336 3576 1458 3638 taudem
1475 3588 1526 3652 est,

337 3680 370 3732 ut
382 3671 423 3732 ad
440 3669 556 3753 Regem
570 3669 762 3731 mitterentur
774 3670 921 3752 ejusmodi
935 3668 1080 3747 homines,
1096 3680 1205 3732 contra
1218 3690 1293 3751 quos
1307 3672 1422 3734 nullam
1436 3686 1530 3754 posset

334 3769 443 3831 hebere
453 3768 668 3848 exceptionem.
711 3765 772 3838 Qui
785 3775 819 3827 nt
829 3766 968 3829 destinati
983 3781 1064 3844 suut,
1076 3789 1126 3829 eos
1137 3769 1351 3851 benignissime
1365 3770 1529 3833 elementis·
