3225 4700
324 338 387 402 308
713 334 1116 403 ITINERARIUM.

326 489 467 561 exerceri,
481 507 550 549 cum
569 488 609 549 ad
622 487 700 569 ipsus
715 488 806 549 etiam
824 486 1018 547 munitiorum
1037 487 1191 549 civitatum
1210 494 1309 567 portas
1327 494 1536 548 excurrerent

327 584 483 665 manipuli,
497 594 531 645 ut
544 584 632 645 obvia
644 583 768 663 quaevis,
782 586 815 643 iu
828 591 925 643 castra
935 592 1089 644 averteret.
1131 581 1306 644 Gliseehaut
1316 582 1406 643 etiam
1418 582 1535 641 nescio

327 700 395 761 quoe
409 680 515 742 Gallos
528 681 606 741 iuter
618 689 648 741 et
662 681 784 754 Sueuos,
799 677 895 740 ethos
909 678 988 740 iuter
999 688 1030 740 et
1048 680 1294 762 Luneburgeuses
1309 678 1450 748 dissidia,
1466 678 1534 737 sin·

329 776 408 859 gulis
420 777 554 858 partibus
567 777 624 837 sihi
638 776 867 856 deposcentibus
881 784 1012 835 castrum
1025 776 1107 855 quod
1122 783 1235 836 armata
1251 774 1283 835 vi
1302 792 1463 853 nunquam
1479 792 1534 832 sc·

329 872 445 953 cepturi
464 882 558 933 eraut.
605 873 654 933 Ac
676 869 879 951 Luueburgici
901 869 1023 949 quidem
1049 871 1210 931 credebant
1232 869 1289 929 sihi
1312 868 1412 929 deberi
1439 867 1534 927 velut

331 968 472 1029 Dominis
489 978 576 1029 terroe
596 978 627 1029 et
645 967 733 1028 fundi
758 965 849 1028 illius.
890 966 972 1028 Galli
992 987 1062 1028 vero
1082 976 1113 1027 et
1133 964 1223 1026 Sueci
1243 964 1300 1025 sibi
1319 964 1532 1044 deposcebant

330 1064 440 1146 pignus
456 1073 509 1125 aut
527 1063 724 1144 hypothecam
743 1066 878 1143 pecuniae
897 1064 916 1125 a
934 1062 1148 1143 Luneburgieis
1167 1060 1317 1141 promisse
1336 1069 1367 1119 et
1386 1058 1530 1119 nondum

332 1170 507 1221 numerate.
548 1159 639 1232 Quod
664 1168 728 1219 tum
755 1157 788 1219 hi
814 1162 915 1241 aperte
942 1159 1006 1220 siue
1029 1156 1217 1219 simulatione
1237 1164 1352 1238 petunt,
1373 1154 1419 1215 illi
1441 1154 1530 1213 haud

331 1256 455 1317 obscure
468 1256 711 1338 tergiversantur,
725 1258 881 1319 sententiis
893 1257 1034 1340 primum,
1050 1255 1123 1315 dum
1138 1254 1205 1315 totis
1217 1252 1325 1313 animis
1338 1251 1357 1311 d
1369 1271 1401 1311 se
1415 1250 1529 1311 mutuh

332 1360 508 1413 avertuntur
524 1360 554 1412 et
566 1351 734 1413 discedunt.

375 1447 436 1510 Ha
449 1448 528 1509 inter
539 1455 637 1527 partes
650 1446 847 1509 dissensiones
860 1448 1010 1527 utrimque
1024 1466 1144 1508 causam
1159 1446 1360 1527 praebuerunt,
1373 1452 1407 1505 ut
1416 1452 1531 1503 neutra

335 1563 404 1625 pars
416 1543 500 1604 alteri
513 1540 642 1623 amplius
654 1540 770 1604 fideret.
800 1544 886 1605 Hinc
901 1544 1021 1606 tandem
1033 1543 1143 1604 didicit
1155 1540 1433 1623 Luueburgeusium
1450 1540 1530 1599 Dux

335 1646 481 1720 quantum
494 1638 551 1699 sibi
563 1648 753 1699 externorum
767 1638 959 1721 Principium
973 1637 1085 1700 foedera
1099 1636 1280 1711 obfuisseut;
1302 1654 1362 1715 qua
1377 1656 1414 1697 ex
1433 1654 1530 1697 eausa

335 1734 564 1815 eogu‘tstiouibus
586 1734 648 1796 suis
670 1736 751 1797 varie
771 1738 801 1795 in
824 1736 976 1797 diversum
990 1734 1121 1814 jactatus
1141 1732 1303 1794 deliberare
1323 1751 1424 1793 secum
1445 1732 1528 1793 serid

335 1830 451 1910 incipit,
464 1849 525 1910 quo
537 1830 627 1890 modo
640 1839 775 1891 externas
788 1830 934 1892 amicitias
948 1829 1090 1891 dissolvat
1099 1839 1128 1891 et
1142 1848 1212 1890 curn
1223 1828 1342 1890 Ooesars
1351 1828 1383 1887 iu
1394 1828 1528 1910 gratiam

337 1934 502 1987 revocetur.
544 1924 670 2000 Evocat,
683 1926 868 2005 paucissimis
881 1945 1003 1987 suorum
1016 1926 1111 2006 iisque
1126 1924 1307 1987 fidelissimis
1324 1924 1464 1994 consciis,
1479 1934 1527 1985 tu·

337 2020 477 2093 biciuem,
492 2040 580 2100 quem
595 2039 665 2081 cum
682 2020 788 2082 litteris
805 2022 846 2083 sd
864 2022 1092 2083 serenissimum
1111 2020 1317 2082 Archidueem
1337 2020 1527 2101 leopoldum

338 2115 481 2196 evestigio
494 2114 619 2177 dimittit
631 2115 721 2177 etiam
732 2125 822 2199 atque
835 2118 925 2178 etiam
939 2118 1104 2193 obtestans;
1125 2128 1160 2177 ut
1168 2116 1309 2198 dignetur
1318 2116 1357 2176 ad
1368 2136 1399 2177 sc
1411 2115 1529 2177 Bruus-

339 2210 436 2270 nicam
458 2210 606 2270 destinare
625 2209 767 2290 aliquem,
789 2211 913 2291 quicum
937 2221 1064 2273 secretos
1090 2212 1183 2272 animi
1207 2222 1368 2293 conceptus
1390 2212 1527 2272 conferre

339 2314 403 2368 tuto
414 2313 529 2386 posset3
551 2305 703 2368 decretum
716 2306 773 2367 sihi
786 2327 848 2368 csse
862 2314 975 2368 veteres
985 2325 1055 2367 cum
1067 2306 1199 2388 Imperio
1208 2306 1353 2368 amicitias
1364 2325 1525 2367 renovare:

340 2400 373 2461 id
390 2401 472 2481 quod
489 2401 687 2481 perlubeuter,
705 2423 759 2480 pro
776 2423 812 2464 ea
832 2410 952 2484 quaest
971 2402 1182 2464 serenissimus
1200 2401 1358 2464 Archidux
1376 2402 1526 2476 comitate,

341 2497 457 2564 annuit,
471 2497 609 2578 misitque
622 2499 675 2578 qui
688 2519 725 2560 ea
736 2498 885 2580 legatione
899 2498 1073 2579 fungeretur
1085 2496 1240 2559 Wahlium
1253 2499 1350 2559 virum
1365 2499 1398 2558 in
1413 2507 1485 2578 tege
1496 2506 1526 2558 et

341 2611 414 2673 sego
420 2592 476 2652 sihi
484 2613 601 2673 semper
609 2593 747 2668 similem,
755 2593 817 2654 uua
824 2613 893 2655 cum
901 2614 955 2654 suo
964 2591 1151 2655 Cancellsrio
1158 2593 1182 2656 J
1183 2613 1278 2655 oauue
1285 2593 1523 2666 Kalchsohimdt,

342 2705 417 2765 quos
434 2686 652 2770 Luneburgius,
666 2707 783 2748 summa
795 2708 856 2768 qua
870 2689 965 2769 potuit
977 2687 1160 2751 humanitate
1173 2699 1319 2771 acceptas,
1334 2689 1372 2752 de
1384 2688 1447 2748 suis
1457 2707 1526 2748 con·

342 2780 418 2841 siliis
429 2781 560 2843 edocuit.
583 2782 654 2843 Nou
668 2782 764 2858 latuit,
779 2782 927 2864 postulata
938 2782 1003 2844 haec
1017 2783 1126 2866 legatio
1139 2784 1199 2865 qud
1217 2785 1360 2858 tenderet,
1375 2782 1525 2844 eonfoede-

343 2885 431 2951 ratos,
454 2876 533 2938 uude
551 2897 612 2938 nou
630 2877 702 2940 duci
718 2886 847 2954 mutum,
865 2880 918 2940 sed
935 2879 1072 2941 universo
1092 2880 1227 2960 ejusdem
1244 2879 1334 2940 militi
1353 2879 1525 2960 gravissime

342 2983 575 3034 succensuerunt
587 2972 686 3055 palam
699 2983 871 3046 asserentes,
885 2995 916 3036 se
934 2974 953 3035 a
969 2975 1047 3037 duee
1064 2985 1095 3036 et
1112 2975 1303 3037 consiliorum
1321 2975 1385 3056 ejus
1402 2975 1525 3036 consciis

343 3068 483 3150 deceptos
492 3070 680 3149 proditosque
691 3089 765 3144 esse,
777 3090 813 3130 ac
821 3069 945 3151 proinde
956 3091 1054 3151 nequa
1065 3072 1159 3151 copie
1171 3071 1387 3153 Luneburgicte
1397 3071 1523 3150 aliquam

344 3162 407 3224 ase
420 3165 633 3246 separationem
647 3165 833 3241 molirentur,
847 3166 1013 3247 precipuos
1025 3166 1096 3228 belli
1111 3167 1203 3228 duces
1219 3166 1428 3228 custodiendos
1443 3187 1522 3227 man·

344 3259 465 3330 darum,
478 3261 626 3341 reliquum
639 3270 739 3322 autem
752 3261 878 3322 militem
892 3265 1055 3344 coegerunt
1067 3261 1086 3323 l
1099 3281 1130 3322 se
1144 3281 1181 3322 ue
1194 3262 1370 3323 discederet.

387 3351 449 3412 Sed
466 3373 504 3413 ue
523 3355 617 3416 multo
636 3366 711 3436 post,
731 3356 915 3417 ohsidionem
935 3358 1025 3418 tantis
1043 3357 1184 3438 impensis
1201 3367 1378 3438 susceptam,
1396 3377 1431 3417 ac
1446 3366 1522 3417 tauto

347 3449 447 3509 labore
460 3450 661 3512 continuatam
675 3472 712 3512 ex
725 3452 886 3531 improviso
899 3451 1052 3514 solverunt
1065 3454 1195 3515 accensis
1204 3454 1286 3535 prius
1298 3453 1411 3527 eastris,
1422 3452 1521 3514 dirutis

346 3545 444 3620 vallis,
465 3553 495 3607 et
511 3545 642 3626 perfosso
659 3567 778 3630 aggere.
821 3547 898 3609 Haec
911 3557 945 3610 ut
966 3549 1041 3610 vidit
1061 3549 1339 3630 Rauseheubergius
1358 3550 1433 3609 serio
1452 3548 1520 3630 geri,

348 3643 399 3704 vix
416 3642 477 3704 suis
495 3643 558 3724 ipse
575 3642 669 3704 oculis
688 3642 873 3716 credidisset,
891 3644 948 3705 uisi
964 3645 1126 3706 diminutas
1141 3646 1299 3726 derepente
1315 3664 1416 3726 aquas,
1433 3654 1520 3705 cestra
