<?xml version="1.0" encoding="UTF-8"?>
<!DOCTYPE html PUBLIC "-//W3C//DTD XHTML 1.0 Transitional//EN"
    "http://www.w3.org/TR/xhtml1/DTD/xhtml1-transitional.dtd">
<html xmlns="http://www.w3.org/1999/xhtml" xml:lang="en" lang="en">
 <head>
  <title>
</title>
<meta http-equiv="Content-Type" content="text/html;charset=utf-8" />
  <meta name='ocr-system' content='tesseract 3.04.00' />
  <meta name='ocr-capabilities' content='ocr_page ocr_carea ocr_par ocr_line ocrx_word'/>
</head>
<body>
  <div class='ocr_page' id='page_1' title='image "./itinerariumthom00kerngoog_0269.png"; bbox 0 0 3225 4700; ppageno 0'>
   <div class='ocr_carea' id='block_1_1' title="bbox 525 782 862 898">
    <p class='ocr_par' dir='ltr' id='par_1_1' title="bbox 525 782 862 898">
     <span class='ocr_line' id='line_1_1' title="bbox 525 782 862 898; baseline 0.003 -3"><span class='ocrx_word' id='word_1_1' title='bbox 525 819 715 896; x_wconf 76' lang='lat' dir='ltr'><strong>curun</strong></span> <span class='ocrx_word' id='word_1_2' title='bbox 749 782 862 898; x_wconf 81' lang='lat' dir='ltr'><strong>nu.¹</strong></span> 
     </span>
    </p>
   </div>
   <div class='ocr_carea' id='block_1_2' title="bbox 326 983 1056 1059">
    <p class='ocr_par' dir='ltr' id='par_1_2' title="bbox 326 983 1056 1059">
     <span class='ocr_line' id='line_1_2' title="bbox 326 983 1056 1059; baseline 0.007 -9"><span class='ocrx_word' id='word_1_3' title='bbox 326 983 380 1051; x_wconf 88' lang='lat' dir='ltr'><strong>De</strong></span> <span class='ocrx_word' id='word_1_4' title='bbox 392 1000 489 1055; x_wconf 83' lang='lat' dir='ltr'><strong>morte</strong></span> <span class='ocrx_word' id='word_1_5' title='bbox 505 990 751 1059; x_wconf 82' lang='lat' dir='ltr'><strong>Wimuriensium</strong></span> <span class='ocrx_word' id='word_1_6' title='bbox 767 991 870 1059; x_wconf 71' lang='lat' dir='ltr'><strong>Ducis</strong></span> <span class='ocrx_word' id='word_1_7' title='bbox 883 992 1056 1059; x_wconf 85' lang='lat' dir='ltr'><strong>Beruardi.</strong></span> 
     </span>
    </p>
   </div>
   <div class='ocr_carea' id='block_1_3' title="bbox 71 1159 1286 1831">
    <p class='ocr_par' dir='ltr' id='par_1_3' title="bbox 92 1159 1286 1637">
     <span class='ocr_line' id='line_1_3' title="bbox 92 1159 1281 1286; baseline 0.005 -54"><span class='ocrx_word' id='word_1_8' title='bbox 92 1210 106 1222; x_wconf 67' lang='lat'>-</span> <span class='ocrx_word' id='word_1_9' title='bbox 134 1236 147 1262; x_wconf 36' lang='lat' dir='ltr'><em>f</em></span> <span class='ocrx_word' id='word_1_10' title='bbox 267 1159 321 1286; x_wconf 55' lang='lat'><strong>¹}</strong></span> <span class='ocrx_word' id='word_1_11' title='bbox 350 1169 566 1244; x_wconf 81' lang='lat' dir='ltr'><strong>OSTQUAM</strong></span> <span class='ocrx_word' id='word_1_12' title='bbox 593 1174 773 1237; x_wconf 83' lang='lat' dir='ltr'><strong>fortissimus</strong></span> <span class='ocrx_word' id='word_1_13' title='bbox 797 1175 963 1238; x_wconf 81' lang='lat' dir='ltr'><strong>Succorum</strong></span> <span class='ocrx_word' id='word_1_14' title='bbox 988 1174 1104 1258; x_wconf 83' lang='lat' dir='ltr'><strong>Ductor</strong></span> <span class='ocrx_word' id='word_1_15' title='bbox 1126 1174 1281 1238; x_wconf 83' lang='lat' dir='ltr'><strong>Wimeriae</strong></span> 
     </span>
     <span class='ocr_line' id='line_1_4' title="bbox 92 1267 1283 1355; baseline -0.001 -23"><span class='ocrx_word' id='word_1_16' title='bbox 92 1303 99 1312; x_wconf 83' lang='lat'>·</span> <span class='ocrx_word' id='word_1_17' title='bbox 143 1273 159 1305; x_wconf 84' lang='lat'><strong>‹.</strong></span> <span class='ocrx_word' id='word_1_18' title='bbox 369 1267 444 1329; x_wconf 87' lang='lat' dir='ltr'><strong>Dux</strong></span> <span class='ocrx_word' id='word_1_19' title='bbox 459 1269 634 1333; x_wconf 87' lang='lat' dir='ltr'><strong>Barnerdus</strong></span> <span class='ocrx_word' id='word_1_20' title='bbox 652 1272 810 1355; x_wconf 86' lang='lat' dir='ltr'><strong>Neoburgi</strong></span> <span class='ocrx_word' id='word_1_21' title='bbox 827 1272 926 1355; x_wconf 85' lang='lat' dir='ltr'><strong>ipsum</strong></span> <span class='ocrx_word' id='word_1_22' title='bbox 945 1273 1080 1334; x_wconf 90' lang='lat' dir='ltr'><strong>triduum</strong></span> <span class='ocrx_word' id='word_1_23' title='bbox 1100 1271 1197 1333; x_wconf 87' lang='lat' dir='ltr'><strong>colica</strong></span> <span class='ocrx_word' id='word_1_24' title='bbox 1216 1292 1283 1353; x_wconf 85' lang='lat' dir='ltr'><strong>pas-</strong></span> 
     </span>
     <span class='ocr_line' id='line_1_5' title="bbox 119 1350 1285 1448; baseline 0 -24"><span class='ocrx_word' id='word_1_25' title='bbox 119 1350 146 1442; x_wconf 48' lang='lat' dir='ltr'>s</span> <span class='ocrx_word' id='word_1_26' title='bbox 197 1406 215 1448; x_wconf 42' lang='lat'><strong><em>4</em></strong></span> <span class='ocrx_word' id='word_1_27' title='bbox 234 1351 294 1440; x_wconf 85' lang='lat' dir='ltr'>J</span> <span class='ocrx_word' id='word_1_28' title='bbox 308 1373 323 1386; x_wconf 58' lang='grc'><em>“</em></span> <span class='ocrx_word' id='word_1_29' title='bbox 366 1361 449 1422; x_wconf 86' lang='lat' dir='ltr'><strong>aione</strong></span> <span class='ocrx_word' id='word_1_30' title='bbox 461 1362 540 1424; x_wconf 89' lang='lat' dir='ltr'><strong>lecto</strong></span> <span class='ocrx_word' id='word_1_31' title='bbox 552 1364 659 1425; x_wconf 87' lang='lat' dir='ltr'><strong>affixus</strong></span> <span class='ocrx_word' id='word_1_32' title='bbox 672 1365 872 1442; x_wconf 78' lang='lat' dir='ltr'><strong>decubuisset,</strong></span> <span class='ocrx_word' id='word_1_33' title='bbox 888 1366 1010 1428; x_wconf 86' lang='lat' dir='ltr'><strong>tandem</strong></span> <span class='ocrx_word' id='word_1_34' title='bbox 1030 1386 1061 1427; x_wconf 89' lang='lat' dir='ltr'><strong>se</strong></span> <span class='ocrx_word' id='word_1_35' title='bbox 1075 1363 1232 1425; x_wconf 84' lang='lat' dir='ltr'><strong>mortalem</strong></span> <span class='ocrx_word' id='word_1_36' title='bbox 1245 1363 1285 1425; x_wconf 88' lang='lat' dir='ltr'><strong>si·</strong></span> 
     </span>
     <span class='ocr_line' id='line_1_6' title="bbox 94 1447 1286 1542; baseline -0.001 -20"><span class='ocrx_word' id='word_1_37' title='bbox 94 1473 156 1541; x_wconf 47' lang='grc' dir='ltr'><strong>ἐξ)</strong></span> <span class='ocrx_word' id='word_1_38' title='bbox 170 1492 181 1517; x_wconf 86' lang='grc'><strong>-.</strong></span> <span class='ocrx_word' id='word_1_39' title='bbox 235 1447 326 1534; x_wconf 54' lang='lat' dir='ltr'><strong>,Q</strong></span> <span class='ocrx_word' id='word_1_40' title='bbox 366 1457 468 1520; x_wconf 88' lang='lat' dir='ltr'><strong>milem</strong></span> <span class='ocrx_word' id='word_1_41' title='bbox 482 1459 549 1522; x_wconf 88' lang='lat' dir='ltr'><strong>aliis</strong></span> <span class='ocrx_word' id='word_1_42' title='bbox 562 1460 747 1538; x_wconf 90' lang='lat' dir='ltr'><strong>bominibus,</strong></span> <span class='ocrx_word' id='word_1_43' title='bbox 760 1462 869 1542; x_wconf 84' lang='lat' dir='ltr'><strong>quibus</strong></span> <span class='ocrx_word' id='word_1_44' title='bbox 881 1463 1030 1541; x_wconf 85' lang='lat' dir='ltr'><strong>omnibus,</strong></span> <span class='ocrx_word' id='word_1_45' title='bbox 1045 1462 1167 1523; x_wconf 87' lang='lat' dir='ltr'><strong>decreto</strong></span> <span class='ocrx_word' id='word_1_46' title='bbox 1181 1461 1286 1522; x_wconf 72' lang='lat' dir='ltr'><strong>{eterni</strong></span> 
     </span>
     <span class='ocr_line' id='line_1_7' title="bbox 269 1537 1286 1637; baseline 0.001 -23.937"><span class='ocrx_word' id='word_1_47' title='bbox 269 1537 292 1581; x_wconf 57' lang='lat'><strong>¹⁶</strong></span> <span class='ocrx_word' id='word_1_48' title='bbox 309 1548 327 1584; x_wconf 40' lang='lat'><strong>*&#39;</strong></span> <span class='ocrx_word' id='word_1_49' title='bbox 365 1550 437 1625; x_wconf 91' lang='lat' dir='ltr'><strong>Dei,</strong></span> <span class='ocrx_word' id='word_1_50' title='bbox 451 1561 596 1615; x_wconf 76' lang='lat' dir='ltr'><strong>statutum</strong></span> <span class='ocrx_word' id='word_1_51' title='bbox 610 1563 655 1615; x_wconf 88' lang='lat' dir='ltr'><strong>est</strong></span> <span class='ocrx_word' id='word_1_52' title='bbox 671 1554 763 1617; x_wconf 89' lang='lat' dir='ltr'><strong>semel</strong></span> <span class='ocrx_word' id='word_1_53' title='bbox 781 1555 870 1629; x_wconf 92' lang='lat' dir='ltr'><strong>mori,</strong></span> <span class='ocrx_word' id='word_1_54' title='bbox 890 1555 1024 1637; x_wconf 82' lang='lat' dir='ltr'><strong>agnovit,</strong></span> <span class='ocrx_word' id='word_1_55' title='bbox 1040 1554 1231 1635; x_wconf 88' lang='lat' dir='ltr'><strong>medicosque</strong></span> <span class='ocrx_word' id='word_1_56' title='bbox 1244 1554 1286 1615; x_wconf 90' lang='lat' dir='ltr'><strong>ad</strong></span> 
     </span>
    </p>

    <p class='ocr_par' dir='ltr' id='par_1_4' title="bbox 71 1646 1285 1831">
     <span class='ocr_line' id='line_1_8' title="bbox 71 1646 1285 1733; baseline 0.006 -29"><span class='ocrx_word' id='word_1_57' title='bbox 71 1661 117 1703; x_wconf 85' lang='lat' dir='ltr'><strong>se</strong></span> <span class='ocrx_word' id='word_1_58' title='bbox 130 1646 292 1707; x_wconf 84' lang='lat' dir='ltr'><strong>accersitos</strong></span> <span class='ocrx_word' id='word_1_59' title='bbox 305 1648 434 1729; x_wconf 80' lang='lat' dir='ltr'><strong>regerit,</strong></span> <span class='ocrx_word' id='word_1_60' title='bbox 447 1658 482 1709; x_wconf 92' lang='lat' dir='ltr'><strong>ut</strong></span> <span class='ocrx_word' id='word_1_61' title='bbox 494 1649 570 1729; x_wconf 90' lang='lat' dir='ltr'><strong>quid</strong></span> <span class='ocrx_word' id='word_1_62' title='bbox 585 1651 624 1713; x_wconf 92' lang='lat' dir='ltr'><strong>de</strong></span> <span class='ocrx_word' id='word_1_63' title='bbox 642 1652 748 1713; x_wconf 88' lang='lat' dir='ltr'><strong>morbo</strong></span> <span class='ocrx_word' id='word_1_64' title='bbox 767 1672 822 1713; x_wconf 90' lang='lat' dir='ltr'><strong>eno</strong></span> <span class='ocrx_word' id='word_1_65' title='bbox 841 1652 994 1727; x_wconf 78' lang='lat' dir='ltr'><strong>sentirent,</strong></span> <span class='ocrx_word' id='word_1_66' title='bbox 1015 1660 1046 1713; x_wconf 89' lang='lat' dir='ltr'><strong>et</strong></span> <span class='ocrx_word' id='word_1_67' title='bbox 1061 1660 1162 1712; x_wconf 81' lang='lat' dir='ltr'><strong>utrrnn</strong></span> <span class='ocrx_word' id='word_1_68' title='bbox 1182 1649 1285 1733; x_wconf 89' lang='lat' dir='ltr'><strong>alique</strong></span> 
     </span>
     <span class='ocr_line' id='line_1_9' title="bbox 71 1738 1284 1831; baseline 0.005 -30"><span class='ocrx_word' id='word_1_69' title='bbox 71 1738 187 1802; x_wconf 80' lang='lat' dir='ltr'><strong>adbuc</strong></span> <span class='ocrx_word' id='word_1_70' title='bbox 203 1762 272 1823; x_wconf 84' lang='lat' dir='ltr'><strong>spes</strong></span> <span class='ocrx_word' id='word_1_71' title='bbox 289 1744 362 1805; x_wconf 75' lang='lat' dir='ltr'><strong>vite</strong></span> <span class='ocrx_word' id='word_1_72' title='bbox 382 1743 551 1827; x_wconf 79' lang='lat' dir='ltr'><strong>affulgeret,</strong></span> <span class='ocrx_word' id='word_1_73' title='bbox 570 1747 635 1809; x_wconf 90' lang='lat' dir='ltr'><strong>siue</strong></span> <span class='ocrx_word' id='word_1_74' title='bbox 652 1749 779 1831; x_wconf 82' lang='lat' dir='ltr'><strong>ambage</strong></span> <span class='ocrx_word' id='word_1_75' title='bbox 793 1749 957 1821; x_wconf 76' lang='lat' dir='ltr'><strong>edicerent,</strong></span> <span class='ocrx_word' id='word_1_76' title='bbox 971 1748 1025 1828; x_wconf 90' lang='lat' dir='ltr'><strong>qui</strong></span> <span class='ocrx_word' id='word_1_77' title='bbox 1038 1748 1227 1828; x_wconf 82' lang='lat' dir='ltr'><strong>desperatum</strong></span> <span class='ocrx_word' id='word_1_78' title='bbox 1245 1747 1284 1809; x_wconf 93' lang='lat' dir='ltr'><strong>de</strong></span> 
     </span>
    </p>
   </div>
   <div class='ocr_carea' id='block_1_4' title="bbox 47 1836 1312 3833">
    <p class='ocr_par' dir='ltr' id='par_1_5' title="bbox 47 1836 1312 3833">
     <span class='ocr_line' id='line_1_10' title="bbox 70 1836 1283 1926; baseline 0.007 -31"><span class='ocrx_word' id='word_1_79' title='bbox 70 1836 227 1899; x_wconf 77' lang='lat' dir='ltr'><strong>humenis</strong></span> <span class='ocrx_word' id='word_1_80' title='bbox 234 1840 358 1920; x_wconf 89' lang='lat' dir='ltr'><strong>quidem</strong></span> <span class='ocrx_word' id='word_1_81' title='bbox 371 1840 492 1904; x_wconf 75' lang='lat' dir='ltr'><strong>auxiliis</strong></span> <span class='ocrx_word' id='word_1_82' title='bbox 501 1842 653 1919; x_wconf 89' lang='lat' dir='ltr'><strong>dixerunt,</strong></span> <span class='ocrx_word' id='word_1_83' title='bbox 667 1853 906 1926; x_wconf 82' lang='lat' dir='ltr'><strong>monueruntque</strong></span> <span class='ocrx_word' id='word_1_84' title='bbox 919 1854 953 1906; x_wconf 92' lang='lat' dir='ltr'><strong>ut</strong></span> <span class='ocrx_word' id='word_1_85' title='bbox 964 1864 995 1905; x_wconf 88' lang='lat' dir='ltr'><strong>se</strong></span> <span class='ocrx_word' id='word_1_86' title='bbox 1005 1843 1045 1904; x_wconf 89' lang='lat' dir='ltr'><strong>ad</strong></span> <span class='ocrx_word' id='word_1_87' title='bbox 1055 1842 1126 1905; x_wconf 81' lang='lat' dir='ltr'><strong>vitae</strong></span> <span class='ocrx_word' id='word_1_88' title='bbox 1137 1842 1283 1923; x_wconf 83' lang='lat' dir='ltr'><strong>originem</strong></span> 
     </span>
     <span class='ocr_line' id='line_1_11' title="bbox 47 1932 1284 2021; baseline -0.001 -22"><span class='ocrx_word' id='word_1_89' title='bbox 47 1996 51 1999; x_wconf 80' lang='grc'><em>.</em></span> <span class='ocrx_word' id='word_1_90' title='bbox 77 1932 194 1996; x_wconf 90' lang='lat' dir='ltr'><strong>Deum</strong></span> <span class='ocrx_word' id='word_1_91' title='bbox 206 1946 403 2013; x_wconf 86' lang='lat' dir='ltr'><strong>converteret,</strong></span> <span class='ocrx_word' id='word_1_92' title='bbox 417 1937 456 1999; x_wconf 87' lang='lat' dir='ltr'><strong>ab</strong></span> <span class='ocrx_word' id='word_1_93' title='bbox 468 1958 564 2019; x_wconf 90' lang='lat' dir='ltr'><strong>eoque</strong></span> <span class='ocrx_word' id='word_1_94' title='bbox 578 1940 821 2021; x_wconf 75' lang='lat' dir='ltr'><strong>prorogationem</strong></span> <span class='ocrx_word' id='word_1_95' title='bbox 839 1940 943 2003; x_wconf 83' lang='lat' dir='ltr'><strong>mortis</strong></span> <span class='ocrx_word' id='word_1_96' title='bbox 960 1946 1140 2020; x_wconf 79' lang='lat' dir='ltr'><strong>exposceret,</strong></span> <span class='ocrx_word' id='word_1_97' title='bbox 1157 1957 1284 2017; x_wconf 89' lang='lat' dir='ltr'><strong>quornm</strong></span> 
     </span>
     <span class='ocr_line' id='line_1_12' title="bbox 73 2030 1284 2114; baseline 0.002 -23"><span class='ocrx_word' id='word_1_98' title='bbox 73 2030 213 2093; x_wconf 78' lang='lat' dir='ltr'><strong>oonsilio</strong></span> <span class='ocrx_word' id='word_1_99' title='bbox 225 2033 335 2114; x_wconf 86' lang='lat' dir='ltr'><strong>paruit,</strong></span> <span class='ocrx_word' id='word_1_100' title='bbox 352 2053 389 2096; x_wconf 89' lang='lat' dir='ltr'><strong>ec</strong></span> <span class='ocrx_word' id='word_1_101' title='bbox 406 2054 438 2096; x_wconf 89' lang='lat' dir='ltr'><strong>se</strong></span> <span class='ocrx_word' id='word_1_102' title='bbox 455 2055 599 2097; x_wconf 81' lang='lat' dir='ltr'><strong>converso</strong></span> <span class='ocrx_word' id='word_1_103' title='bbox 615 2037 656 2097; x_wconf 92' lang='lat' dir='ltr'><strong>ed</strong></span> <span class='ocrx_word' id='word_1_104' title='bbox 670 2036 781 2099; x_wconf 86' lang='lat' dir='ltr'><strong>coelum</strong></span> <span class='ocrx_word' id='word_1_105' title='bbox 797 2036 884 2100; x_wconf 81' lang='lat' dir='ltr'><strong>vultu</strong></span> <span class='ocrx_word' id='word_1_106' title='bbox 901 2036 941 2098; x_wconf 89' lang='lat' dir='ltr'><strong>ed</strong></span> <span class='ocrx_word' id='word_1_107' title='bbox 959 2034 1077 2097; x_wconf 79' lang='lat' dir='ltr'><strong>sortiter</strong></span> <span class='ocrx_word' id='word_1_108' title='bbox 1094 2034 1284 2097; x_wconf 89' lang='lat' dir='ltr'><strong>moriendum</strong></span> 
     </span>
     <span class='ocr_line' id='line_1_13' title="bbox 75 2127 1284 2213; baseline 0.002 -26"><span class='ocrx_word' id='word_1_109' title='bbox 75 2127 254 2208; x_wconf 79' lang='lat' dir='ltr'><strong>disposuit3</strong></span> <span class='ocrx_word' id='word_1_110' title='bbox 281 2150 318 2193; x_wconf 85' lang='lat' dir='ltr'><strong>ec</strong></span> <span class='ocrx_word' id='word_1_111' title='bbox 337 2130 487 2213; x_wconf 90' lang='lat' dir='ltr'><strong>imprimis</strong></span> <span class='ocrx_word' id='word_1_112' title='bbox 511 2130 648 2194; x_wconf 87' lang='lat' dir='ltr'><strong>nltimam</strong></span> <span class='ocrx_word' id='word_1_113' title='bbox 668 2152 754 2194; x_wconf 89' lang='lat' dir='ltr'><strong>suem</strong></span> <span class='ocrx_word' id='word_1_114' title='bbox 774 2133 958 2196; x_wconf 80' lang='lat' dir='ltr'><strong>voluntatem</strong></span> <span class='ocrx_word' id='word_1_115' title='bbox 980 2130 1091 2213; x_wconf 87' lang='lat' dir='ltr'><strong>scripto</strong></span> <span class='ocrx_word' id='word_1_116' title='bbox 1112 2130 1284 2212; x_wconf 79' lang='lat' dir='ltr'><strong>consignari</strong></span> 
     </span>
     <span class='ocr_line' id='line_1_14' title="bbox 71 2222 1283 2308; baseline 0.003 -24"><span class='ocrx_word' id='word_1_117' title='bbox 71 2222 186 2303; x_wconf 88' lang='lat' dir='ltr'><strong>jussit,</strong></span> <span class='ocrx_word' id='word_1_118' title='bbox 200 2245 240 2287; x_wconf 90' lang='lat' dir='ltr'><strong>ne</strong></span> <span class='ocrx_word' id='word_1_119' title='bbox 252 2245 311 2306; x_wconf 90' lang='lat' dir='ltr'><strong>que</strong></span> <span class='ocrx_word' id='word_1_120' title='bbox 323 2236 530 2308; x_wconf 87' lang='lat' dir='ltr'><strong>postmortem</strong></span> <span class='ocrx_word' id='word_1_121' title='bbox 541 2248 628 2291; x_wconf 89' lang='lat' dir='ltr'><strong>suam</strong></span> <span class='ocrx_word' id='word_1_122' title='bbox 641 2227 768 2291; x_wconf 82' lang='lat' dir='ltr'><strong>dissidia</strong></span> <span class='ocrx_word' id='word_1_123' title='bbox 780 2230 862 2292; x_wconf 88' lang='lat' dir='ltr'><strong>circa</strong></span> <span class='ocrx_word' id='word_1_124' title='bbox 875 2249 922 2291; x_wconf 87' lang='lat' dir='ltr'><strong>ree</strong></span> <span class='ocrx_word' id='word_1_125' title='bbox 935 2248 1004 2290; x_wconf 85' lang='lat' dir='ltr'><strong>aues</strong></span> <span class='ocrx_word' id='word_1_126' title='bbox 1017 2226 1177 2291; x_wconf 83' lang='lat' dir='ltr'><strong>orirentur.</strong></span> <span class='ocrx_word' id='word_1_127' title='bbox 1200 2226 1283 2288; x_wconf 90' lang='lat' dir='ltr'><strong>Dein</strong></span> 
     </span>
     <span class='ocr_line' id='line_1_15' title="bbox 80 2317 1284 2409; baseline 0.004 -29"><span class='ocrx_word' id='word_1_128' title='bbox 80 2317 253 2384; x_wconf 84' lang='lat' dir='ltr'><strong>Genernlee</strong></span> <span class='ocrx_word' id='word_1_129' title='bbox 264 2342 370 2386; x_wconf 84' lang='lat' dir='ltr'><strong>omnes</strong></span> <span class='ocrx_word' id='word_1_130' title='bbox 381 2344 418 2388; x_wconf 92' lang='lat' dir='ltr'><strong>ac</strong></span> <span class='ocrx_word' id='word_1_131' title='bbox 428 2324 652 2390; x_wconf 88' lang='lat' dir='ltr'><strong>Colonellorum</strong></span> <span class='ocrx_word' id='word_1_132' title='bbox 664 2325 833 2409; x_wconf 71' lang='lat' dir='ltr'><strong>precipuos</strong></span> <span class='ocrx_word' id='word_1_133' title='bbox 846 2325 949 2389; x_wconf 86' lang='lat' dir='ltr'><strong>adesse</strong></span> <span class='ocrx_word' id='word_1_134' title='bbox 962 2323 1068 2398; x_wconf 78' lang='lat' dir='ltr'><strong>noluit,</strong></span> <span class='ocrx_word' id='word_1_135' title='bbox 1081 2343 1155 2405; x_wconf 90' lang='lat' dir='ltr'><strong>quos</strong></span> <span class='ocrx_word' id='word_1_136' title='bbox 1168 2321 1284 2406; x_wconf 81' lang='lat' dir='ltr'><strong>signifi·</strong></span> 
     </span>
     <span class='ocr_line' id='line_1_16' title="bbox 76 2417 1283 2504; baseline 0.002 -27"><span class='ocrx_word' id='word_1_137' title='bbox 76 2417 223 2480; x_wconf 87' lang='lat' dir='ltr'><strong>cantibus</strong></span> <span class='ocrx_word' id='word_1_138' title='bbox 243 2422 369 2483; x_wconf 91' lang='lat' dir='ltr'><strong>omnino</strong></span> <span class='ocrx_word' id='word_1_139' title='bbox 388 2423 487 2484; x_wconf 78' lang='lat' dir='ltr'><strong>verbis</strong></span> <span class='ocrx_word' id='word_1_140' title='bbox 505 2424 543 2485; x_wconf 89' lang='lat' dir='ltr'><strong>ab</strong></span> <span class='ocrx_word' id='word_1_141' title='bbox 560 2423 710 2485; x_wconf 89' lang='lat' dir='ltr'><strong>bonorum</strong></span> <span class='ocrx_word' id='word_1_142' title='bbox 725 2433 757 2485; x_wconf 92' lang='lat' dir='ltr'><strong>et</strong></span> <span class='ocrx_word' id='word_1_143' title='bbox 770 2423 908 2504; x_wconf 72' lang='lat' dir='ltr'><strong>pecuniae</strong></span> <span class='ocrx_word' id='word_1_144' title='bbox 928 2421 1101 2484; x_wconf 77' lang='lat' dir='ltr'><strong>damnande</strong></span> <span class='ocrx_word' id='word_1_145' title='bbox 1118 2420 1283 2501; x_wconf 87' lang='lat' dir='ltr'><strong>cupiditate</strong></span> 
     </span>
     <span class='ocr_line' id='line_1_17' title="bbox 77 2513 1284 2598; baseline 0.002 -24"><span class='ocrx_word' id='word_1_146' title='bbox 77 2513 231 2592; x_wconf 73' lang='lat' dir='ltr'><strong>preclare</strong></span> <span class='ocrx_word' id='word_1_147' title='bbox 247 2517 381 2580; x_wconf 87' lang='lat' dir='ltr'><strong>oratione</strong></span> <span class='ocrx_word' id='word_1_148' title='bbox 396 2528 442 2581; x_wconf 86' lang='lat' dir='ltr'><strong>est</strong></span> <span class='ocrx_word' id='word_1_149' title='bbox 455 2519 639 2596; x_wconf 77' lang='lat' dir='ltr'><strong>dehortetur,</strong></span> <span class='ocrx_word' id='word_1_150' title='bbox 659 2521 699 2583; x_wconf 92' lang='lat' dir='ltr'><strong>ed</strong></span> <span class='ocrx_word' id='word_1_151' title='bbox 715 2519 863 2582; x_wconf 88' lang='lat' dir='ltr'><strong>unitatem</strong></span> <span class='ocrx_word' id='word_1_152' title='bbox 881 2537 953 2580; x_wconf 83' lang='lat' dir='ltr'><strong>vero</strong></span> <span class='ocrx_word' id='word_1_153' title='bbox 966 2527 1079 2598; x_wconf 90' lang='lat' dir='ltr'><strong>quauta</strong></span> <span class='ocrx_word' id='word_1_154' title='bbox 1090 2516 1187 2598; x_wconf 86' lang='lat' dir='ltr'><strong>potuit</strong></span> <span class='ocrx_word' id='word_1_155' title='bbox 1199 2516 1284 2577; x_wconf 86' lang='lat' dir='ltr'><strong>vocis</strong></span> 
     </span>
     <span class='ocr_line' id='line_1_18' title="bbox 76 2613 1284 2698; baseline 0.001 -27"><span class='ocrx_word' id='word_1_156' title='bbox 76 2621 390 2696; x_wconf 72' lang='lat' dir='ltr'><strong>argumentorumque</strong></span> <span class='ocrx_word' id='word_1_157' title='bbox 412 2617 603 2678; x_wconf 85' lang='lat' dir='ltr'><strong>contentione</strong></span> <span class='ocrx_word' id='word_1_158' title='bbox 620 2617 776 2679; x_wconf 80' lang='lat' dir='ltr'><strong>incitavit:</strong></span> <span class='ocrx_word' id='word_1_159' title='bbox 798 2615 937 2678; x_wconf 83' lang='lat' dir='ltr'><strong>viderent</strong></span> <span class='ocrx_word' id='word_1_160' title='bbox 955 2614 1023 2698; x_wconf 89' lang='lat' dir='ltr'><strong>ipsi,</strong></span> <span class='ocrx_word' id='word_1_161' title='bbox 1045 2613 1152 2686; x_wconf 88' lang='lat' dir='ltr'><strong>aiebat,</strong></span> <span class='ocrx_word' id='word_1_162' title='bbox 1169 2620 1284 2692; x_wconf 89' lang='lat' dir='ltr'><strong>quante</strong></span> 
     </span>
     <span class='ocr_line' id='line_1_19' title="bbox 78 2707 1283 2795; baseline 0.002 -28"><span class='ocrx_word' id='word_1_163' title='bbox 78 2707 222 2786; x_wconf 88' lang='lat' dir='ltr'><strong>qnotidie</strong></span> <span class='ocrx_word' id='word_1_164' title='bbox 234 2728 272 2770; x_wconf 88' lang='lat' dir='ltr'><strong>ex</strong></span> <span class='ocrx_word' id='word_1_165' title='bbox 281 2711 441 2774; x_wconf 88' lang='lat' dir='ltr'><strong>discordiis</strong></span> <span class='ocrx_word' id='word_1_166' title='bbox 453 2711 533 2774; x_wconf 88' lang='lat' dir='ltr'><strong>mela</strong></span> <span class='ocrx_word' id='word_1_167' title='bbox 545 2713 706 2788; x_wconf 88' lang='lat' dir='ltr'><strong>orirentur,</strong></span> <span class='ocrx_word' id='word_1_168' title='bbox 717 2732 810 2795; x_wconf 91' lang='lat' dir='ltr'><strong>quem</strong></span> <span class='ocrx_word' id='word_1_169' title='bbox 823 2711 923 2793; x_wconf 82' lang='lat' dir='ltr'><strong>ample</strong></span> <span class='ocrx_word' id='word_1_170' title='bbox 932 2729 1036 2795; x_wconf 83' lang='lat' dir='ltr'><strong>regna,</strong></span> <span class='ocrx_word' id='word_1_171' title='bbox 1048 2729 1139 2790; x_wconf 91' lang='lat' dir='ltr'><strong>quam</strong></span> <span class='ocrx_word' id='word_1_172' title='bbox 1149 2716 1283 2791; x_wconf 86' lang='lat' dir='ltr'><strong>potentes</strong></span> 
     </span>
     <span class='ocr_line' id='line_1_20' title="bbox 80 2803 1283 2892; baseline -0.002 -26"><span class='ocrx_word' id='word_1_173' title='bbox 80 2803 222 2886; x_wconf 80' lang='lat' dir='ltr'><strong>Respub.</strong></span> <span class='ocrx_word' id='word_1_174' title='bbox 242 2827 362 2889; x_wconf 76' lang='lat' dir='ltr'><strong>possem</strong></span> <span class='ocrx_word' id='word_1_175' title='bbox 385 2807 490 2870; x_wconf 89' lang='lat' dir='ltr'><strong>iissent</strong></span> <span class='ocrx_word' id='word_1_176' title='bbox 506 2809 615 2892; x_wconf 78' lang='lat' dir='ltr'><strong>litigio,</strong></span> <span class='ocrx_word' id='word_1_177' title='bbox 635 2809 762 2891; x_wconf 90' lang='lat' dir='ltr'><strong>proinde</strong></span> <span class='ocrx_word' id='word_1_178' title='bbox 782 2807 840 2891; x_wconf 89' lang='lat' dir='ltr'><strong>ipsi</strong></span> <span class='ocrx_word' id='word_1_179' title='bbox 858 2827 977 2888; x_wconf 89' lang='lat' dir='ltr'><strong>quoque</strong></span> <span class='ocrx_word' id='word_1_180' title='bbox 997 2806 1124 2867; x_wconf 88' lang='lat' dir='ltr'><strong>aliorum</strong></span> <span class='ocrx_word' id='word_1_181' title='bbox 1145 2803 1283 2886; x_wconf 88' lang='lat' dir='ltr'><strong>exemplo</strong></span> 
     </span>
     <span class='ocr_line' id='line_1_21' title="bbox 79 2899 1283 2988; baseline -0.002 -26"><span class='ocrx_word' id='word_1_182' title='bbox 79 2900 233 2964; x_wconf 87' lang='lat' dir='ltr'><strong>cautiores</strong></span> <span class='ocrx_word' id='word_1_183' title='bbox 253 2925 402 2986; x_wconf 78' lang='lat' dir='ltr'><strong>nusquam</strong></span> <span class='ocrx_word' id='word_1_184' title='bbox 419 2916 575 2986; x_wconf 84' lang='lat' dir='ltr'><strong>sperarent</strong></span> <span class='ocrx_word' id='word_1_185' title='bbox 589 2905 719 2988; x_wconf 76' lang='lat' dir='ltr'><strong>dignum</strong></span> <span class='ocrx_word' id='word_1_186' title='bbox 737 2905 854 2985; x_wconf 90' lang='lat' dir='ltr'><strong>aliquid</strong></span> <span class='ocrx_word' id='word_1_187' title='bbox 869 2902 965 2987; x_wconf 84' lang='lat' dir='ltr'><strong>gloria</strong></span> <span class='ocrx_word' id='word_1_188' title='bbox 978 2900 1133 2984; x_wconf 86' lang='lat' dir='ltr'><strong>perficere,</strong></span> <span class='ocrx_word' id='word_1_189' title='bbox 1147 2899 1197 2961; x_wconf 86' lang='lat' dir='ltr'><strong>vel</strong></span> <span class='ocrx_word' id='word_1_190' title='bbox 1210 2919 1283 2961; x_wconf 88' lang='lat' dir='ltr'><strong>con·</strong></span> 
     </span>
     <span class='ocr_line' id='line_1_22' title="bbox 79 2997 1282 3085; baseline 0 -26"><span class='ocrx_word' id='word_1_191' title='bbox 79 3005 203 3078; x_wconf 78' lang='lat' dir='ltr'><strong>neptem</strong></span> <span class='ocrx_word' id='word_1_192' title='bbox 221 2999 241 3061; x_wconf 80' lang='lat' dir='ltr'><strong>i</strong></span> <span class='ocrx_word' id='word_1_193' title='bbox 257 3021 290 3062; x_wconf 88' lang='lat' dir='ltr'><strong>se</strong></span> <span class='ocrx_word' id='word_1_194' title='bbox 310 3002 403 3064; x_wconf 89' lang='lat' dir='ltr'><strong>telem</strong></span> <span class='ocrx_word' id='word_1_195' title='bbox 424 3011 589 3085; x_wconf 89' lang='lat' dir='ltr'><strong>pertexere,</strong></span> <span class='ocrx_word' id='word_1_196' title='bbox 611 3002 671 3064; x_wconf 90' lang='lat' dir='ltr'><strong>uisi</strong></span> <span class='ocrx_word' id='word_1_197' title='bbox 692 3001 890 3064; x_wconf 84' lang='lat' dir='ltr'><strong>concordibus</strong></span> <span class='ocrx_word' id='word_1_198' title='bbox 911 2999 1020 3060; x_wconf 85' lang='lat' dir='ltr'><strong>animis</strong></span> <span class='ocrx_word' id='word_1_199' title='bbox 1037 2997 1141 3060; x_wconf 83' lang='lat' dir='ltr'><strong>sedulo</strong></span> <span class='ocrx_word' id='word_1_200' title='bbox 1159 2997 1282 3078; x_wconf 85' lang='lat' dir='ltr'><strong>inopus</strong></span> 
     </span>
     <span class='ocr_line' id='line_1_23' title="bbox 79 3093 1281 3181; baseline 0 -27"><span class='ocrx_word' id='word_1_201' title='bbox 79 3114 141 3175; x_wconf 89' lang='lat' dir='ltr'><strong>pro</strong></span> <span class='ocrx_word' id='word_1_202' title='bbox 152 3095 234 3156; x_wconf 78' lang='lat' dir='ltr'><strong>uirili</strong></span> <span class='ocrx_word' id='word_1_203' title='bbox 248 3097 361 3181; x_wconf 80' lang='lat' dir='ltr'><strong>singuli</strong></span> <span class='ocrx_word' id='word_1_204' title='bbox 374 3097 600 3161; x_wconf 87' lang='lat' dir='ltr'><strong>incumberent:</strong></span> <span class='ocrx_word' id='word_1_205' title='bbox 623 3117 681 3160; x_wconf 87' lang='lat' dir='ltr'><strong>uec</strong></span> <span class='ocrx_word' id='word_1_206' title='bbox 693 3098 762 3174; x_wconf 85' lang='lat' dir='ltr'><strong>eibi,</strong></span> <span class='ocrx_word' id='word_1_207' title='bbox 777 3096 917 3171; x_wconf 89' lang='lat' dir='ltr'><strong>eddebet,</strong></span> <span class='ocrx_word' id='word_1_208' title='bbox 931 3116 1017 3179; x_wconf 87' lang='lat' dir='ltr'><strong>posse</strong></span> <span class='ocrx_word' id='word_1_209' title='bbox 1031 3096 1155 3157; x_wconf 74' lang='lat' dir='ltr'><strong>amorne</strong></span> <span class='ocrx_word' id='word_1_210' title='bbox 1165 3093 1281 3175; x_wconf 87' lang='lat' dir='ltr'><strong>aliquid</strong></span> 
     </span>
     <span class='ocr_line' id='line_1_24' title="bbox 79 3190 1280 3279; baseline 0 -27"><span class='ocrx_word' id='word_1_211' title='bbox 79 3191 222 3254; x_wconf 88' lang='lat' dir='ltr'><strong>accidere</strong></span> <span class='ocrx_word' id='word_1_212' title='bbox 239 3194 372 3275; x_wconf 82' lang='lat' dir='ltr'><strong>gravius,</strong></span> <span class='ocrx_word' id='word_1_213' title='bbox 390 3216 482 3277; x_wconf 83' lang='lat' dir='ltr'><strong>quem</strong></span> <span class='ocrx_word' id='word_1_214' title='bbox 495 3196 521 3258; x_wconf 84' lang='lat' dir='ltr'><strong>si</strong></span> <span class='ocrx_word' id='word_1_215' title='bbox 538 3195 721 3279; x_wconf 85' lang='lat' dir='ltr'><strong>intelligeret</strong></span> <span class='ocrx_word' id='word_1_216' title='bbox 737 3193 898 3257; x_wconf 89' lang='lat' dir='ltr'><strong>nonnullos</strong></span> <span class='ocrx_word' id='word_1_217' title='bbox 911 3193 949 3254; x_wconf 94' lang='lat' dir='ltr'><strong>ob</strong></span> <span class='ocrx_word' id='word_1_218' title='bbox 963 3191 1144 3274; x_wconf 82' lang='lat' dir='ltr'><strong>particulare</strong></span> <span class='ocrx_word' id='word_1_219' title='bbox 1158 3190 1280 3271; x_wconf 91' lang='lat' dir='ltr'><strong>aliquod</strong></span> 
     </span>
     <span class='ocr_line' id='line_1_25' title="bbox 81 3285 1280 3374; baseline -0.003 -24"><span class='ocrx_word' id='word_1_220' title='bbox 81 3289 279 3350; x_wconf 85' lang='lat' dir='ltr'><strong>commodum</strong></span> <span class='ocrx_word' id='word_1_221' title='bbox 300 3290 320 3352; x_wconf 80' lang='lat' dir='ltr'><strong>i</strong></span> <span class='ocrx_word' id='word_1_222' title='bbox 339 3292 494 3354; x_wconf 90' lang='lat' dir='ltr'><strong>communi</strong></span> <span class='ocrx_word' id='word_1_223' title='bbox 515 3291 667 3374; x_wconf 88' lang='lat' dir='ltr'><strong>opinione,</strong></span> <span class='ocrx_word' id='word_1_224' title='bbox 687 3299 717 3352; x_wconf 89' lang='lat' dir='ltr'><strong>et</strong></span> <span class='ocrx_word' id='word_1_225' title='bbox 733 3289 849 3372; x_wconf 89' lang='lat' dir='ltr'><strong>reipub.</strong></span> <span class='ocrx_word' id='word_1_226' title='bbox 869 3289 1010 3351; x_wconf 86' lang='lat' dir='ltr'><strong>societate</strong></span> <span class='ocrx_word' id='word_1_227' title='bbox 1032 3285 1200 3349; x_wconf 74' lang='lat' dir='ltr'><strong>dboessiase</strong></span> <span class='ocrx_word' id='word_1_228' title='bbox 1222 3296 1280 3347; x_wconf 89' lang='lat' dir='ltr'><strong>atc.</strong></span> 
     </span>
     <span class='ocr_line' id='line_1_26' title="bbox 80 3382 1282 3466; baseline -0.002 -21"><span class='ocrx_word' id='word_1_229' title='bbox 80 3385 194 3466; x_wconf 86' lang='lat' dir='ltr'><strong>quibus</strong></span> <span class='ocrx_word' id='word_1_230' title='bbox 207 3394 269 3448; x_wconf 86' lang='lat' dir='ltr'><strong>tem</strong></span> <span class='ocrx_word' id='word_1_231' title='bbox 286 3387 457 3451; x_wconf 84' lang='lat' dir='ltr'><strong>efficacibus</strong></span> <span class='ocrx_word' id='word_1_232' title='bbox 475 3389 571 3451; x_wconf 82' lang='lat' dir='ltr'><strong>verbis</strong></span> <span class='ocrx_word' id='word_1_233' title='bbox 586 3388 660 3450; x_wconf 92' lang='lat' dir='ltr'><strong>illuc</strong></span> <span class='ocrx_word' id='word_1_234' title='bbox 680 3387 842 3451; x_wconf 86' lang='lat' dir='ltr'><strong>commovit</strong></span> <span class='ocrx_word' id='word_1_235' title='bbox 862 3386 1013 3448; x_wconf 69' lang='lat' dir='ltr'><strong>adeuntes</strong></span> <span class='ocrx_word' id='word_1_236' title='bbox 1031 3382 1113 3446; x_wconf 89' lang='lat' dir='ltr'><strong>utin</strong></span> <span class='ocrx_word' id='word_1_237' title='bbox 1133 3383 1282 3463; x_wconf 80' lang='lat' dir='ltr'><strong>lacrymas</strong></span> 
     </span>
     <span class='ocr_line' id='line_1_27' title="bbox 81 3479 1282 3567; baseline -0.004 -24"><span class='ocrx_word' id='word_1_238' title='bbox 81 3479 171 3543; x_wconf 84' lang='lat' dir='ltr'><strong>effusi</strong></span> <span class='ocrx_word' id='word_1_239' title='bbox 192 3483 271 3544; x_wconf 88' lang='lat' dir='ltr'><strong>detis</strong></span> <span class='ocrx_word' id='word_1_240' title='bbox 289 3493 394 3546; x_wconf 91' lang='lat' dir='ltr'><strong>mutuo</strong></span> <span class='ocrx_word' id='word_1_241' title='bbox 415 3484 547 3547; x_wconf 83' lang='lat' dir='ltr'><strong>dexteris</strong></span> <span class='ocrx_word' id='word_1_242' title='bbox 569 3484 853 3567; x_wconf 83' lang='lat' dir='ltr'><strong>compromitterent.</strong></span> <span class='ocrx_word' id='word_1_243' title='bbox 896 3482 1038 3564; x_wconf 90' lang='lat' dir='ltr'><strong>Denique</strong></span> <span class='ocrx_word' id='word_1_244' title='bbox 1058 3479 1205 3543; x_wconf 85' lang='lat' dir='ltr'><strong>ordinatis</strong></span> <span class='ocrx_word' id='word_1_245' title='bbox 1225 3479 1282 3538; x_wconf 90' lang='lat' dir='ltr'><strong>rite</strong></span> 
     </span>
     <span class='ocr_line' id='line_1_28' title="bbox 82 3573 1312 3660; baseline -0.006 -22"><span class='ocrx_word' id='word_1_246' title='bbox 82 3577 225 3640; x_wconf 85' lang='lat' dir='ltr'><strong>omnibus</strong></span> <span class='ocrx_word' id='word_1_247' title='bbox 245 3581 365 3642; x_wconf 83' lang='lat' dir='ltr'><strong>vocavit</strong></span> <span class='ocrx_word' id='word_1_248' title='bbox 381 3581 466 3641; x_wconf 83' lang='lat' dir='ltr'><strong>verbi</strong></span> <span class='ocrx_word' id='word_1_249' title='bbox 488 3581 660 3642; x_wconf 87' lang='lat' dir='ltr'><strong>ministrum</strong></span> <span class='ocrx_word' id='word_1_250' title='bbox 673 3580 726 3660; x_wconf 93' lang='lat' dir='ltr'><strong>qui</strong></span> <span class='ocrx_word' id='word_1_251' title='bbox 739 3579 823 3641; x_wconf 90' lang='lat' dir='ltr'><strong>sede</strong></span> <span class='ocrx_word' id='word_1_252' title='bbox 839 3579 934 3642; x_wconf 86' lang='lat' dir='ltr'><strong>salute</strong></span> <span class='ocrx_word' id='word_1_253' title='bbox 952 3577 1065 3640; x_wconf 75' lang='lat' dir='ltr'><strong>eterni</strong></span> <span class='ocrx_word' id='word_1_254' title='bbox 1082 3573 1282 3638; x_wconf 74' lang='lat' dir='ltr'><strong>commonete·</strong></span> <span class='ocrx_word' id='word_1_255' title='bbox 1306 3582 1312 3590; x_wconf 84' lang='grc'><em>·</em></span> 
     </span>
     <span class='ocr_line' id='line_1_29' title="bbox 84 3673 1282 3761; baseline -0.004 -27"><span class='ocrx_word' id='word_1_256' title='bbox 84 3683 174 3736; x_wconf 84' lang='lat' dir='ltr'><strong>ceret</strong></span> <span class='ocrx_word' id='word_1_257' title='bbox 225 3674 299 3736; x_wconf 87' lang='lat' dir='ltr'><strong>Nou</strong></span> <span class='ocrx_word' id='word_1_258' title='bbox 322 3676 420 3739; x_wconf 80' lang='lat' dir='ltr'><strong>defuit</strong></span> <span class='ocrx_word' id='word_1_259' title='bbox 443 3677 549 3761; x_wconf 79' lang='lat' dir='ltr'><strong>lingue</strong></span> <span class='ocrx_word' id='word_1_260' title='bbox 574 3675 773 3750; x_wconf 82' lang='lat' dir='ltr'><strong>Praedicenti,</strong></span> <span class='ocrx_word' id='word_1_261' title='bbox 796 3696 853 3738; x_wconf 90' lang='lat' dir='ltr'><strong>nec</strong></span> <span class='ocrx_word' id='word_1_262' title='bbox 878 3675 991 3758; x_wconf 74' lang='lat' dir='ltr'><strong>lingna</strong></span> <span class='ocrx_word' id='word_1_263' title='bbox 1017 3673 1194 3755; x_wconf 77' lang='lat' dir='ltr'><strong>praedicens,</strong></span> <span class='ocrx_word' id='word_1_264' title='bbox 1219 3688 1282 3728; x_wconf 90' lang='lat' dir='ltr'><strong>rem</strong></span> 
     </span>
     <span class='ocr_line' id='line_1_30' title="bbox 656 3795 705 3833; baseline -0.02 0"><span class='ocrx_word' id='word_1_265' title='bbox 656 3795 675 3833; x_wconf 77' lang='lat' dir='ltr'><strong>n</strong></span> <span class='ocrx_word' id='word_1_266' title='bbox 686 3795 705 3832; x_wconf 75' lang='lat' dir='ltr'><strong>n</strong></span> 
     </span>
    </p>
   </div>
   <div class='ocr_carea' id='block_1_5' title="bbox 0 0 1618 4700">
    <p class='ocr_par' dir='ltr' id='par_1_6' title="bbox 0 0 1618 4700">
     <span class='ocr_line' id='line_1_31' title="bbox 0 0 1618 4700; baseline 0 0"><span class='ocrx_word' id='word_1_267' title='bbox 0 0 1618 4700; x_wconf 95' lang='lat' dir='ltr'><strong> </strong></span> 
     </span>
    </p>
   </div>
  </div>
 </body>
</html>
