<?xml version="1.0" encoding="UTF-8"?>
<!DOCTYPE html PUBLIC "-//W3C//DTD XHTML 1.0 Transitional//EN"
    "http://www.w3.org/TR/xhtml1/DTD/xhtml1-transitional.dtd">
<html xmlns="http://www.w3.org/1999/xhtml" xml:lang="en" lang="en">
 <head>
  <title>
</title>
<meta http-equiv="Content-Type" content="text/html;charset=utf-8" />
  <meta name='ocr-system' content='tesseract 3.04.00' />
  <meta name='ocr-capabilities' content='ocr_page ocr_carea ocr_par ocr_line ocrx_word'/>
</head>
<body>
  <div class='ocr_page' id='page_1' title='image "./itinerariumthom00kerngoog_0218.png"; bbox 0 0 3225 4700; ppageno 0'>
   <div class='ocr_carea' id='block_1_1' title="bbox 365 312 1163 389">
    <p class='ocr_par' dir='ltr' id='par_1_1' title="bbox 365 312 1163 389">
     <span class='ocr_line' id='line_1_1' title="bbox 365 312 1163 389; baseline -0.008 -2"><span class='ocrx_word' id='word_1_1' title='bbox 365 326 424 389; x_wconf 79' lang='lat'>134</span> <span class='ocrx_word' id='word_1_2' title='bbox 757 312 1163 385; x_wconf 79' lang='lat' dir='ltr'><strong><em>ITINERARIUM.</em></strong></span> 
     </span>
    </p>
   </div>
   <div class='ocr_carea' id='block_1_2' title="bbox 344 463 1571 3438">
    <p class='ocr_par' dir='ltr' id='par_1_2' title="bbox 346 463 1571 1799">
     <span class='ocr_line' id='line_1_2' title="bbox 355 463 1568 544; baseline -0.01 -9"><span class='ocrx_word' id='word_1_3' title='bbox 355 472 472 536; x_wconf 75' lang='lat' dir='ltr'>ratione</span> <span class='ocrx_word' id='word_1_4' title='bbox 488 490 523 533; x_wconf 89' lang='lat' dir='ltr'>os</span> <span class='ocrx_word' id='word_1_5' title='bbox 542 468 657 533; x_wconf 78' lang='lat' dir='ltr'>hommi</span> <span class='ocrx_word' id='word_1_6' title='bbox 672 469 790 532; x_wconf 85' lang='lat' dir='ltr'>sineero</span> <span class='ocrx_word' id='word_1_7' title='bbox 804 470 1035 544; x_wconf 68' lang='lat' dir='ltr'>omuunturnm,</span> <span class='ocrx_word' id='word_1_8' title='bbox 1053 466 1185 531; x_wconf 83' lang='lat' dir='ltr'>suboinit</span> <span class='ocrx_word' id='word_1_9' title='bbox 1196 466 1279 531; x_wconf 83' lang='lat' dir='ltr'>frsus</span> <span class='ocrx_word' id='word_1_10' title='bbox 1292 463 1391 539; x_wconf 88' lang='lat' dir='ltr'>Petri,</span> <span class='ocrx_word' id='word_1_11' title='bbox 1400 482 1438 525; x_wconf 85' lang='lat' dir='ltr'>uo</span> <span class='ocrx_word' id='word_1_12' title='bbox 1448 480 1568 524; x_wconf 81' lang='lat' dir='ltr'>eorem</span> 
     </span>
     <span class='ocr_line' id='line_1_3' title="bbox 355 562 1568 649; baseline -0.003 -18"><span class='ocrx_word' id='word_1_13' title='bbox 355 570 511 649; x_wconf 72' lang='lat' dir='ltr'>dequents</span> <span class='ocrx_word' id='word_1_14' title='bbox 531 565 653 642; x_wconf 76' lang='lat' dir='ltr'>ooroui,</span> <span class='ocrx_word' id='word_1_15' title='bbox 670 585 739 647; x_wconf 80' lang='lat' dir='ltr'>quus</span> <span class='ocrx_word' id='word_1_16' title='bbox 756 576 830 628; x_wconf 87' lang='lat' dir='ltr'>tuno</span> <span class='ocrx_word' id='word_1_17' title='bbox 848 567 924 629; x_wconf 87' lang='lat' dir='ltr'>istun</span> <span class='ocrx_word' id='word_1_18' title='bbox 937 566 1133 641; x_wconf 83' lang='lat' dir='ltr'>oonflnxerst,</span> <span class='ocrx_word' id='word_1_19' title='bbox 1148 563 1260 645; x_wconf 79' lang='lat' dir='ltr'>rejecto</span> <span class='ocrx_word' id='word_1_20' title='bbox 1272 562 1305 623; x_wconf 91' lang='lat' dir='ltr'>iu</span> <span class='ocrx_word' id='word_1_21' title='bbox 1317 579 1453 623; x_wconf 83' lang='lat' dir='ltr'>mensem</span> <span class='ocrx_word' id='word_1_22' title='bbox 1467 578 1568 627; x_wconf 78' lang='lat' dir='ltr'>auro,</span> 
     </span>
     <span class='ocr_line' id='line_1_4' title="bbox 355 655 1570 741; baseline -0.01 -14"><span class='ocrx_word' id='word_1_23' title='bbox 355 666 408 737; x_wconf 84' lang='lat' dir='ltr'>nit,</span> <span class='ocrx_word' id='word_1_24' title='bbox 421 686 454 727; x_wconf 84' lang='lat' dir='ltr'>se</span> <span class='ocrx_word' id='word_1_25' title='bbox 466 684 527 725; x_wconf 92' lang='lat' dir='ltr'>non</span> <span class='ocrx_word' id='word_1_26' title='bbox 540 662 657 725; x_wconf 79' lang='lat' dir='ltr'>venisse</span> <span class='ocrx_word' id='word_1_27' title='bbox 668 672 704 725; x_wconf 85' lang='lat' dir='ltr'>nt</span> <span class='ocrx_word' id='word_1_28' title='bbox 715 683 747 725; x_wconf 87' lang='lat' dir='ltr'>se</span> <span class='ocrx_word' id='word_1_29' title='bbox 761 663 922 737; x_wconf 86' lang='lat' dir='ltr'>insursret,</span> <span class='ocrx_word' id='word_1_30' title='bbox 936 663 989 725; x_wconf 84' lang='lat' dir='ltr'>sed</span> <span class='ocrx_word' id='word_1_31' title='bbox 1001 661 1119 724; x_wconf 79' lang='lat' dir='ltr'>uiribus</span> <span class='ocrx_word' id='word_1_32' title='bbox 1131 679 1191 741; x_wconf 84' lang='lat' dir='ltr'>qun</span> <span class='ocrx_word' id='word_1_33' title='bbox 1205 659 1331 721; x_wconf 89' lang='lat' dir='ltr'>oonsilio</span> <span class='ocrx_word' id='word_1_34' title='bbox 1340 677 1401 738; x_wconf 87' lang='lat' dir='ltr'>qus</span> <span class='ocrx_word' id='word_1_35' title='bbox 1410 655 1570 741; x_wconf 74' lang='lat' dir='ltr'><strong>precibus</strong></span> 
     </span>
     <span class='ocr_line' id='line_1_5' title="bbox 356 753 1571 844; baseline -0.009 -20"><span class='ocrx_word' id='word_1_36' title='bbox 356 763 519 844; x_wconf 87' lang='lat' dir='ltr'>prodesset,</span> <span class='ocrx_word' id='word_1_37' title='bbox 534 759 697 822; x_wconf 86' lang='lat' dir='ltr'>deseruisse</span> <span class='ocrx_word' id='word_1_38' title='bbox 710 778 742 820; x_wconf 89' lang='lat' dir='ltr'>se</span> <span class='ocrx_word' id='word_1_39' title='bbox 755 759 873 839; x_wconf 79' lang='lat' dir='ltr'>pridem</span> <span class='ocrx_word' id='word_1_40' title='bbox 886 759 997 834; x_wconf 80' lang='lat' dir='ltr'>omnis,</span> <span class='ocrx_word' id='word_1_41' title='bbox 1006 778 1042 819; x_wconf 87' lang='lat' dir='ltr'>so</span> <span class='ocrx_word' id='word_1_42' title='bbox 1051 756 1193 821; x_wconf 74' lang='lat' dir='ltr'>didicisse</span> <span class='ocrx_word' id='word_1_43' title='bbox 1202 756 1234 817; x_wconf 93' lang='lat' dir='ltr'>in</span> <span class='ocrx_word' id='word_1_44' title='bbox 1245 754 1359 818; x_wconf 87' lang='lat' dir='ltr'>Christi</span> <span class='ocrx_word' id='word_1_45' title='bbox 1366 753 1472 817; x_wconf 76' lang='lat' dir='ltr'>scholi</span> <span class='ocrx_word' id='word_1_46' title='bbox 1482 772 1571 835; x_wconf 85' lang='lat' dir='ltr'>psu-</span> 
     </span>
     <span class='ocr_line' id='line_1_6' title="bbox 352 850 1569 940; baseline -0.006 -22"><span class='ocrx_word' id='word_1_47' title='bbox 352 866 497 940; x_wconf 84' lang='lat' dir='ltr'>pertstem</span> <span class='ocrx_word' id='word_1_48' title='bbox 505 856 612 937; x_wconf 90' lang='lat' dir='ltr'>opibus</span> <span class='ocrx_word' id='word_1_49' title='bbox 624 853 775 936; x_wconf 72' lang='lat' dir='ltr'>preferre,</span> <span class='ocrx_word' id='word_1_50' title='bbox 789 855 879 917; x_wconf 84' lang='lat' dir='ltr'>mulie</span> <span class='ocrx_word' id='word_1_51' title='bbox 893 875 925 917; x_wconf 84' lang='lat' dir='ltr'>ss</span> <span class='ocrx_word' id='word_1_52' title='bbox 937 855 1111 917; x_wconf 76' lang='lat' dir='ltr'>mendicum</span> <span class='ocrx_word' id='word_1_53' title='bbox 1124 852 1229 929; x_wconf 87' lang='lat' dir='ltr'>emori,</span> <span class='ocrx_word' id='word_1_54' title='bbox 1243 872 1335 933; x_wconf 75' lang='lat' dir='ltr'>quom</span> <span class='ocrx_word' id='word_1_55' title='bbox 1348 850 1379 913; x_wconf 89' lang='lat' dir='ltr'>in</span> <span class='ocrx_word' id='word_1_56' title='bbox 1393 871 1447 913; x_wconf 84' lang='lat' dir='ltr'>sus</span> <span class='ocrx_word' id='word_1_57' title='bbox 1467 870 1569 911; x_wconf 83' lang='lat' dir='ltr'>eom·</span> 
     </span>
     <span class='ocr_line' id='line_1_7' title="bbox 352 946 1567 1031; baseline -0.007 -16"><span class='ocrx_word' id='word_1_58' title='bbox 352 954 445 1015; x_wconf 79' lang='lat' dir='ltr'>mods</span> <span class='ocrx_word' id='word_1_59' title='bbox 457 952 623 1013; x_wconf 89' lang='lat' dir='ltr'>studiosum</span> <span class='ocrx_word' id='word_1_60' title='bbox 635 959 667 1011; x_wconf 91' lang='lat' dir='ltr'>et</span> <span class='ocrx_word' id='word_1_61' title='bbox 678 950 718 1013; x_wconf 88' lang='lat' dir='ltr'>ds</span> <span class='ocrx_word' id='word_1_62' title='bbox 727 950 858 1031; x_wconf 80' lang='lat' dir='ltr'>proximi</span> <span class='ocrx_word' id='word_1_63' title='bbox 867 950 961 1013; x_wconf 76' lang='lat' dir='ltr'>salute</span> <span class='ocrx_word' id='word_1_64' title='bbox 970 950 1155 1031; x_wconf 71' lang='lat' dir='ltr'>fortunisque</span> <span class='ocrx_word' id='word_1_65' title='bbox 1165 948 1440 1031; x_wconf 83' lang='lat' dir='ltr'>purnmsollioitum</span> <span class='ocrx_word' id='word_1_66' title='bbox 1447 946 1567 1028; x_wconf 68' lang='lat' dir='ltr'>argui.</span> 
     </span>
     <span class='ocr_line' id='line_1_8' title="bbox 352 1044 1564 1129; baseline -0.006 -18"><span class='ocrx_word' id='word_1_67' title='bbox 352 1048 474 1111; x_wconf 84' lang='lat' dir='ltr'>Plseuit</span> <span class='ocrx_word' id='word_1_68' title='bbox 488 1046 658 1111; x_wconf 71' lang='lat' dir='ltr'>dmsertstio</span> <span class='ocrx_word' id='word_1_69' title='bbox 675 1046 742 1107; x_wconf 75' lang='lat' dir='ltr'>hmo</span> <span class='ocrx_word' id='word_1_70' title='bbox 756 1045 913 1127; x_wconf 79' lang='lat' dir='ltr'>plusculis,</span> <span class='ocrx_word' id='word_1_71' title='bbox 926 1046 1007 1111; x_wconf 84' lang='lat' dir='ltr'>solus</span> <span class='ocrx_word' id='word_1_72' title='bbox 1020 1047 1233 1129; x_wconf 73' lang='lat' dir='ltr'>indignabatur</span> <span class='ocrx_word' id='word_1_73' title='bbox 1245 1045 1299 1126; x_wconf 86' lang='lat' dir='ltr'>qui</span> <span class='ocrx_word' id='word_1_74' title='bbox 1311 1064 1417 1107; x_wconf 87' lang='lat' dir='ltr'>surum</span> <span class='ocrx_word' id='word_1_75' title='bbox 1429 1044 1564 1105; x_wconf 84' lang='lat' dir='ltr'>obtrus·</span> 
     </span>
     <span class='ocr_line' id='line_1_9' title="bbox 349 1140 1561 1225; baseline -0.004 -18"><span class='ocrx_word' id='word_1_76' title='bbox 349 1154 414 1207; x_wconf 80' lang='lat' dir='ltr'>erut</span> <span class='ocrx_word' id='word_1_77' title='bbox 429 1145 580 1206; x_wconf 72' lang='lat' dir='ltr'>oestinm</span> <span class='ocrx_word' id='word_1_78' title='bbox 597 1164 629 1205; x_wconf 85' lang='lat' dir='ltr'>se</span> <span class='ocrx_word' id='word_1_79' title='bbox 644 1160 758 1222; x_wconf 79' lang='lat' dir='ltr'>susque</span> <span class='ocrx_word' id='word_1_80' title='bbox 775 1162 903 1205; x_wconf 82' lang='lat' dir='ltr'>munere</span> <span class='ocrx_word' id='word_1_81' title='bbox 919 1144 1080 1206; x_wconf 88' lang='lat' dir='ltr'>oontemni.</span> <span class='ocrx_word' id='word_1_82' title='bbox 1126 1144 1262 1225; x_wconf 68' lang='lat' dir='ltr'>Rogatus</span> <span class='ocrx_word' id='word_1_83' title='bbox 1276 1160 1348 1203; x_wconf 84' lang='lat' dir='ltr'>vero</span> <span class='ocrx_word' id='word_1_84' title='bbox 1363 1140 1452 1222; x_wconf 75' lang='lat' dir='ltr'>punit</span> <span class='ocrx_word' id='word_1_85' title='bbox 1467 1150 1561 1222; x_wconf 87' lang='lat' dir='ltr'>post,</span> 
     </span>
     <span class='ocr_line' id='line_1_10' title="bbox 349 1236 1563 1323; baseline -0.003 -20"><span class='ocrx_word' id='word_1_86' title='bbox 349 1240 500 1323; x_wconf 88' lang='lat' dir='ltr'>numquid</span> <span class='ocrx_word' id='word_1_87' title='bbox 521 1239 606 1301; x_wconf 81' lang='lat' dir='ltr'>eliud</span> <span class='ocrx_word' id='word_1_88' title='bbox 629 1244 745 1318; x_wconf 76' lang='lat' dir='ltr'>opturet</span> <span class='ocrx_word' id='word_1_89' title='bbox 766 1236 824 1298; x_wconf 91' lang='lat' dir='ltr'>sibi</span> <span class='ocrx_word' id='word_1_90' title='bbox 843 1237 909 1299; x_wconf 85' lang='lat' dir='ltr'>fieri</span> <span class='ocrx_word' id='word_1_91' title='bbox 930 1237 949 1300; x_wconf 78' lang='grc' dir='ltr'>δ</span> <span class='ocrx_word' id='word_1_92' title='bbox 967 1239 1178 1303; x_wconf 80' lang='lat' dir='ltr'>oireumstsnte</span> <span class='ocrx_word' id='word_1_93' title='bbox 1198 1237 1353 1314; x_wconf 86' lang='lat' dir='ltr'>oonoione,</span> <span class='ocrx_word' id='word_1_94' title='bbox 1369 1238 1423 1313; x_wconf 85' lang='lat' dir='ltr'>its,</span> <span class='ocrx_word' id='word_1_95' title='bbox 1439 1237 1499 1312; x_wconf 84' lang='lat' dir='ltr'>sit,</span> <span class='ocrx_word' id='word_1_96' title='bbox 1525 1244 1563 1299; x_wconf 90' lang='lat' dir='ltr'>nt</span> 
     </span>
     <span class='ocr_line' id='line_1_11' title="bbox 349 1332 1561 1418; baseline -0.004 -18"><span class='ocrx_word' id='word_1_97' title='bbox 349 1336 465 1400; x_wconf 82' lang='lat' dir='ltr'>scilieet</span> <span class='ocrx_word' id='word_1_98' title='bbox 479 1334 555 1396; x_wconf 86' lang='lat' dir='ltr'>mihi</span> <span class='ocrx_word' id='word_1_99' title='bbox 570 1341 602 1394; x_wconf 88' lang='lat' dir='ltr'>et</span> <span class='ocrx_word' id='word_1_100' title='bbox 617 1332 698 1393; x_wconf 84' lang='lat' dir='ltr'>soeio</span> <span class='ocrx_word' id='word_1_101' title='bbox 710 1352 778 1395; x_wconf 89' lang='lat' dir='ltr'>meo</span> <span class='ocrx_word' id='word_1_102' title='bbox 790 1353 846 1414; x_wconf 87' lang='lat' dir='ltr'>pur</span> <span class='ocrx_word' id='word_1_103' title='bbox 860 1334 952 1397; x_wconf 88' lang='lat' dir='ltr'>boum</span> <span class='ocrx_word' id='word_1_104' title='bbox 963 1334 1081 1397; x_wconf 89' lang='lat' dir='ltr'>donetis</span> <span class='ocrx_word' id='word_1_105' title='bbox 1094 1356 1132 1397; x_wconf 85' lang='lat' dir='ltr'>ex</span> <span class='ocrx_word' id='word_1_106' title='bbox 1144 1343 1206 1397; x_wconf 85' lang='lat' dir='ltr'>toto</span> <span class='ocrx_word' id='word_1_107' title='bbox 1218 1336 1256 1397; x_wconf 83' lang='lat' dir='ltr'>sb</span> <span class='ocrx_word' id='word_1_108' title='bbox 1268 1343 1336 1397; x_wconf 83' lang='lat' dir='ltr'>soto</span> <span class='ocrx_word' id='word_1_109' title='bbox 1348 1355 1449 1418; x_wconf 88' lang='lat' dir='ltr'>grege.</span> <span class='ocrx_word' id='word_1_110' title='bbox 1497 1334 1561 1395; x_wconf 77' lang='lat' dir='ltr'>Ad</span> 
     </span>
     <span class='ocr_line' id='line_1_12' title="bbox 348 1429 1558 1515; baseline -0.002 -20"><span class='ocrx_word' id='word_1_111' title='bbox 348 1454 418 1515; x_wconf 79' lang='lat' dir='ltr'>quse</span> <span class='ocrx_word' id='word_1_112' title='bbox 436 1429 592 1493; x_wconf 86' lang='lat' dir='ltr'>diosonlns</span> <span class='ocrx_word' id='word_1_113' title='bbox 607 1448 667 1489; x_wconf 92' lang='lat' dir='ltr'>non</span> <span class='ocrx_word' id='word_1_114' title='bbox 685 1449 774 1491; x_wconf 89' lang='lat' dir='ltr'>nemo</span> <span class='ocrx_word' id='word_1_115' title='bbox 792 1430 961 1506; x_wconf 69' lang='lat' dir='ltr'>mrosstiee,</span> <span class='ocrx_word' id='word_1_116' title='bbox 975 1431 1079 1507; x_wconf 87' lang='lat' dir='ltr'>risum,</span> <span class='ocrx_word' id='word_1_117' title='bbox 1094 1432 1128 1493; x_wconf 91' lang='lat' dir='ltr'>ni</span> <span class='ocrx_word' id='word_1_118' title='bbox 1141 1431 1237 1505; x_wconf 82' lang='lat' dir='ltr'>fuller,</span> <span class='ocrx_word' id='word_1_119' title='bbox 1250 1440 1396 1507; x_wconf 88' lang='lat' dir='ltr'>moturus,</span> <span class='ocrx_word' id='word_1_120' title='bbox 1410 1431 1558 1511; x_wconf 82' lang='lat' dir='ltr'>subjicit,</span> 
     </span>
     <span class='ocr_line' id='line_1_13' title="bbox 347 1521 1558 1605; baseline -0.002 -18"><span class='ocrx_word' id='word_1_121' title='bbox 347 1544 419 1587; x_wconf 85' lang='lat' dir='ltr'>eone</span> <span class='ocrx_word' id='word_1_122' title='bbox 433 1521 592 1605; x_wconf 77' lang='lat' dir='ltr'>prmolnros</span> <span class='ocrx_word' id='word_1_123' title='bbox 609 1521 698 1583; x_wconf 87' lang='lat' dir='ltr'>boum</span> <span class='ocrx_word' id='word_1_124' title='bbox 715 1531 831 1584; x_wconf 85' lang='lat' dir='ltr'>setores</span> <span class='ocrx_word' id='word_1_125' title='bbox 849 1524 872 1586; x_wconf 85' lang='lat' dir='ltr'>J</span> <span class='ocrx_word' id='word_1_126' title='bbox 874 1524 994 1600; x_wconf 81' lang='lat' dir='ltr'>esuitss,</span> <span class='ocrx_word' id='word_1_127' title='bbox 1014 1524 1117 1604; x_wconf 91' lang='lat' dir='ltr'>quint</span> <span class='ocrx_word' id='word_1_128' title='bbox 1134 1524 1224 1587; x_wconf 86' lang='lat' dir='ltr'>boves</span> <span class='ocrx_word' id='word_1_129' title='bbox 1241 1531 1387 1586; x_wconf 78' lang='lat' dir='ltr'>venentur</span> <span class='ocrx_word' id='word_1_130' title='bbox 1400 1524 1558 1604; x_wconf 86' lang='lat' dir='ltr'>psuoulos</span> 
     </span>
     <span class='ocr_line' id='line_1_14' title="bbox 346 1617 1555 1701; baseline -0.001 -19"><span class='ocrx_word' id='word_1_131' title='bbox 346 1620 449 1682; x_wconf 83' lang='lat' dir='ltr'>obolos</span> <span class='ocrx_word' id='word_1_132' title='bbox 467 1624 673 1679; x_wconf 86' lang='lat' dir='ltr'>oontemnunt.</span> <span class='ocrx_word' id='word_1_133' title='bbox 713 1617 775 1679; x_wconf 81' lang='lat' dir='ltr'>Cui</span> <span class='ocrx_word' id='word_1_134' title='bbox 792 1619 895 1682; x_wconf 80' lang='lat' dir='ltr'>Pater.</span> <span class='ocrx_word' id='word_1_135' title='bbox 938 1620 1025 1683; x_wconf 83' lang='lat' dir='ltr'>Audi</span> <span class='ocrx_word' id='word_1_136' title='bbox 1042 1620 1176 1683; x_wconf 83' lang='lat' dir='ltr'>virorum</span> <span class='ocrx_word' id='word_1_137' title='bbox 1195 1620 1317 1701; x_wconf 86' lang='lat' dir='ltr'>optimo,</span> <span class='ocrx_word' id='word_1_138' title='bbox 1334 1619 1410 1681; x_wconf 80' lang='lat' dir='ltr'>eninr</span> <span class='ocrx_word' id='word_1_139' title='bbox 1425 1640 1474 1683; x_wconf 90' lang='lat' dir='ltr'>me</span> <span class='ocrx_word' id='word_1_140' title='bbox 1489 1640 1555 1683; x_wconf 85' lang='lat' dir='ltr'>neo</span> 
     </span>
     <span class='ocr_line' id='line_1_15' title="bbox 348 1713 1553 1799; baseline 0.002 -22"><span class='ocrx_word' id='word_1_141' title='bbox 348 1716 449 1778; x_wconf 86' lang='lat' dir='ltr'>minus</span> <span class='ocrx_word' id='word_1_142' title='bbox 472 1713 585 1774; x_wconf 90' lang='lat' dir='ltr'>intuitu</span> <span class='ocrx_word' id='word_1_143' title='bbox 603 1713 727 1794; x_wconf 75' lang='lat' dir='ltr'>majoris</span> <span class='ocrx_word' id='word_1_144' title='bbox 750 1724 951 1792; x_wconf 83' lang='lat' dir='ltr'>oontemnore,</span> <span class='ocrx_word' id='word_1_145' title='bbox 972 1736 1029 1779; x_wconf 86' lang='lat' dir='ltr'>neo</span> <span class='ocrx_word' id='word_1_146' title='bbox 1052 1718 1150 1799; x_wconf 85' lang='lat' dir='ltr'>msjns</span> <span class='ocrx_word' id='word_1_147' title='bbox 1173 1736 1228 1799; x_wconf 91' lang='lat' dir='ltr'>pro</span> <span class='ocrx_word' id='word_1_148' title='bbox 1249 1716 1365 1779; x_wconf 87' lang='lat' dir='ltr'>minore</span> <span class='ocrx_word' id='word_1_149' title='bbox 1381 1716 1553 1798; x_wconf 80' lang='lat' dir='ltr'>posurlare.</span> 
     </span>
    </p>

    <p class='ocr_par' dir='ltr' id='par_1_3' title="bbox 346 1810 1554 1985">
     <span class='ocr_line' id='line_1_16' title="bbox 347 1810 1554 1896; baseline 0.002 -23"><span class='ocrx_word' id='word_1_150' title='bbox 347 1811 441 1885; x_wconf 82' lang='lat' dir='ltr'>Quod</span> <span class='ocrx_word' id='word_1_151' title='bbox 452 1811 494 1872; x_wconf 88' lang='lat' dir='ltr'>nd</span> <span class='ocrx_word' id='word_1_152' title='bbox 507 1810 608 1885; x_wconf 82' lang='lat' dir='ltr'>boves,</span> <span class='ocrx_word' id='word_1_153' title='bbox 619 1828 671 1870; x_wconf 91' lang='lat' dir='ltr'>eos</span> <span class='ocrx_word' id='word_1_154' title='bbox 680 1829 742 1872; x_wconf 87' lang='lat' dir='ltr'>non</span> <span class='ocrx_word' id='word_1_155' title='bbox 752 1830 820 1873; x_wconf 89' lang='lat' dir='ltr'>meo</span> <span class='ocrx_word' id='word_1_156' title='bbox 830 1812 883 1873; x_wconf 88' lang='lat' dir='ltr'>sod</span> <span class='ocrx_word' id='word_1_157' title='bbox 892 1812 1016 1889; x_wconf 77' lang='lat' dir='ltr'>civium,</span> <span class='ocrx_word' id='word_1_158' title='bbox 1028 1833 1104 1895; x_wconf 89' lang='lat' dir='ltr'>quos</span> <span class='ocrx_word' id='word_1_159' title='bbox 1113 1814 1153 1875; x_wconf 84' lang='lat' dir='ltr'>sd</span> <span class='ocrx_word' id='word_1_160' title='bbox 1163 1812 1280 1876; x_wconf 86' lang='lat' dir='ltr'>inoidss</span> <span class='ocrx_word' id='word_1_161' title='bbox 1290 1811 1456 1896; x_wconf 83' lang='lat' dir='ltr'>redegistis,</span> <span class='ocrx_word' id='word_1_162' title='bbox 1464 1814 1554 1875; x_wconf 90' lang='lat' dir='ltr'>bono</span> 
     </span>
     <span class='ocr_line' id='line_1_17' title="bbox 346 1905 1550 1985; baseline -0.003 -15"><span class='ocrx_word' id='word_1_163' title='bbox 346 1908 497 1982; x_wconf 83' lang='lat' dir='ltr'>desidem,</span> <span class='ocrx_word' id='word_1_164' title='bbox 506 1907 597 1967; x_wconf 82' lang='lat' dir='ltr'>boves</span> <span class='ocrx_word' id='word_1_165' title='bbox 607 1905 633 1967; x_wconf 89' lang='lat' dir='ltr'>si</span> <span class='ocrx_word' id='word_1_166' title='bbox 643 1926 718 1985; x_wconf 90' lang='lat' dir='ltr'>quos</span> <span class='ocrx_word' id='word_1_167' title='bbox 732 1908 841 1969; x_wconf 79' lang='lat' dir='ltr'>debitis</span> <span class='ocrx_word' id='word_1_168' title='bbox 856 1928 918 1971; x_wconf 92' lang='lat' dir='ltr'>non</span> <span class='ocrx_word' id='word_1_169' title='bbox 931 1908 1006 1971; x_wconf 91' lang='lat' dir='ltr'>mihi</span> <span class='ocrx_word' id='word_1_170' title='bbox 1019 1910 1073 1973; x_wconf 87' lang='lat' dir='ltr'>sed</span> <span class='ocrx_word' id='word_1_171' title='bbox 1083 1908 1196 1972; x_wconf 76' lang='lat' dir='ltr'>oinium</span> <span class='ocrx_word' id='word_1_172' title='bbox 1210 1908 1318 1971; x_wconf 81' lang='lat' dir='ltr'>sedent</span> <span class='ocrx_word' id='word_1_173' title='bbox 1330 1906 1550 1981; x_wconf 85' lang='lat' dir='ltr'>emolumento,</span> 
     </span>
    </p>

    <p class='ocr_par' dir='ltr' id='par_1_4' title="bbox 346 2002 1552 2088">
     <span class='ocr_line' id='line_1_18' title="bbox 346 2002 1552 2088; baseline -0.002 -21"><span class='ocrx_word' id='word_1_174' title='bbox 346 2016 383 2067; x_wconf 91' lang='lat' dir='ltr'>ut</span> <span class='ocrx_word' id='word_1_175' title='bbox 394 2004 500 2067; x_wconf 86' lang='lat' dir='ltr'>ssltsm</span> <span class='ocrx_word' id='word_1_176' title='bbox 512 2002 646 2075; x_wconf 85' lang='lat' dir='ltr'>sltemis,</span> <span class='ocrx_word' id='word_1_177' title='bbox 660 2023 731 2064; x_wconf 88' lang='lat' dir='ltr'>enm</span> <span class='ocrx_word' id='word_1_178' title='bbox 744 2003 804 2064; x_wconf 86' lang='lat' dir='ltr'>slis</span> <span class='ocrx_word' id='word_1_179' title='bbox 816 2024 926 2085; x_wconf 89' lang='lat' dir='ltr'>peoors</span> <span class='ocrx_word' id='word_1_180' title='bbox 938 2026 998 2067; x_wconf 92' lang='lat' dir='ltr'>non</span> <span class='ocrx_word' id='word_1_181' title='bbox 1009 2013 1160 2088; x_wconf 86' lang='lat' dir='ltr'>superent,</span> <span class='ocrx_word' id='word_1_182' title='bbox 1169 2025 1225 2067; x_wconf 83' lang='lat' dir='ltr'>nso</span> <span class='ocrx_word' id='word_1_183' title='bbox 1236 2004 1431 2086; x_wconf 82' lang='lat' dir='ltr'>oompnrundi</span> <span class='ocrx_word' id='word_1_184' title='bbox 1441 2003 1552 2065; x_wconf 81' lang='lat' dir='ltr'>medis</span> 
     </span>
    </p>

    <p class='ocr_par' dir='ltr' id='par_1_5' title="bbox 345 2099 1551 2183">
     <span class='ocr_line' id='line_1_19' title="bbox 345 2099 1551 2183; baseline -0.002 -18"><span class='ocrx_word' id='word_1_185' title='bbox 345 2101 507 2183; x_wconf 71' lang='lat' dir='ltr'>supersint,</span> <span class='ocrx_word' id='word_1_186' title='bbox 524 2099 681 2161; x_wconf 87' lang='lat' dir='ltr'>rusoulum</span> <span class='ocrx_word' id='word_1_187' title='bbox 697 2099 823 2180; x_wconf 71' lang='lat' dir='ltr'>aliquod</span> <span class='ocrx_word' id='word_1_188' title='bbox 839 2101 949 2179; x_wconf 79' lang='lat' dir='ltr'>nolunt,</span> <span class='ocrx_word' id='word_1_189' title='bbox 970 2113 1001 2164; x_wconf 87' lang='lat' dir='ltr'>et</span> <span class='ocrx_word' id='word_1_190' title='bbox 1017 2103 1067 2164; x_wconf 82' lang='lat' dir='ltr'>rel</span> <span class='ocrx_word' id='word_1_191' title='bbox 1081 2103 1124 2165; x_wconf 85' lang='lat' dir='ltr'>sio</span> <span class='ocrx_word' id='word_1_192' title='bbox 1137 2102 1247 2165; x_wconf 84' lang='lat' dir='ltr'>fsmem</span> <span class='ocrx_word' id='word_1_193' title='bbox 1260 2122 1321 2182; x_wconf 83' lang='lat' dir='ltr'>qun</span> <span class='ocrx_word' id='word_1_194' title='bbox 1333 2101 1438 2163; x_wconf 84' lang='lat' dir='ltr'>mortis</span> <span class='ocrx_word' id='word_1_195' title='bbox 1448 2120 1551 2182; x_wconf 81' lang='lat' dir='ltr'>genus</span> 
     </span>
    </p>

    <p class='ocr_par' dir='ltr' id='par_1_6' title="bbox 346 2195 1550 2279">
     <span class='ocr_line' id='line_1_20' title="bbox 346 2195 1550 2279; baseline 0 -20"><span class='ocrx_word' id='word_1_196' title='bbox 346 2196 477 2259; x_wconf 77' lang='lat' dir='ltr'>etroeins</span> <span class='ocrx_word' id='word_1_197' title='bbox 487 2196 541 2258; x_wconf 86' lang='lat' dir='ltr'>vix</span> <span class='ocrx_word' id='word_1_198' title='bbox 553 2204 609 2271; x_wconf 87' lang='lat' dir='ltr'>est,</span> <span class='ocrx_word' id='word_1_199' title='bbox 624 2196 644 2257; x_wconf 80' lang='lat' dir='ltr'>d</span> <span class='ocrx_word' id='word_1_200' title='bbox 657 2195 719 2257; x_wconf 84' lang='lat' dir='ltr'>riti</span> <span class='ocrx_word' id='word_1_201' title='bbox 731 2196 916 2279; x_wconf 74' lang='lat' dir='ltr'>propulsent.</span> <span class='ocrx_word' id='word_1_202' title='bbox 959 2198 1046 2261; x_wconf 81' lang='lat' dir='ltr'>Itune</span> <span class='ocrx_word' id='word_1_203' title='bbox 1059 2198 1142 2275; x_wconf 75' lang='lat' dir='ltr'>sord,</span> <span class='ocrx_word' id='word_1_204' title='bbox 1157 2198 1290 2279; x_wconf 85' lang='lat' dir='ltr'>subjicit,</span> <span class='ocrx_word' id='word_1_205' title='bbox 1303 2198 1388 2261; x_wconf 85' lang='lat' dir='ltr'>robis</span> <span class='ocrx_word' id='word_1_206' title='bbox 1400 2197 1550 2261; x_wconf 84' lang='lat' dir='ltr'>Dominis</span> 
     </span>
    </p>

    <p class='ocr_par' dir='ltr' id='par_1_7' title="bbox 346 2291 1546 2378">
     <span class='ocr_line' id='line_1_21' title="bbox 346 2291 1546 2378; baseline -0.001 -20"><span class='ocrx_word' id='word_1_207' title='bbox 346 2293 422 2358; x_wconf 84' lang='lat' dir='ltr'>meis</span> <span class='ocrx_word' id='word_1_208' title='bbox 434 2291 601 2356; x_wconf 92' lang='lat' dir='ltr'>oollibitum</span> <span class='ocrx_word' id='word_1_209' title='bbox 613 2299 668 2369; x_wconf 78' lang='lat' dir='ltr'>est,</span> <span class='ocrx_word' id='word_1_210' title='bbox 682 2293 815 2356; x_wconf 84' lang='lat' dir='ltr'>universi</span> <span class='ocrx_word' id='word_1_211' title='bbox 828 2293 933 2378; x_wconf 91' lang='lat' dir='ltr'>oppidi</span> <span class='ocrx_word' id='word_1_212' title='bbox 950 2295 1041 2358; x_wconf 86' lang='lat' dir='ltr'>simul</span> <span class='ocrx_word' id='word_1_213' title='bbox 1054 2315 1090 2358; x_wconf 86' lang='lat' dir='ltr'>so</span> <span class='ocrx_word' id='word_1_214' title='bbox 1103 2293 1195 2358; x_wconf 85' lang='lat' dir='ltr'>semel</span> <span class='ocrx_word' id='word_1_215' title='bbox 1208 2294 1340 2358; x_wconf 88' lang='lat' dir='ltr'>snimsm</span> <span class='ocrx_word' id='word_1_216' title='bbox 1352 2302 1546 2376; x_wconf 86' lang='lat' dir='ltr'>extorquere.</span> 
     </span>
    </p>

    <p class='ocr_par' dir='ltr' id='par_1_8' title="bbox 348 2388 1546 2474">
     <span class='ocr_line' id='line_1_22' title="bbox 348 2388 1546 2474; baseline 0 -20"><span class='ocrx_word' id='word_1_217' title='bbox 348 2391 421 2454; x_wconf 86' lang='lat' dir='ltr'>Non</span> <span class='ocrx_word' id='word_1_218' title='bbox 438 2391 482 2452; x_wconf 84' lang='lat' dir='ltr'>its</span> <span class='ocrx_word' id='word_1_219' title='bbox 495 2388 569 2451; x_wconf 80' lang='lat' dir='ltr'>mihi</span> <span class='ocrx_word' id='word_1_220' title='bbox 581 2389 700 2452; x_wconf 79' lang='lat' dir='ltr'>unimus</span> <span class='ocrx_word' id='word_1_221' title='bbox 712 2399 897 2472; x_wconf 58' lang='lat' dir='ltr'>auguratum</span> <span class='ocrx_word' id='word_1_222' title='bbox 918 2392 993 2472; x_wconf 90' lang='lat' dir='ltr'>quin</span> <span class='ocrx_word' id='word_1_223' title='bbox 1005 2413 1058 2456; x_wconf 78' lang='lat' dir='ltr'>ros</span> <span class='ocrx_word' id='word_1_224' title='bbox 1072 2392 1170 2474; x_wconf 86' lang='lat' dir='ltr'>potius</span> <span class='ocrx_word' id='word_1_225' title='bbox 1183 2393 1323 2468; x_wconf 86' lang='lat' dir='ltr'>obtestor,</span> <span class='ocrx_word' id='word_1_226' title='bbox 1337 2400 1370 2454; x_wconf 89' lang='lat' dir='ltr'>ut</span> <span class='ocrx_word' id='word_1_227' title='bbox 1381 2391 1546 2472; x_wconf 74' lang='lat' dir='ltr'>siquando</span> 
     </span>
    </p>

    <p class='ocr_par' dir='ltr' id='par_1_9' title="bbox 346 2485 1546 2570">
     <span class='ocr_line' id='line_1_23' title="bbox 346 2485 1546 2570; baseline -0.002 -20"><span class='ocrx_word' id='word_1_228' title='bbox 346 2485 622 2568; x_wconf 77' lang='lat' dir='ltr'>cronbergensium</span> <span class='ocrx_word' id='word_1_229' title='bbox 635 2485 743 2566; x_wconf 79' lang='lat' dir='ltr'>aliquis</span> <span class='ocrx_word' id='word_1_230' title='bbox 755 2488 797 2548; x_wconf 87' lang='lat' dir='ltr'>nd</span> <span class='ocrx_word' id='word_1_231' title='bbox 809 2497 906 2550; x_wconf 85' lang='lat' dir='ltr'>osetrn</span> <span class='ocrx_word' id='word_1_232' title='bbox 918 2497 1017 2550; x_wconf 82' lang='lat' dir='ltr'>restro</span> <span class='ocrx_word' id='word_1_233' title='bbox 1029 2488 1131 2552; x_wconf 77' lang='lat' dir='ltr'>veniat</span> <span class='ocrx_word' id='word_1_234' title='bbox 1139 2488 1245 2569; x_wconf 85' lang='lat' dir='ltr'>stipem</span> <span class='ocrx_word' id='word_1_235' title='bbox 1253 2497 1399 2562; x_wconf 86' lang='lat' dir='ltr'>oretnrns,</span> <span class='ocrx_word' id='word_1_236' title='bbox 1409 2487 1546 2570; x_wconf 84' lang='lat' dir='ltr'>benigne</span> 
     </span>
    </p>

    <p class='ocr_par' dir='ltr' id='par_1_10' title="bbox 344 2581 1545 2668">
     <span class='ocr_line' id='line_1_24' title="bbox 344 2581 1545 2668; baseline -0.002 -21"><span class='ocrx_word' id='word_1_237' title='bbox 344 2584 451 2647; x_wconf 73' lang='lat' dir='ltr'>saltem</span> <span class='ocrx_word' id='word_1_238' title='bbox 464 2581 607 2655; x_wconf 74' lang='lat' dir='ltr'>habentis,</span> <span class='ocrx_word' id='word_1_239' title='bbox 620 2589 653 2643; x_wconf 78' lang='lat' dir='ltr'>et</span> <span class='ocrx_word' id='word_1_240' title='bbox 664 2581 740 2664; x_wconf 85' lang='lat' dir='ltr'>stipe</span> <span class='ocrx_word' id='word_1_241' title='bbox 753 2583 932 2665; x_wconf 80' lang='lat' dir='ltr'>dignemini,</span> <span class='ocrx_word' id='word_1_242' title='bbox 947 2585 1192 2668; x_wconf 83' lang='lat' dir='ltr'>quondoquidem</span> <span class='ocrx_word' id='word_1_243' title='bbox 1205 2604 1259 2646; x_wconf 83' lang='lat' dir='ltr'>vos</span> <span class='ocrx_word' id='word_1_244' title='bbox 1271 2583 1329 2664; x_wconf 89' lang='lat' dir='ltr'>ipsi</span> <span class='ocrx_word' id='word_1_245' title='bbox 1341 2584 1423 2660; x_wconf 84' lang='lat' dir='ltr'>estis,</span> <span class='ocrx_word' id='word_1_246' title='bbox 1437 2583 1492 2663; x_wconf 90' lang='lat' dir='ltr'>qui</span> <span class='ocrx_word' id='word_1_247' title='bbox 1502 2583 1545 2644; x_wconf 85' lang='lat' dir='ltr'>ud</span> 
     </span>
    </p>

    <p class='ocr_par' dir='ltr' id='par_1_11' title="bbox 345 2671 1544 2762">
     <span class='ocr_line' id='line_1_25' title="bbox 345 2671 1544 2762; baseline 0.004 -25"><span class='ocrx_word' id='word_1_248' title='bbox 345 2673 570 2737; x_wconf 86' lang='lat' dir='ltr'>mendioitstem</span> <span class='ocrx_word' id='word_1_249' title='bbox 592 2671 759 2737; x_wconf 67' lang='lat' dir='ltr'>dednximm</span> <span class='ocrx_word' id='word_1_250' title='bbox 779 2675 921 2740; x_wconf 90' lang='lat' dir='ltr'>misellos.</span> <span class='ocrx_word' id='word_1_251' title='bbox 963 2677 1263 2744; x_wconf 84' lang='lat' dir='ltr'>Commiserstionem</span> <span class='ocrx_word' id='word_1_252' title='bbox 1283 2681 1348 2742; x_wconf 84' lang='lat' dir='ltr'>hoeo</span> <span class='ocrx_word' id='word_1_253' title='bbox 1368 2681 1460 2742; x_wconf 87' lang='lat' dir='ltr'>verbs</span> <span class='ocrx_word' id='word_1_254' title='bbox 1479 2680 1544 2762; x_wconf 89' lang='lat' dir='ltr'>ple-</span> 
     </span>
    </p>

    <p class='ocr_par' dir='ltr' id='par_1_12' title="bbox 345 2768 1543 2856">
     <span class='ocr_line' id='line_1_26' title="bbox 345 2768 1543 2856; baseline 0.008 -25"><span class='ocrx_word' id='word_1_255' title='bbox 345 2773 456 2853; x_wconf 88' lang='lat' dir='ltr'>risque,</span> <span class='ocrx_word' id='word_1_256' title='bbox 473 2769 542 2831; x_wconf 82' lang='lat' dir='ltr'>eliis</span> <span class='ocrx_word' id='word_1_257' title='bbox 555 2768 646 2831; x_wconf 79' lang='lat' dir='ltr'>stium</span> <span class='ocrx_word' id='word_1_258' title='bbox 658 2769 815 2851; x_wconf 60' lang='lat' dir='ltr'>laevum,</span> <span class='ocrx_word' id='word_1_259' title='bbox 831 2771 983 2836; x_wconf 89' lang='lat' dir='ltr'>nonnullis</span> <span class='ocrx_word' id='word_1_260' title='bbox 996 2774 1073 2838; x_wconf 89' lang='lat' dir='ltr'>irem</span> <span class='ocrx_word' id='word_1_261' title='bbox 1085 2776 1295 2856; x_wconf 72' lang='lat' dir='ltr'>provoeirunt,</span> <span class='ocrx_word' id='word_1_262' title='bbox 1308 2778 1351 2844; x_wconf 75' lang='lat' dir='ltr'>itt</span> <span class='ocrx_word' id='word_1_263' title='bbox 1362 2786 1465 2843; x_wconf 77' lang='lat' dir='ltr'>temen</span> <span class='ocrx_word' id='word_1_264' title='bbox 1478 2783 1543 2840; x_wconf 87' lang='lat' dir='ltr'>erut</span> 
     </span>
    </p>

    <p class='ocr_par' dir='ltr' id='par_1_13' title="bbox 346 2865 809 2931">
     <span class='ocr_line' id='line_1_27' title="bbox 346 2865 809 2931; baseline 0.002 -1"><span class='ocrx_word' id='word_1_265' title='bbox 346 2878 381 2931; x_wconf 89' lang='lat' dir='ltr'>ut</span> <span class='ocrx_word' id='word_1_266' title='bbox 393 2870 489 2929; x_wconf 88' lang='lat' dir='ltr'>bonus</span> <span class='ocrx_word' id='word_1_267' title='bbox 501 2867 559 2928; x_wconf 85' lang='lat' dir='ltr'>ists</span> <span class='ocrx_word' id='word_1_268' title='bbox 572 2865 667 2927; x_wconf 78' lang='lat' dir='ltr'>Potor</span> <span class='ocrx_word' id='word_1_269' title='bbox 679 2867 809 2931; x_wconf 82' lang='lat' dir='ltr'>dieebst.</span> 
     </span>
    </p>

    <p class='ocr_par' dir='ltr' id='par_1_14' title="bbox 344 2961 1541 3438">
     <span class='ocr_line' id='line_1_28' title="bbox 385 2961 1541 3049; baseline 0.01 -25"><span class='ocrx_word' id='word_1_270' title='bbox 385 2963 471 3036; x_wconf 78' lang='lat' dir='ltr'>Quid</span> <span class='ocrx_word' id='word_1_271' title='bbox 483 2961 607 3026; x_wconf 80' lang='lat' dir='ltr'>mult&#39;ul</span> <span class='ocrx_word' id='word_1_272' title='bbox 629 2965 678 3026; x_wconf 87' lang='lat' dir='ltr'>Eo</span> <span class='ocrx_word' id='word_1_273' title='bbox 689 2963 812 3027; x_wconf 86' lang='lat' dir='ltr'>demum</span> <span class='ocrx_word' id='word_1_274' title='bbox 826 2966 980 3049; x_wconf 86' lang='lat' dir='ltr'>negotium</span> <span class='ocrx_word' id='word_1_275' title='bbox 993 2967 1159 3032; x_wconf 80' lang='lat' dir='ltr'>deductum</span> <span class='ocrx_word' id='word_1_276' title='bbox 1172 2977 1227 3044; x_wconf 84' lang='lat' dir='ltr'>est,</span> <span class='ocrx_word' id='word_1_277' title='bbox 1237 2977 1271 3032; x_wconf 92' lang='lat' dir='ltr'>ut</span> <span class='ocrx_word' id='word_1_278' title='bbox 1280 2970 1391 3034; x_wconf 67' lang='lat' dir='ltr'>inmoti</span> <span class='ocrx_word' id='word_1_279' title='bbox 1402 2991 1435 3034; x_wconf 84' lang='lat' dir='ltr'>re</span> <span class='ocrx_word' id='word_1_280' title='bbox 1443 2972 1541 3036; x_wconf 86' lang='lat' dir='ltr'>disoe-</span> 
     </span>
     <span class='ocr_line' id='line_1_29' title="bbox 344 3059 1541 3146; baseline 0.01 -24"><span class='ocrx_word' id='word_1_281' title='bbox 344 3061 480 3122; x_wconf 85' lang='lat' dir='ltr'>dendum</span> <span class='ocrx_word' id='word_1_282' title='bbox 491 3059 592 3122; x_wconf 76' lang='lat' dir='ltr'>fuerit</span> <span class='ocrx_word' id='word_1_283' title='bbox 632 3059 801 3123; x_wconf 84' lang='lat' dir='ltr'>Consilium</span> <span class='ocrx_word' id='word_1_284' title='bbox 815 3062 954 3126; x_wconf 89' lang='lat' dir='ltr'>ultimum</span> <span class='ocrx_word' id='word_1_285' title='bbox 966 3075 1129 3146; x_wconf 70' lang='lat' dir='ltr'>supererat,</span> <span class='ocrx_word' id='word_1_286' title='bbox 1138 3075 1173 3128; x_wconf 89' lang='lat' dir='ltr'>ut</span> <span class='ocrx_word' id='word_1_287' title='bbox 1181 3067 1287 3130; x_wconf 85' lang='lat' dir='ltr'>Pstres</span> <span class='ocrx_word' id='word_1_288' title='bbox 1295 3067 1456 3132; x_wconf 80' lang='lat' dir='ltr'>Societstir</span> <span class='ocrx_word' id='word_1_289' title='bbox 1463 3069 1488 3132; x_wconf 86' lang='lat' dir='ltr'><strong>J</strong></span> <span class='ocrx_word' id='word_1_290' title='bbox 1489 3091 1541 3134; x_wconf 87' lang='lat' dir='ltr'>esu</span> 
     </span>
     <span class='ocr_line' id='line_1_30' title="bbox 346 3155 1541 3246; baseline 0.009 -30"><span class='ocrx_word' id='word_1_291' title='bbox 346 3155 483 3216; x_wconf 82' lang='lat' dir='ltr'>Urssllss</span> <span class='ocrx_word' id='word_1_292' title='bbox 494 3164 690 3232; x_wconf 72' lang='lat' dir='ltr'>minantes,</span> <span class='ocrx_word' id='word_1_293' title='bbox 704 3157 724 3218; x_wconf 80' lang='lat' dir='ltr'>d</span> <span class='ocrx_word' id='word_1_294' title='bbox 736 3155 873 3222; x_wconf 73' lang='lat' dir='ltr'>Pretore</span> <span class='ocrx_word' id='word_1_295' title='bbox 885 3161 943 3223; x_wconf 86' lang='lat' dir='ltr'>loni</span> <span class='ocrx_word' id='word_1_296' title='bbox 963 3161 1088 3243; x_wconf 71' lang='lat' dir='ltr'>aliisque</span> <span class='ocrx_word' id='word_1_297' title='bbox 1101 3163 1218 3227; x_wconf 79' lang='lat' dir='ltr'>nivibus</span> <span class='ocrx_word' id='word_1_298' title='bbox 1226 3163 1463 3245; x_wconf 86' lang='lat' dir='ltr'>opulentioribus</span> <span class='ocrx_word' id='word_1_299' title='bbox 1472 3185 1541 3246; x_wconf 88' lang='lat' dir='ltr'>pos·</span> 
     </span>
     <span class='ocr_line' id='line_1_31' title="bbox 345 3251 1539 3344; baseline 0.008 -31"><span class='ocrx_word' id='word_1_300' title='bbox 345 3251 485 3327; x_wconf 73' lang='lat' dir='ltr'>mhoent,</span> <span class='ocrx_word' id='word_1_301' title='bbox 506 3261 542 3314; x_wconf 93' lang='lat' dir='ltr'>nt</span> <span class='ocrx_word' id='word_1_302' title='bbox 555 3273 704 3314; x_wconf 86' lang='lat' dir='ltr'>summsm</span> <span class='ocrx_word' id='word_1_303' title='bbox 720 3253 803 3316; x_wconf 83' lang='lat' dir='ltr'>illum</span> <span class='ocrx_word' id='word_1_304' title='bbox 823 3258 958 3336; x_wconf 78' lang='lat' dir='ltr'>pecunius</span> <span class='ocrx_word' id='word_1_305' title='bbox 973 3259 1118 3342; x_wconf 71' lang='lat' dir='ltr'>tantisper</span> <span class='ocrx_word' id='word_1_306' title='bbox 1135 3269 1326 3324; x_wconf 75' lang='lat' dir='ltr'>numerarent</span> <span class='ocrx_word' id='word_1_307' title='bbox 1341 3279 1396 3344; x_wconf 84' lang='lat' dir='ltr'>pm</span> <span class='ocrx_word' id='word_1_308' title='bbox 1410 3279 1539 3341; x_wconf 78' lang='lat' dir='ltr'>peooret</span> 
     </span>
     <span class='ocr_line' id='line_1_32' title="bbox 345 3347 1541 3438; baseline 0.008 -29"><span class='ocrx_word' id='word_1_309' title='bbox 345 3367 395 3409; x_wconf 89' lang='lat' dir='ltr'>me</span> <span class='ocrx_word' id='word_1_310' title='bbox 407 3347 528 3409; x_wconf 83' lang='lat' dir='ltr'>interim</span> <span class='ocrx_word' id='word_1_311' title='bbox 542 3359 649 3432; x_wconf 87' lang='lat' dir='ltr'>rogent</span> <span class='ocrx_word' id='word_1_312' title='bbox 660 3359 696 3413; x_wconf 91' lang='lat' dir='ltr'>nt</span> <span class='ocrx_word' id='word_1_313' title='bbox 705 3349 778 3432; x_wconf 84' lang='lat' dir='ltr'>ipsis</span> <span class='ocrx_word' id='word_1_314' title='bbox 790 3354 992 3432; x_wconf 81' lang='lat' dir='ltr'>petrosinuror</span> <span class='ocrx_word' id='word_1_315' title='bbox 999 3355 1168 3420; x_wconf 73' lang='lat' dir='ltr'>absentibus</span> <span class='ocrx_word' id='word_1_316' title='bbox 1177 3357 1331 3433; x_wconf 73' lang='lat' dir='ltr'>Patribus,</span> <span class='ocrx_word' id='word_1_317' title='bbox 1339 3357 1379 3418; x_wconf 87' lang='lat' dir='ltr'>do</span> <span class='ocrx_word' id='word_1_318' title='bbox 1389 3377 1541 3438; x_wconf 77' lang='lat' dir='ltr'>procurer·</span> 
     </span>
    </p>
   </div>
   <div class='ocr_carea' id='block_1_3' title="bbox 342 3447 1537 3798">
    <p class='ocr_par' dir='ltr' id='par_1_15' title="bbox 342 3447 1537 3798">
     <span class='ocr_line' id='line_1_33' title="bbox 344 3447 1537 3536; baseline 0.013 -33"><span class='ocrx_word' id='word_1_319' title='bbox 344 3455 557 3525; x_wconf 81' lang='lat' dir='ltr'>quequsntnm</span> <span class='ocrx_word' id='word_1_320' title='bbox 567 3447 736 3525; x_wconf 85' lang='lat' dir='ltr'>quidemex</span> <span class='ocrx_word' id='word_1_321' title='bbox 748 3447 920 3529; x_wconf 84' lang='lat' dir='ltr'>tsmsmple</span> <span class='ocrx_word' id='word_1_322' title='bbox 930 3450 1047 3513; x_wconf 74' lang='lat' dir='ltr'>summd</span> <span class='ocrx_word' id='word_1_323' title='bbox 1057 3473 1183 3534; x_wconf 80' lang='lat' dir='ltr'>possem</span> <span class='ocrx_word' id='word_1_324' title='bbox 1226 3453 1395 3536; x_wconf 83' lang='lat' dir='ltr'>Spospondi</span> <span class='ocrx_word' id='word_1_325' title='bbox 1413 3461 1443 3514; x_wconf 89' lang='lat' dir='ltr'>et</span> <span class='ocrx_word' id='word_1_326' title='bbox 1456 3453 1537 3518; x_wconf 71' lang='lat' dir='ltr'>eene</span> 
     </span>
     <span class='ocr_line' id='line_1_34' title="bbox 344 3538 1537 3632; baseline 0.013 -34"><span class='ocrx_word' id='word_1_327' title='bbox 344 3538 395 3621; x_wconf 85' lang='lat' dir='ltr'>egi</span> <span class='ocrx_word' id='word_1_328' title='bbox 412 3539 495 3619; x_wconf 87' lang='lat' dir='ltr'>quod</span> <span class='ocrx_word' id='word_1_329' title='bbox 515 3540 549 3602; x_wconf 92' lang='lat' dir='ltr'>in</span> <span class='ocrx_word' id='word_1_330' title='bbox 569 3560 619 3603; x_wconf 82' lang='lat' dir='ltr'>me</span> <span class='ocrx_word' id='word_1_331' title='bbox 638 3541 707 3617; x_wconf 79' lang='lat' dir='ltr'>suit,</span> <span class='ocrx_word' id='word_1_332' title='bbox 729 3541 775 3602; x_wconf 92' lang='lat' dir='ltr'>nil</span> <span class='ocrx_word' id='word_1_333' title='bbox 793 3552 894 3606; x_wconf 82' lang='lat' dir='ltr'>eutem</span> <span class='ocrx_word' id='word_1_334' title='bbox 915 3546 1028 3626; x_wconf 83' lang='lat' dir='ltr'>peregi.</span> <span class='ocrx_word' id='word_1_335' title='bbox 1081 3547 1131 3610; x_wconf 87' lang='lat' dir='ltr'>Its</span> <span class='ocrx_word' id='word_1_336' title='bbox 1149 3549 1273 3630; x_wconf 85' lang='lat' dir='ltr'>quidem</span> <span class='ocrx_word' id='word_1_337' title='bbox 1295 3550 1537 3632; x_wconf 80' lang='lat' dir='ltr'>Oronbergenses</span> 
     </span>
     <span class='ocr_line' id='line_1_35' title="bbox 342 3637 1537 3727; baseline 0.012 -31"><span class='ocrx_word' id='word_1_338' title='bbox 342 3655 452 3718; x_wconf 77' lang='lat' dir='ltr'>penore</span> <span class='ocrx_word' id='word_1_339' title='bbox 462 3655 519 3698; x_wconf 84' lang='lat' dir='ltr'>sus</span> <span class='ocrx_word' id='word_1_340' title='bbox 529 3637 637 3699; x_wconf 70' lang='lat' dir='ltr'>iterato</span> <span class='ocrx_word' id='word_1_341' title='bbox 649 3657 749 3702; x_wconf 87' lang='lat' dir='ltr'>emere</span> <span class='ocrx_word' id='word_1_342' title='bbox 760 3637 939 3718; x_wconf 85' lang='lat' dir='ltr'>debuerunt,</span> <span class='ocrx_word' id='word_1_343' title='bbox 949 3641 1062 3723; x_wconf 68' lang='lat' dir='ltr'>qumis</span> <span class='ocrx_word' id='word_1_344' title='bbox 1070 3665 1139 3708; x_wconf 89' lang='lat' dir='ltr'>eum</span> <span class='ocrx_word' id='word_1_345' title='bbox 1148 3645 1260 3727; x_wconf 77' lang='lat' dir='ltr'>injurii</span> <span class='ocrx_word' id='word_1_346' title='bbox 1269 3647 1402 3710; x_wconf 78' lang='lat' dir='ltr'>viderint</span> <span class='ocrx_word' id='word_1_347' title='bbox 1410 3646 1537 3727; x_wconf 82' lang='lat' dir='ltr'>iniquis·</span> 
     </span>
     <span class='ocr_line' id='line_1_36' title="bbox 344 3731 922 3798; baseline 0.009 -5"><span class='ocrx_word' id='word_1_348' title='bbox 344 3731 413 3794; x_wconf 85' lang='lat' dir='ltr'>simi</span> <span class='ocrx_word' id='word_1_349' title='bbox 426 3752 527 3796; x_wconf 85' lang='lat' dir='ltr'>rernm</span> <span class='ocrx_word' id='word_1_350' title='bbox 538 3732 705 3796; x_wconf 83' lang='lat' dir='ltr'>ulisnsrum</span> <span class='ocrx_word' id='word_1_351' title='bbox 718 3733 922 3798; x_wconf 72' lang='lat' dir='ltr'>aestimatores.</span> 
     </span>
    </p>
   </div>
   <div class='ocr_carea' id='block_1_4' title="bbox 0 0 1618 4700">
    <p class='ocr_par' dir='ltr' id='par_1_16' title="bbox 0 0 1618 4700">
     <span class='ocr_line' id='line_1_37' title="bbox 0 0 1618 4700; baseline 0 3"><span class='ocrx_word' id='word_1_352' title='bbox 0 0 1618 4700; x_wconf 95' lang='lat' dir='ltr'> </span> 
     </span>
    </p>
   </div>
  </div>
 </body>
</html>
