<?xml version="1.0" encoding="UTF-8"?>
<!DOCTYPE html PUBLIC "-//W3C//DTD XHTML 1.0 Transitional//EN"
    "http://www.w3.org/TR/xhtml1/DTD/xhtml1-transitional.dtd">
<html xmlns="http://www.w3.org/1999/xhtml" xml:lang="en" lang="en">
 <head>
  <title>
</title>
<meta http-equiv="Content-Type" content="text/html;charset=utf-8" />
  <meta name='ocr-system' content='tesseract 3.04.00' />
  <meta name='ocr-capabilities' content='ocr_page ocr_carea ocr_par ocr_line ocrx_word'/>
</head>
<body>
  <div class='ocr_page' id='page_1' title='image "./itinerariumthom00kerngoog_0228.png"; bbox 0 0 3225 4700; ppageno 0'>
   <div class='ocr_carea' id='block_1_1' title="bbox 365 327 1125 398">
    <p class='ocr_par' dir='ltr' id='par_1_1' title="bbox 365 327 1125 398">
     <span class='ocr_line' id='line_1_1' title="bbox 365 327 1125 398; baseline -0.001 -2"><span class='ocrx_word' id='word_1_1' title='bbox 365 332 427 397; x_wconf 84' lang='lat'>144</span> <span class='ocrx_word' id='word_1_2' title='bbox 790 328 940 398; x_wconf 77' lang='lat' dir='ltr'><em>DEDI</em></span> <span class='ocrx_word' id='word_1_3' title='bbox 945 327 1079 398; x_wconf 70' lang='lat' dir='ltr'>carl</span> <span class='ocrx_word' id='word_1_4' title='bbox 1084 328 1125 396; x_wconf 91' lang='lat'>0.</span> 
     </span>
    </p>
   </div>
   <div class='ocr_carea' id='block_1_2' title="bbox 360 468 1589 2099">
    <p class='ocr_par' dir='ltr' id='par_1_2' title="bbox 360 468 1589 2099">
     <span class='ocr_line' id='line_1_2' title="bbox 362 468 1554 559; baseline -0.008 -17"><span class='ocrx_word' id='word_1_5' title='bbox 362 484 396 542; x_wconf 90' lang='lat' dir='ltr'>et</span> <span class='ocrx_word' id='word_1_6' title='bbox 408 472 576 541; x_wconf 88' lang='lat' dir='ltr'>Walthero</span> <span class='ocrx_word' id='word_1_7' title='bbox 588 472 779 540; x_wconf 88' lang='lat' dir='ltr'>Butlerisnil</span> <span class='ocrx_word' id='word_1_8' title='bbox 787 472 1202 559; x_wconf 58' lang='lat' dir='ltr'>moveonovitflemania,</span> <span class='ocrx_word' id='word_1_9' title='bbox 1213 468 1463 537; x_wconf 84' lang='lat' dir='ltr'>noritPolonia</span> <span class='ocrx_word' id='word_1_10' title='bbox 1473 490 1554 558; x_wconf 77' lang='lat' dir='ltr'>qur.</span> 
     </span>
     <span class='ocr_line' id='line_1_3' title="bbox 362 573 1557 667; baseline -0.008 -22"><span class='ocrx_word' id='word_1_11' title='bbox 362 580 460 645; x_wconf 88' lang='lat' dir='ltr'>chara</span> <span class='ocrx_word' id='word_1_12' title='bbox 473 578 579 667; x_wconf 84' lang='lat' dir='ltr'>capita</span> <span class='ocrx_word' id='word_1_13' title='bbox 591 600 688 666; x_wconf 87' lang='lat' dir='ltr'>quam</span> <span class='ocrx_word' id='word_1_14' title='bbox 702 600 774 644; x_wconf 81' lang='lat' dir='ltr'>rara</span> <span class='ocrx_word' id='word_1_15' title='bbox 785 580 926 661; x_wconf 86' lang='lat' dir='ltr'>nomina,</span> <span class='ocrx_word' id='word_1_16' title='bbox 940 587 1078 667; x_wconf 87' lang='lat' dir='ltr'>quantos</span> <span class='ocrx_word' id='word_1_17' title='bbox 1092 575 1177 642; x_wconf 83' lang='lat' dir='ltr'>viros</span> <span class='ocrx_word' id='word_1_18' title='bbox 1191 596 1315 662; x_wconf 77' lang='lat' dir='ltr'>semper</span> <span class='ocrx_word' id='word_1_19' title='bbox 1326 580 1471 661; x_wconf 81' lang='lat' dir='ltr'>experta</span> <span class='ocrx_word' id='word_1_20' title='bbox 1490 573 1557 636; x_wconf 86' lang='lat' dir='ltr'>sit.</span> 
     </span>
     <span class='ocr_line' id='line_1_4' title="bbox 407 677 1589 766; baseline -0.003 -21"><span class='ocrx_word' id='word_1_21' title='bbox 407 680 478 747; x_wconf 88' lang='lat' dir='ltr'>Hos</span> <span class='ocrx_word' id='word_1_22' title='bbox 491 682 585 746; x_wconf 88' lang='lat' dir='ltr'>velim</span> <span class='ocrx_word' id='word_1_23' title='bbox 601 680 726 747; x_wconf 80' lang='lat' dir='ltr'>Heroiis</span> <span class='ocrx_word' id='word_1_24' title='bbox 744 682 847 749; x_wconf 90' lang='lat' dir='ltr'>soboli</span> <span class='ocrx_word' id='word_1_25' title='bbox 861 691 973 748; x_wconf 80' lang='lat' dir='ltr'>vestrae</span> <span class='ocrx_word' id='word_1_26' title='bbox 990 680 1163 747; x_wconf 80' lang='lat' dir='ltr'>imitandos</span> <span class='ocrx_word' id='word_1_27' title='bbox 1182 678 1326 766; x_wconf 89' lang='lat' dir='ltr'>proponi,</span> <span class='ocrx_word' id='word_1_28' title='bbox 1342 698 1465 743; x_wconf 85' lang='lat' dir='ltr'>sorum</span> <span class='ocrx_word' id='word_1_29' title='bbox 1487 677 1589 741; x_wconf 69' lang='lat' dir='ltr'>factu</span> 
     </span>
     <span class='ocr_line' id='line_1_5' title="bbox 362 780 1586 865; baseline -0.005 -16"><span class='ocrx_word' id='word_1_30' title='bbox 362 784 490 849; x_wconf 79' lang='lat' dir='ltr'>assidue</span> <span class='ocrx_word' id='word_1_31' title='bbox 508 783 601 865; x_wconf 83' lang='lat' dir='ltr'>volvi,</span> <span class='ocrx_word' id='word_1_32' title='bbox 617 783 659 849; x_wconf 83' lang='lat' dir='ltr'>ad</span> <span class='ocrx_word' id='word_1_33' title='bbox 679 784 798 849; x_wconf 78' lang='lat' dir='ltr'>similes</span> <span class='ocrx_word' id='word_1_34' title='bbox 818 806 915 850; x_wconf 87' lang='lat' dir='ltr'>ausus</span> <span class='ocrx_word' id='word_1_35' title='bbox 935 784 1123 851; x_wconf 84' lang='lat' dir='ltr'>carissimos</span> <span class='ocrx_word' id='word_1_36' title='bbox 1141 783 1273 847; x_wconf 82' lang='lat' dir='ltr'>aemulos</span> <span class='ocrx_word' id='word_1_37' title='bbox 1292 780 1396 846; x_wconf 92' lang='lat' dir='ltr'>indies</span> <span class='ocrx_word' id='word_1_38' title='bbox 1416 780 1586 845; x_wconf 87' lang='lat' dir='ltr'>excitari</span> 
     </span>
     <span class='ocr_line' id='line_1_6' title="bbox 363 883 1589 973; baseline -0.005 -21"><span class='ocrx_word' id='word_1_39' title='bbox 363 886 398 952; x_wconf 89' lang='lat' dir='ltr'>Si</span> <span class='ocrx_word' id='word_1_40' title='bbox 410 887 494 951; x_wconf 88' lang='lat' dir='ltr'>enim</span> <span class='ocrx_word' id='word_1_41' title='bbox 515 886 660 972; x_wconf 83' lang='lat' dir='ltr'>exempla</span> <span class='ocrx_word' id='word_1_42' title='bbox 677 886 848 973; x_wconf 87' lang='lat' dir='ltr'>plurimum</span> <span class='ocrx_word' id='word_1_43' title='bbox 861 888 989 953; x_wconf 78' lang='lat' dir='ltr'>valeant</span> <span class='ocrx_word' id='word_1_44' title='bbox 1008 887 1040 951; x_wconf 89' lang='lat' dir='ltr'>in</span> <span class='ocrx_word' id='word_1_45' title='bbox 1057 885 1168 973; x_wconf 85' lang='lat' dir='ltr'>quavis</span> <span class='ocrx_word' id='word_1_46' title='bbox 1188 884 1354 950; x_wconf 90' lang='lat' dir='ltr'>hominum</span> <span class='ocrx_word' id='word_1_47' title='bbox 1371 883 1589 948; x_wconf 77' lang='lat' dir='ltr'>conditione</span> 
     </span>
     <span class='ocr_line' id='line_1_7' title="bbox 362 986 1589 1079; baseline -0.005 -24"><span class='ocrx_word' id='word_1_48' title='bbox 362 1012 401 1055; x_wconf 88' lang='lat' dir='ltr'>ac</span> <span class='ocrx_word' id='word_1_49' title='bbox 414 998 512 1069; x_wconf 86' lang='lat' dir='ltr'>statu,</span> <span class='ocrx_word' id='word_1_50' title='bbox 527 996 596 1052; x_wconf 84' lang='lat' dir='ltr'>tum</span> <span class='ocrx_word' id='word_1_51' title='bbox 609 988 661 1053; x_wconf 86' lang='lat' dir='ltr'>vel</span> <span class='ocrx_word' id='word_1_52' title='bbox 674 988 828 1073; x_wconf 82' lang='lat' dir='ltr'>imprimis</span> <span class='ocrx_word' id='word_1_53' title='bbox 842 989 927 1077; x_wconf 77' lang='lat' dir='ltr'>apud</span> <span class='ocrx_word' id='word_1_54' title='bbox 942 1009 997 1054; x_wconf 89' lang='lat' dir='ltr'>eos</span> <span class='ocrx_word' id='word_1_55' title='bbox 1012 990 1068 1079; x_wconf 89' lang='lat' dir='ltr'>qui</span> <span class='ocrx_word' id='word_1_56' title='bbox 1082 987 1238 1075; x_wconf 85' lang='lat' dir='ltr'>sanguine</span> <span class='ocrx_word' id='word_1_57' title='bbox 1247 986 1406 1052; x_wconf 88' lang='lat' dir='ltr'>accedunt</span> <span class='ocrx_word' id='word_1_58' title='bbox 1417 986 1589 1074; x_wconf 80' lang='lat' dir='ltr'>propius.</span> 
     </span>
     <span class='ocr_line' id='line_1_8' title="bbox 362 1088 1589 1177; baseline -0.004 -22"><span class='ocrx_word' id='word_1_59' title='bbox 362 1090 396 1155; x_wconf 89' lang='lat' dir='ltr'>Si</span> <span class='ocrx_word' id='word_1_60' title='bbox 403 1091 437 1155; x_wconf 88' lang='lat' dir='ltr'>in</span> <span class='ocrx_word' id='word_1_61' title='bbox 448 1090 537 1177; x_wconf 89' lang='lat' dir='ltr'>equis</span> <span class='ocrx_word' id='word_1_62' title='bbox 549 1089 683 1154; x_wconf 76' lang='lat' dir='ltr'>Petrum</span> <span class='ocrx_word' id='word_1_63' title='bbox 691 1090 803 1169; x_wconf 86' lang='lat' dir='ltr'>virtus,</span> <span class='ocrx_word' id='word_1_64' title='bbox 811 1112 870 1155; x_wconf 90' lang='lat' dir='ltr'>nec</span> <span class='ocrx_word' id='word_1_65' title='bbox 881 1090 1070 1177; x_wconf 81' lang='lat' dir='ltr'>degenerem</span> <span class='ocrx_word' id='word_1_66' title='bbox 1081 1097 1291 1177; x_wconf 89' lang='lat' dir='ltr'>progenerent</span> <span class='ocrx_word' id='word_1_67' title='bbox 1299 1089 1426 1175; x_wconf 80' lang='lat' dir='ltr'>Aquiloe</span> <span class='ocrx_word' id='word_1_68' title='bbox 1438 1088 1589 1152; x_wconf 87' lang='lat' dir='ltr'>colum-</span> 
     </span>
     <span class='ocr_line' id='line_1_9' title="bbox 361 1190 1587 1280; baseline -0.002 -23"><span class='ocrx_word' id='word_1_69' title='bbox 361 1191 446 1270; x_wconf 85' lang='lat' dir='ltr'>bam,</span> <span class='ocrx_word' id='word_1_70' title='bbox 460 1192 532 1280; x_wconf 90' lang='lat' dir='ltr'>quis</span> <span class='ocrx_word' id='word_1_71' title='bbox 540 1192 671 1257; x_wconf 88' lang='lat' dir='ltr'>creduat</span> <span class='ocrx_word' id='word_1_72' title='bbox 681 1199 789 1255; x_wconf 88' lang='lat' dir='ltr'>tantos</span> <span class='ocrx_word' id='word_1_73' title='bbox 799 1199 962 1256; x_wconf 86' lang='lat' dir='ltr'>tantorum</span> <span class='ocrx_word' id='word_1_74' title='bbox 973 1194 1109 1258; x_wconf 88' lang='lat' dir='ltr'>virorum</span> <span class='ocrx_word' id='word_1_75' title='bbox 1122 1192 1267 1257; x_wconf 81' lang='lat' dir='ltr'>traduces</span> <span class='ocrx_word' id='word_1_76' title='bbox 1280 1190 1488 1257; x_wconf 57' lang='lat' dir='ltr'>&amp;stemmate</span> <span class='ocrx_word' id='word_1_77' title='bbox 1501 1200 1587 1255; x_wconf 84' lang='lat' dir='ltr'>tam</span> 
     </span>
     <span class='ocr_line' id='line_1_10' title="bbox 361 1292 1582 1379; baseline -0.003 -19"><span class='ocrx_word' id='word_1_78' title='bbox 361 1296 459 1360; x_wconf 90' lang='lat' dir='ltr'>nobili</span> <span class='ocrx_word' id='word_1_79' title='bbox 473 1295 596 1359; x_wconf 91' lang='lat' dir='ltr'>nullum</span> <span class='ocrx_word' id='word_1_80' title='bbox 611 1292 755 1379; x_wconf 88' lang='lat' dir='ltr'>generosi</span> <span class='ocrx_word' id='word_1_81' title='bbox 768 1293 865 1357; x_wconf 86' lang='lat' dir='ltr'>animi</span> <span class='ocrx_word' id='word_1_82' title='bbox 881 1316 1011 1359; x_wconf 88' lang='lat' dir='ltr'>succum</span> <span class='ocrx_word' id='word_1_83' title='bbox 1026 1304 1227 1375; x_wconf 87' lang='lat' dir='ltr'>attracturos,</span> <span class='ocrx_word' id='word_1_84' title='bbox 1239 1294 1376 1359; x_wconf 82' lang='lat' dir='ltr'>maxime</span> <span class='ocrx_word' id='word_1_85' title='bbox 1389 1294 1416 1357; x_wconf 88' lang='lat' dir='ltr'>si</span> <span class='ocrx_word' id='word_1_86' title='bbox 1432 1294 1582 1379; x_wconf 88' lang='lat' dir='ltr'>piorum</span> 
     </span>
     <span class='ocr_line' id='line_1_11' title="bbox 361 1394 1578 1487; baseline -0.005 -23"><span class='ocrx_word' id='word_1_87' title='bbox 361 1406 529 1487; x_wconf 83' lang='lat' dir='ltr'>parentum</span> <span class='ocrx_word' id='word_1_88' title='bbox 552 1395 664 1459; x_wconf 89' lang='lat' dir='ltr'>sedula</span> <span class='ocrx_word' id='word_1_89' title='bbox 685 1396 820 1460; x_wconf 88' lang='lat' dir='ltr'>accedat</span> <span class='ocrx_word' id='word_1_90' title='bbox 842 1396 975 1461; x_wconf 88' lang='lat' dir='ltr'>cultura.</span> <span class='ocrx_word' id='word_1_91' title='bbox 1020 1396 1120 1461; x_wconf 87' lang='lat' dir='ltr'>Pater</span> <span class='ocrx_word' id='word_1_92' title='bbox 1143 1394 1314 1460; x_wconf 90' lang='lat' dir='ltr'>Luminum</span> <span class='ocrx_word' id='word_1_93' title='bbox 1335 1394 1354 1459; x_wconf 74' lang='grc' dir='ltr'>ὲ</span> <span class='ocrx_word' id='word_1_94' title='bbox 1375 1418 1443 1483; x_wconf 94' lang='lat' dir='ltr'>quo</span> <span class='ocrx_word' id='word_1_95' title='bbox 1467 1418 1578 1459; x_wconf 92' lang='lat' dir='ltr'>omne</span> 
     </span>
     <span class='ocr_line' id='line_1_12' title="bbox 360 1496 1575 1585; baseline -0.005 -20"><span class='ocrx_word' id='word_1_96' title='bbox 360 1500 473 1565; x_wconf 89' lang='lat' dir='ltr'>datum</span> <span class='ocrx_word' id='word_1_97' title='bbox 495 1497 664 1585; x_wconf 86' lang='lat' dir='ltr'>optimum,</span> <span class='ocrx_word' id='word_1_98' title='bbox 687 1504 721 1561; x_wconf 86' lang='lat' dir='ltr'>et</span> <span class='ocrx_word' id='word_1_99' title='bbox 744 1518 839 1562; x_wconf 90' lang='lat' dir='ltr'>omne</span> <span class='ocrx_word' id='word_1_100' title='bbox 864 1497 984 1561; x_wconf 90' lang='lat' dir='ltr'>donum</span> <span class='ocrx_word' id='word_1_101' title='bbox 1009 1496 1195 1584; x_wconf 88' lang='lat' dir='ltr'>perfectum,</span> <span class='ocrx_word' id='word_1_102' title='bbox 1221 1504 1323 1561; x_wconf 87' lang='lat' dir='ltr'>totam</span> <span class='ocrx_word' id='word_1_103' title='bbox 1350 1496 1575 1561; x_wconf 88' lang='lat' dir='ltr'>Butlerorum</span> 
     </span>
     <span class='ocr_line' id='line_1_13' title="bbox 362 1598 1573 1689; baseline -0.002 -24"><span class='ocrx_word' id='word_1_104' title='bbox 362 1601 491 1689; x_wconf 85' lang='lat' dir='ltr'>stirpem</span> <span class='ocrx_word' id='word_1_105' title='bbox 504 1600 551 1665; x_wconf 84' lang='lat' dir='ltr'>ita</span> <span class='ocrx_word' id='word_1_106' title='bbox 563 1599 681 1679; x_wconf 84' lang='lat' dir='ltr'>foveat,</span> <span class='ocrx_word' id='word_1_107' title='bbox 694 1606 731 1662; x_wconf 84' lang='lat' dir='ltr'>ut</span> <span class='ocrx_word' id='word_1_108' title='bbox 743 1606 865 1665; x_wconf 86' lang='lat' dir='ltr'>crescat</span> <span class='ocrx_word' id='word_1_109' title='bbox 879 1599 913 1663; x_wconf 89' lang='lat' dir='ltr'>iu</span> <span class='ocrx_word' id='word_1_110' title='bbox 922 1598 1008 1664; x_wconf 91' lang='lat' dir='ltr'>mille</span> <span class='ocrx_word' id='word_1_111' title='bbox 1022 1598 1139 1664; x_wconf 84' lang='lat' dir='ltr'>millia:</span> <span class='ocrx_word' id='word_1_112' title='bbox 1164 1598 1216 1664; x_wconf 85' lang='lat' dir='ltr'>lta</span> <span class='ocrx_word' id='word_1_113' title='bbox 1225 1620 1337 1687; x_wconf 86' lang='lat' dir='ltr'>precor</span> <span class='ocrx_word' id='word_1_114' title='bbox 1346 1607 1416 1664; x_wconf 91' lang='lat' dir='ltr'>toto</span> <span class='ocrx_word' id='word_1_115' title='bbox 1427 1598 1573 1666; x_wconf 84' lang='lat' dir='ltr'>affectu.</span> 
     </span>
     <span class='ocr_line' id='line_1_14' title="bbox 363 1700 1297 1770; baseline 0.002 -3"><span class='ocrx_word' id='word_1_116' title='bbox 363 1701 416 1767; x_wconf 83' lang='lat' dir='ltr'>Ex</span> <span class='ocrx_word' id='word_1_117' title='bbox 429 1702 463 1767; x_wconf 89' lang='lat' dir='ltr'>in</span> <span class='ocrx_word' id='word_1_118' title='bbox 477 1710 553 1768; x_wconf 85' lang='lat' dir='ltr'>ante</span> <span class='ocrx_word' id='word_1_119' title='bbox 569 1700 665 1765; x_wconf 89' lang='lat' dir='ltr'>Diem</span> <span class='ocrx_word' id='word_1_120' title='bbox 679 1700 814 1767; x_wconf 87' lang='lat' dir='ltr'>Calend.</span> <span class='ocrx_word' id='word_1_121' title='bbox 831 1702 928 1769; x_wconf 85' lang='lat' dir='ltr'>Mart.</span> <span class='ocrx_word' id='word_1_122' title='bbox 944 1703 1040 1768; x_wconf 88' lang='lat' dir='ltr'>Anno</span> <span class='ocrx_word' id='word_1_123' title='bbox 1056 1702 1106 1768; x_wconf 92' lang='lat' dir='ltr'>M.</span> <span class='ocrx_word' id='word_1_124' title='bbox 1120 1703 1193 1770; x_wconf 83' lang='lat' dir='ltr'>Dc.</span> <span class='ocrx_word' id='word_1_125' title='bbox 1207 1704 1297 1769; x_wconf 90' lang='lat' dir='ltr'>XLI.</span> 
     </span>
     <span class='ocr_line' id='line_1_15' title="bbox 1003 1805 1475 1888; baseline 0 -17"><span class='ocrx_word' id='word_1_126' title='bbox 1003 1805 1146 1873; x_wconf 81' lang='lat' dir='ltr'>Tnorrrs</span> <span class='ocrx_word' id='word_1_127' title='bbox 1161 1806 1293 1888; x_wconf 76' lang='lat' dir='ltr'>Osnvn,</span> <span class='ocrx_word' id='word_1_128' title='bbox 1308 1806 1475 1874; x_wconf 73' lang='lat' dir='ltr'>Sacerdos.</span> 
     </span>
     <span class='ocr_line' id='line_1_16' title="bbox 479 1904 1564 1998; baseline 0.005 -29"><span class='ocrx_word' id='word_1_129' title='bbox 479 1904 525 1971; x_wconf 87' lang='lat' dir='ltr'>Et</span> <span class='ocrx_word' id='word_1_130' title='bbox 537 1904 571 1971; x_wconf 88' lang='lat' dir='ltr'>in</span> <span class='ocrx_word' id='word_1_131' title='bbox 586 1904 737 1973; x_wconf 86' lang='lat' dir='ltr'>Exercitu</span> <span class='ocrx_word' id='word_1_132' title='bbox 753 1905 899 1973; x_wconf 79' lang='lat' dir='ltr'>Caesareo</span> <span class='ocrx_word' id='word_1_133' title='bbox 917 1906 1112 1997; x_wconf 84' lang='lat' dir='ltr'>Capellanus</span> <span class='ocrx_word' id='word_1_134' title='bbox 1129 1910 1230 1996; x_wconf 87' lang='lat' dir='ltr'>major</span> <span class='ocrx_word' id='word_1_135' title='bbox 1247 1932 1344 1998; x_wconf 87' lang='lat' dir='ltr'>supra</span> <span class='ocrx_word' id='word_1_136' title='bbox 1356 1909 1564 1998; x_wconf 85' lang='lat' dir='ltr'>Anglicanas</span> 
     </span>
     <span class='ocr_line' id='line_1_17' title="bbox 708 2007 1297 2099; baseline 0.005 -26"><span class='ocrx_word' id='word_1_137' title='bbox 708 2007 851 2074; x_wconf 84' lang='lat' dir='ltr'>Scoticas</span> <span class='ocrx_word' id='word_1_138' title='bbox 865 2019 899 2075; x_wconf 87' lang='lat' dir='ltr'>et</span> <span class='ocrx_word' id='word_1_139' title='bbox 913 2008 1114 2098; x_wconf 85' lang='lat' dir='ltr'>Hyberuicas</span> <span class='ocrx_word' id='word_1_140' title='bbox 1129 2008 1297 2099; x_wconf 85' lang='lat' dir='ltr'>Legiones.</span> 
     </span>
    </p>
   </div>
   <div class='ocr_carea' id='block_1_3' title="bbox 774 2559 1134 2640">
    <p class='ocr_par' dir='ltr' id='par_1_3' title="bbox 774 2559 1134 2640">
     <span class='ocr_line' id='line_1_18' title="bbox 774 2559 1134 2640; baseline 0 -3"><span class='ocrx_word' id='word_1_141' title='bbox 774 2559 1134 2640; x_wconf 85' lang='lat' dir='ltr'>APPROBATIO.</span> 
     </span>
    </p>
   </div>
   <div class='ocr_carea' id='block_1_4' title="bbox 312 2717 1550 3840">
    <p class='ocr_par' dir='ltr' id='par_1_4' title="bbox 312 2717 1550 2917">
     <span class='ocr_line' id='line_1_19' title="bbox 455 2717 1550 2792; baseline 0.007 -8"><span class='ocrx_word' id='word_1_142' title='bbox 455 2717 643 2785; x_wconf 81' lang='lat' dir='ltr'>L&#39;l&#39;EllAM</span> <span class='ocrx_word' id='word_1_143' title='bbox 664 2720 821 2787; x_wconf 83' lang='lat' dir='ltr'>Itinerarii</span> <span class='ocrx_word' id='word_1_144' title='bbox 839 2723 970 2789; x_wconf 87' lang='lat' dir='ltr'>Partem</span> <span class='ocrx_word' id='word_1_145' title='bbox 989 2724 1142 2791; x_wconf 85' lang='lat' dir='ltr'>Richardi</span> <span class='ocrx_word' id='word_1_146' title='bbox 1158 2723 1289 2791; x_wconf 87' lang='lat' dir='ltr'>Domini</span> <span class='ocrx_word' id='word_1_147' title='bbox 1307 2725 1436 2792; x_wconf 76' lang='lat' dir='ltr'>Thomu</span> <span class='ocrx_word' id='word_1_148' title='bbox 1451 2725 1550 2792; x_wconf 78' lang='lat' dir='ltr'>Corve</span> 
     </span>
     <span class='ocr_line' id='line_1_20' title="bbox 312 2821 1548 2917; baseline 0.01 -35"><span class='ocrx_word' id='word_1_149' title='bbox 312 2876 315 2882; x_wconf 90' lang='lat'>.</span> <span class='ocrx_word' id='word_1_150' title='bbox 474 2821 642 2910; x_wconf 79' lang='lat' dir='ltr'>Capellani</span> <span class='ocrx_word' id='word_1_151' title='bbox 665 2822 800 2910; x_wconf 86' lang='lat' dir='ltr'>Majoris</span> <span class='ocrx_word' id='word_1_152' title='bbox 824 2825 858 2889; x_wconf 92' lang='lat' dir='ltr'>in</span> <span class='ocrx_word' id='word_1_153' title='bbox 879 2825 1081 2893; x_wconf 83' lang='lat' dir='ltr'>Exercitibus</span> <span class='ocrx_word' id='word_1_154' title='bbox 1102 2826 1257 2894; x_wconf 76' lang='lat' dir='ltr'>(laesereis</span> <span class='ocrx_word' id='word_1_155' title='bbox 1279 2850 1375 2917; x_wconf 87' lang='lat' dir='ltr'>supra</span> <span class='ocrx_word' id='word_1_156' title='bbox 1398 2829 1548 2916; x_wconf 84' lang='lat' dir='ltr'>Legiones</span> 
     </span>
    </p>

    <p class='ocr_par' dir='ltr' id='par_1_5' title="bbox 359 2925 1546 3423">
     <span class='ocr_line' id='line_1_21' title="bbox 360 2925 1546 3019; baseline 0.007 -31"><span class='ocrx_word' id='word_1_157' title='bbox 360 2925 567 3012; x_wconf 85' lang='lat' dir='ltr'>Anglieanas,</span> <span class='ocrx_word' id='word_1_158' title='bbox 582 2925 735 3008; x_wconf 86' lang='lat' dir='ltr'>Scotieas,</span> <span class='ocrx_word' id='word_1_159' title='bbox 749 2934 783 2991; x_wconf 89' lang='lat' dir='ltr'>et</span> <span class='ocrx_word' id='word_1_160' title='bbox 799 2927 981 3014; x_wconf 85' lang='lat' dir='ltr'>Hybernas,</span> <span class='ocrx_word' id='word_1_161' title='bbox 996 2930 1071 3016; x_wconf 86' lang='lat' dir='ltr'>legi,</span> <span class='ocrx_word' id='word_1_162' title='bbox 1083 2951 1142 2995; x_wconf 89' lang='lat' dir='ltr'>nec</span> <span class='ocrx_word' id='word_1_163' title='bbox 1159 2931 1334 3019; x_wconf 88' lang='lat' dir='ltr'>quidquam</span> <span class='ocrx_word' id='word_1_164' title='bbox 1350 2931 1447 3018; x_wconf 88' lang='lat' dir='ltr'>reperi</span> <span class='ocrx_word' id='word_1_165' title='bbox 1464 2931 1546 3019; x_wconf 92' lang='lat' dir='ltr'>quod</span> 
     </span>
     <span class='ocr_line' id='line_1_22' title="bbox 359 3027 1542 3117; baseline 0.007 -27"><span class='ocrx_word' id='word_1_166' title='bbox 359 3027 452 3092; x_wconf 90' lang='lat' dir='ltr'>bonis</span> <span class='ocrx_word' id='word_1_167' title='bbox 469 3027 619 3108; x_wconf 86' lang='lat' dir='ltr'>moribus,</span> <span class='ocrx_word' id='word_1_168' title='bbox 633 3028 735 3094; x_wconf 92' lang='lat' dir='ltr'>multo</span> <span class='ocrx_word' id='word_1_169' title='bbox 753 3029 860 3094; x_wconf 89' lang='lat' dir='ltr'>minus</span> <span class='ocrx_word' id='word_1_170' title='bbox 878 3031 964 3117; x_wconf 89' lang='lat' dir='ltr'>quod</span> <span class='ocrx_word' id='word_1_171' title='bbox 978 3033 1052 3096; x_wconf 89' lang='lat' dir='ltr'>lidei</span> <span class='ocrx_word' id='word_1_172' title='bbox 1066 3033 1252 3098; x_wconf 69' lang='lat' dir='ltr'>orthodoxis</span> <span class='ocrx_word' id='word_1_173' title='bbox 1271 3042 1355 3100; x_wconf 88' lang='lat' dir='ltr'>esset</span> <span class='ocrx_word' id='word_1_174' title='bbox 1373 3034 1542 3114; x_wconf 81' lang='lat' dir='ltr'>adversum,</span> 
     </span>
     <span class='ocr_line' id='line_1_23' title="bbox 361 3128 1544 3221; baseline 0.008 -31"><span class='ocrx_word' id='word_1_175' title='bbox 361 3128 464 3194; x_wconf 84' lang='lat' dir='ltr'>multa</span> <span class='ocrx_word' id='word_1_176' title='bbox 476 3151 550 3196; x_wconf 87' lang='lat' dir='ltr'>vero</span> <span class='ocrx_word' id='word_1_177' title='bbox 568 3152 641 3218; x_wconf 80' lang='lat' dir='ltr'>quas</span> <span class='ocrx_word' id='word_1_178' title='bbox 663 3130 865 3197; x_wconf 83' lang='lat' dir='ltr'>laudabiliter</span> <span class='ocrx_word' id='word_1_179' title='bbox 886 3133 950 3220; x_wconf 86' lang='lat' dir='ltr'>legi</span> <span class='ocrx_word' id='word_1_180' title='bbox 974 3143 1127 3221; x_wconf 82' lang='lat' dir='ltr'>possunt:</span> <span class='ocrx_word' id='word_1_181' title='bbox 1147 3137 1234 3202; x_wconf 91' lang='lat' dir='ltr'>unde</span> <span class='ocrx_word' id='word_1_182' title='bbox 1256 3159 1328 3202; x_wconf 88' lang='lat' dir='ltr'>cum</span> <span class='ocrx_word' id='word_1_183' title='bbox 1348 3158 1465 3202; x_wconf 73' lang='lat' dir='ltr'>anneus</span> <span class='ocrx_word' id='word_1_184' title='bbox 1482 3137 1544 3202; x_wconf 81' lang='lat' dir='ltr'>vin·</span> 
     </span>
     <span class='ocr_line' id='line_1_24' title="bbox 360 3229 1543 3328; baseline 0.008 -34"><span class='ocrx_word' id='word_1_185' title='bbox 360 3229 450 3294; x_wconf 87' lang='lat' dir='ltr'>dioiis</span> <span class='ocrx_word' id='word_1_186' title='bbox 464 3242 575 3297; x_wconf 84' lang='lat' dir='ltr'>contra</span> <span class='ocrx_word' id='word_1_187' title='bbox 589 3233 697 3298; x_wconf 92' lang='lat' dir='ltr'>Zoilos</span> <span class='ocrx_word' id='word_1_188' title='bbox 710 3232 954 3321; x_wconf 86' lang='lat' dir='ltr'>imprimendam</span> <span class='ocrx_word' id='word_1_189' title='bbox 974 3244 1006 3301; x_wconf 89' lang='lat' dir='ltr'>et</span> <span class='ocrx_word' id='word_1_190' title='bbox 1025 3237 1059 3300; x_wconf 90' lang='lat' dir='ltr'>in</span> <span class='ocrx_word' id='word_1_191' title='bbox 1077 3238 1241 3323; x_wconf 90' lang='lat' dir='ltr'>publicum</span> <span class='ocrx_word' id='word_1_192' title='bbox 1257 3240 1465 3328; x_wconf 81' lang='lat' dir='ltr'>evulgandum</span> <span class='ocrx_word' id='word_1_193' title='bbox 1479 3261 1543 3328; x_wconf 89' lang='lat' dir='ltr'>per·</span> 
     </span>
     <span class='ocr_line' id='line_1_25' title="bbox 359 3333 1095 3423; baseline 0.01 -26"><span class='ocrx_word' id='word_1_194' title='bbox 359 3333 464 3398; x_wconf 88' lang='lat' dir='ltr'>mitto.</span> <span class='ocrx_word' id='word_1_195' title='bbox 494 3333 651 3423; x_wconf 77' lang='lat' dir='ltr'>Pragael.</span> <span class='ocrx_word' id='word_1_196' title='bbox 665 3335 745 3402; x_wconf 90' lang='lat' dir='ltr'>ldus</span> <span class='ocrx_word' id='word_1_197' title='bbox 757 3336 878 3404; x_wconf 83' lang='lat' dir='ltr'>Martii.</span> <span class='ocrx_word' id='word_1_198' title='bbox 890 3337 986 3404; x_wconf 87' lang='lat' dir='ltr'>Anno</span> <span class='ocrx_word' id='word_1_199' title='bbox 1003 3338 1095 3405; x_wconf 82' lang='lat'>1641.</span> 
     </span>
    </p>

    <p class='ocr_par' dir='ltr' id='par_1_6' title="bbox 360 3539 1455 3840">
     <span class='ocr_line' id='line_1_26' title="bbox 541 3539 829 3609; baseline 0.003 -4"><span class='ocrx_word' id='word_1_200' title='bbox 541 3539 737 3609; x_wconf 85' lang='lat' dir='ltr'>Authoritati</span> <span class='ocrx_word' id='word_1_201' title='bbox 750 3541 829 3607; x_wconf 91' lang='lat' dir='ltr'>mihi</span> 
     </span>
     <span class='ocr_line' id='line_1_27' title="bbox 360 3639 1413 3715; baseline 0.007 -7"><span class='ocrx_word' id='word_1_202' title='bbox 360 3639 382 3708; x_wconf 69' lang='lat' dir='ltr'>a</span> <span class='ocrx_word' id='word_1_203' title='bbox 396 3641 671 3711; x_wconf 81' lang='lat' dir='ltr'>Reverendissimo</span> <span class='ocrx_word' id='word_1_204' title='bbox 686 3643 827 3711; x_wconf 91' lang='lat' dir='ltr'>Domino</span> <span class='ocrx_word' id='word_1_205' title='bbox 841 3641 980 3710; x_wconf 83' lang='lat' dir='ltr'>Summae</span> <span class='ocrx_word' id='word_1_206' title='bbox 994 3642 1085 3711; x_wconf 85' lang='lat' dir='ltr'>Sedis</span> <span class='ocrx_word' id='word_1_207' title='bbox 1101 3643 1229 3712; x_wconf 89' lang='lat' dir='ltr'>Nuncio</span> <span class='ocrx_word' id='word_1_208' title='bbox 1243 3644 1413 3715; x_wconf 85' lang='lat' dir='ltr'>Gonoessa.</span> 
     </span>
     <span class='ocr_line' id='line_1_28' title="bbox 813 3746 1455 3840; baseline 0 -26"><span class='ocrx_word' id='word_1_209' title='bbox 813 3747 980 3814; x_wconf 77' lang='lat' dir='ltr'>Arorsrus</span> <span class='ocrx_word' id='word_1_210' title='bbox 996 3746 1101 3814; x_wconf 75' lang='lat' dir='ltr'>Mra:</span> <span class='ocrx_word' id='word_1_211' title='bbox 1128 3747 1204 3814; x_wconf 76' lang='lat' dir='ltr'>Lib.</span> <span class='ocrx_word' id='word_1_212' title='bbox 1222 3747 1312 3816; x_wconf 70' lang='lat' dir='ltr'>Cena</span> <span class='ocrx_word' id='word_1_213' title='bbox 1327 3751 1455 3840; x_wconf 78' lang='lat' dir='ltr'>Apport.</span> 
     </span>
    </p>
   </div>
   <div class='ocr_carea' id='block_1_5' title="bbox 0 0 1618 4700">
    <p class='ocr_par' dir='ltr' id='par_1_7' title="bbox 0 0 1618 4700">
     <span class='ocr_line' id='line_1_29' title="bbox 0 0 1618 4700; baseline 0 0"><span class='ocrx_word' id='word_1_214' title='bbox 0 0 1618 4700; x_wconf 95' lang='lat' dir='ltr'> </span> 
     </span>
    </p>
   </div>
  </div>
 </body>
</html>
