3225 4700
331 315 392 383 140
551 322 834 393 EPISTOLA
868 324 1014 393 DEDI
1023 318 1283 393 CATORIA.

328 482 398 526 cem
412 465 575 535 delusisse.
603 469 692 547 Quid
704 469 878 559 Protogeni
892 472 926 537 in
940 470 1085 559 Hialyso,
1099 466 1177 555 quid
1192 464 1318 553 Appelli
1333 464 1366 528 in
1380 461 1532 541 Venere,

327 563 405 648 quid
420 564 556 634 Echioni
569 569 603 635 in
617 572 833 655 Semiramide,
843 574 919 661 quid
935 572 1073 639 Demoni
1087 572 1121 635 in
1133 570 1274 657 Hoplitis
1285 577 1432 665 naturum
1445 586 1532 653 pro-

327 686 470 750 vocasse,
485 670 513 736 si
527 672 770 741 absolutissimis
783 676 845 740 illis
860 674 1007 763 operibus
1021 682 1054 739 et
1070 673 1146 737 artis
1160 670 1321 735 miraculis
1338 690 1430 734 suam
1443 689 1532 755 gra-

328 767 407 833 tiam
419 772 470 836 vel
483 773 661 843 obscuritas
675 778 749 859 loci,
763 779 814 843 vel
827 774 912 844 certd
924 779 980 842 lux
993 775 1130 863 iniquior
1143 774 1319 839 invidisset.

373 871 471 937 Venit
483 884 559 941 ante
568 877 730 944 biennium
742 880 866 945 circiter
879 880 913 944 in
924 899 1038 943 manus
1049 899 1137 942 meas
1147 877 1270 964 pictura
1279 874 1428 962 quasdam
1435 880 1528 937 tem-

328 992 441 1058 porum
455 976 515 1042 etsi
530 1000 594 1043 non
605 980 825 1060 itavictorum,
834 982 875 1047 ad
885 983 1056 1045 multorum
1068 988 1177 1045 tamen
1187 978 1335 1043 obtutum
1346 984 1438 1064 grata
1448 996 1523 1039 non

328 1076 444 1157 minus,
458 1100 555 1165 quam
570 1082 711 1169 elegans.
756 1081 839 1146 Eam
853 1092 890 1147 ut
904 1082 937 1145 in
952 1090 1096 1169 apertum
1110 1080 1282 1168 proferrem
1297 1078 1391 1157 diem,
1405 1078 1524 1141 restris

302 1198 305 1204 ¹
329 1175 477 1255 (Domini
491 1182 554 1246 mei
568 1182 722 1262 Gratiosi)
736 1183 874 1270 appendi
884 1182 1085 1247 lucidissimis
1096 1182 1169 1261 aris,
1180 1202 1313 1267 eamque
1324 1179 1425 1267 primo
1435 1176 1523 1242 Ger-

329 1299 425 1345 mano
440 1280 598 1364 Soemate,
611 1292 725 1371 postes
738 1306 824 1365 vero,
835 1292 871 1348 ut
886 1285 1019 1371 gretiam
1032 1304 1124 1349 suam
1138 1283 1212 1348 inde
1223 1282 1356 1346 traxisse
1365 1279 1522 1359 intellexi,

331 1378 479 1447 Romano
492 1384 584 1449 vultu
601 1385 720 1451 ibidem
738 1386 805 1466 fixi,
819 1395 1002 1473 vestroque;
1025 1385 1164 1451 meridiei
1182 1384 1402 1449 illustrandam
1420 1404 1522 1468 expo-

330 1482 397 1547 suir
419 1485 565 1550 Accessit
579 1508 664 1553 nunc
683 1489 812 1554 demum
826 1489 916 1571 illud,
930 1488 1016 1576 quod
1034 1488 1159 1575 plurimi
1173 1485 1395 1553 desiderabant
1403 1510 1412 1567 3
1444 1484 1520 1548 Hoc

330 1584 434 1671 ipsum
449 1587 604 1674 quidquid
617 1598 667 1654 est
679 1600 783 1657 vestro
799 1591 923 1657 Phoebo
933 1591 1137 1656 insolandum
1150 1590 1267 1655 desero.

374 1684 449 1752 Non
463 1689 547 1753 enim
562 1689 610 1755 sas
619 1701 688 1757 erat
700 1703 738 1758 ut
750 1692 898 1759 mutilum
912 1716 992 1781 opus
1002 1692 1088 1759 varie
1099 1692 1285 1758 distractum
1297 1689 1339 1755 ad
1350 1688 1520 1777 multiplex

329 1787 448 1869 lumen,
461 1798 518 1854 aut
531 1792 572 1856 ad
586 1792 720 1858 dubium
734 1795 834 1861 solem
849 1795 1049 1882 splendorem
1060 1802 1189 1859 exueret
1202 1792 1319 1879 potius,
1332 1812 1429 1878 quam
1444 1812 1519 1876 gra·

330 1890 407 1955 tiam
417 1891 565 1958 traheret.
608 1892 669 1959 Est
682 1896 828 1983 equidem
845 1896 961 1961 Vester
980 1898 1029 1961 sol
1046 1904 1156 1961 tantus
1171 1894 1225 1983 qui
1242 1894 1382 1983 pleniore
1396 1894 1519 1957 lumine

327 1992 370 2057 ad
385 1993 543 2059 tantillam
557 1994 707 2061 tabellam
722 1997 935 2063 irradiandam
950 2018 1014 2061 non
1028 2004 1134 2083 egeat.

373 2092 533 2181 Ignoscite
546 2120 621 2163 vero
634 2098 782 2178 (Domini
796 2101 858 2165 mei
873 2099 1018 2187 gratiosi)
1029 2099 1056 2162 si
1069 2097 1280 2185 multiplicata
1292 2094 1382 2161 vobis
1393 2096 1519 2160 unitate

328 2194 363 2259 in
377 2196 518 2282 ejusdem
532 2199 653 2264 tenoris
666 2203 812 2288 exemplo
827 2202 942 2289 saepius
954 2200 1148 2288 obstrepam,
1161 2221 1228 2264 uon
1238 2200 1270 2265 id
1282 2198 1452 2265 deferentis
1467 2209 1519 2263 est

328 2296 450 2380 vitium,
460 2299 516 2365 sed
529 2300 661 2388 pieturoe
675 2302 788 2390 genius
798 2312 923 2368 suomet
933 2302 1052 2391 impetu
1063 2302 1104 2367 ad
1115 2323 1171 2368 vos
1181 2299 1417 2390 propendentis,
1430 2301 1518 2366 unde

327 2400 427 2464 semel
440 2411 507 2466 tam
520 2403 725 2490 magnificam
739 2403 878 2470 obtinuit
890 2406 975 2492 apud
991 2413 1187 2492 spectatores
1201 2424 1276 2468 suos
1290 2403 1435 2491 gretiam.

371 2501 527 2590 Suscipite
540 2504 636 2592 igitur
649 2506 733 2572 hanc
746 2507 873 2593 qualem
887 2506 1013 2594 qualem
1030 2505 1175 2594 opusculi
1189 2515 1310 2592 partem
1325 2505 1469 2584 alteram,
1483 2513 1518 2569 et

328 2611 366 2667 ut
375 2604 509 2691 primam
519 2605 636 2672 Vestro
647 2605 885 2673 Gratiosissimo
896 2607 1001 2672 favore
1010 2606 1142 2686 fovistis,
1152 2606 1200 2670 ita
1209 2605 1291 2671 hanc
1301 2606 1439 2672 abomni
1449 2627 1518 2670 ma·

328 2705 497 2772 levolentia
513 2707 684 2776 defendite.
734 2708 787 2775 Ita
802 2731 903 2775 voveo
921 2708 1103 2796 Moguntioe
1119 2730 1160 2773 ex
1175 2709 1209 2772 in
1224 2717 1299 2773 aute
1317 2707 1415 2774 Diem
1432 2709 1517 2775 deci·

328 2829 416 2874 mum
430 2831 551 2875 nonum
565 2809 635 2878 Cal.
651 2810 733 2877 Maii
746 2811 811 2876 An.
828 2811 847 2875 a
862 2811 990 2878 Christo
1005 2819 1082 2876 nato
1097 2809 1147 2875 Μ.
1162 2809 1235 2876 ΒΟ.
1246 2809 1337 2878 XLI.

711 2943 899 3012 Humillima
912 2943 967 3009 W.
981 2941 1057 3010 GG.
1068 2943 1145 3009 DD.
1161 2965 1250 3010 serva

913 3077 1150 3145 Burssssms
1166 3078 1286 3146 Kurrz
1301 3077 1432 3146 Vrnus.
