<?xml version="1.0" encoding="UTF-8"?>
<!DOCTYPE html PUBLIC "-//W3C//DTD XHTML 1.0 Transitional//EN"
    "http://www.w3.org/TR/xhtml1/DTD/xhtml1-transitional.dtd">
<html xmlns="http://www.w3.org/1999/xhtml" xml:lang="en" lang="en">
 <head>
  <title>
</title>
<meta http-equiv="Content-Type" content="text/html;charset=utf-8" />
  <meta name='ocr-system' content='tesseract 3.04.00' />
  <meta name='ocr-capabilities' content='ocr_page ocr_carea ocr_par ocr_line ocrx_word'/>
</head>
<body>
  <div class='ocr_page' id='page_1' title='image "./itinerariumthom00kerngoog_0500.png"; bbox 0 0 3225 4700; ppageno 0'>
   <div class='ocr_carea' id='block_1_1' title="bbox 322 337 1114 406">
    <p class='ocr_par' dir='ltr' id='par_1_1' title="bbox 322 337 1114 406">
     <span class='ocr_line' id='line_1_1' title="bbox 322 337 1114 406; baseline -0.001 -2"><span class='ocrx_word' id='word_1_1' title='bbox 322 340 386 405; x_wconf 87' lang='grc'>308</span> <span class='ocrx_word' id='word_1_2' title='bbox 712 337 1114 406; x_wconf 78' lang='lat' dir='ltr'><strong><em>ITINERARIUM.</em></strong></span> 
     </span>
    </p>
   </div>
   <div class='ocr_carea' id='block_1_2' title="bbox 325 489 1594 3347">
    <p class='ocr_par' dir='ltr' id='par_1_2' title="bbox 325 489 1594 1416">
     <span class='ocr_line' id='line_1_2' title="bbox 325 489 1534 572; baseline -0.004 -21"><span class='ocrx_word' id='word_1_3' title='bbox 325 492 466 564; x_wconf 82' lang='lat' dir='ltr'>exerceri,</span> <span class='ocrx_word' id='word_1_4' title='bbox 480 511 548 553; x_wconf 88' lang='lat' dir='ltr'>cum</span> <span class='ocrx_word' id='word_1_5' title='bbox 568 491 607 552; x_wconf 86' lang='lat' dir='ltr'>ad</span> <span class='ocrx_word' id='word_1_6' title='bbox 620 490 699 572; x_wconf 88' lang='lat' dir='ltr'>ipsas</span> <span class='ocrx_word' id='word_1_7' title='bbox 714 490 805 551; x_wconf 89' lang='lat' dir='ltr'>etiam</span> <span class='ocrx_word' id='word_1_8' title='bbox 824 489 1017 550; x_wconf 81' lang='lat' dir='ltr'>munitiorem</span> <span class='ocrx_word' id='word_1_9' title='bbox 1034 489 1189 551; x_wconf 81' lang='lat' dir='ltr'>civitatum</span> <span class='ocrx_word' id='word_1_10' title='bbox 1208 496 1308 568; x_wconf 85' lang='lat' dir='ltr'>portas</span> <span class='ocrx_word' id='word_1_11' title='bbox 1325 496 1534 550; x_wconf 79' lang='lat' dir='ltr'>excurrerent</span> 
     </span>
     <span class='ocr_line' id='line_1_3' title="bbox 325 582 1594 668; baseline -0.006 -19"><span class='ocrx_word' id='word_1_12' title='bbox 325 587 481 668; x_wconf 85' lang='lat' dir='ltr'><strong>manipuli,</strong></span> <span class='ocrx_word' id='word_1_13' title='bbox 495 598 529 649; x_wconf 91' lang='lat' dir='ltr'>ut</span> <span class='ocrx_word' id='word_1_14' title='bbox 543 587 631 648; x_wconf 84' lang='lat' dir='ltr'>obvia</span> <span class='ocrx_word' id='word_1_15' title='bbox 643 586 766 667; x_wconf 73' lang='lat' dir='ltr'>quaevis,</span> <span class='ocrx_word' id='word_1_16' title='bbox 781 588 814 647; x_wconf 91' lang='lat' dir='ltr'>in</span> <span class='ocrx_word' id='word_1_17' title='bbox 828 594 924 645; x_wconf 88' lang='lat' dir='ltr'>eastra</span> <span class='ocrx_word' id='word_1_18' title='bbox 933 594 1087 647; x_wconf 82' lang='lat' dir='ltr'>averteret.</span> <span class='ocrx_word' id='word_1_19' title='bbox 1130 585 1305 646; x_wconf 86' lang='lat' dir='ltr'>Gliscebant</span> <span class='ocrx_word' id='word_1_20' title='bbox 1315 584 1405 645; x_wconf 89' lang='lat' dir='ltr'>etiam</span> <span class='ocrx_word' id='word_1_21' title='bbox 1417 584 1534 643; x_wconf 87' lang='lat' dir='ltr'>nescio</span> <span class='ocrx_word' id='word_1_22' title='bbox 1593 582 1594 631; x_wconf 85' lang='lat' dir='ltr'>l</span> 
     </span>
     <span class='ocr_line' id='line_1_4' title="bbox 326 679 1533 764; baseline -0.007 -19"><span class='ocrx_word' id='word_1_23' title='bbox 326 703 394 764; x_wconf 81' lang='lat' dir='ltr'>qnoe</span> <span class='ocrx_word' id='word_1_24' title='bbox 408 684 514 745; x_wconf 85' lang='lat' dir='ltr'>Gallos</span> <span class='ocrx_word' id='word_1_25' title='bbox 527 684 604 744; x_wconf 87' lang='lat' dir='ltr'>inter</span> <span class='ocrx_word' id='word_1_26' title='bbox 617 693 647 744; x_wconf 88' lang='lat' dir='ltr'>et</span> <span class='ocrx_word' id='word_1_27' title='bbox 661 683 783 757; x_wconf 79' lang='lat' dir='ltr'>Sueuos,</span> <span class='ocrx_word' id='word_1_28' title='bbox 798 691 828 743; x_wconf 91' lang='lat' dir='ltr'>et</span> <span class='ocrx_word' id='word_1_29' title='bbox 841 679 894 741; x_wconf 90' lang='lat' dir='ltr'>hos</span> <span class='ocrx_word' id='word_1_30' title='bbox 907 680 985 742; x_wconf 86' lang='lat' dir='ltr'>inter</span> <span class='ocrx_word' id='word_1_31' title='bbox 998 690 1028 742; x_wconf 88' lang='lat' dir='ltr'>et</span> <span class='ocrx_word' id='word_1_32' title='bbox 1046 682 1293 764; x_wconf 81' lang='lat' dir='ltr'>Luneburgenses</span> <span class='ocrx_word' id='word_1_33' title='bbox 1308 680 1446 749; x_wconf 84' lang='lat' dir='ltr'>dissidia,</span> <span class='ocrx_word' id='word_1_34' title='bbox 1464 680 1533 739; x_wconf 90' lang='lat' dir='ltr'>sin-</span> 
     </span>
     <span class='ocr_line' id='line_1_5' title="bbox 328 776 1533 861; baseline -0.006 -21"><span class='ocrx_word' id='word_1_35' title='bbox 328 779 407 861; x_wconf 84' lang='lat' dir='ltr'>gulis</span> <span class='ocrx_word' id='word_1_36' title='bbox 419 780 553 859; x_wconf 91' lang='lat' dir='ltr'>partibus</span> <span class='ocrx_word' id='word_1_37' title='bbox 566 780 623 840; x_wconf 91' lang='lat' dir='ltr'>sibi</span> <span class='ocrx_word' id='word_1_38' title='bbox 637 778 866 859; x_wconf 85' lang='lat' dir='ltr'>deposcentibus</span> <span class='ocrx_word' id='word_1_39' title='bbox 879 785 1010 838; x_wconf 89' lang='lat' dir='ltr'>castrum</span> <span class='ocrx_word' id='word_1_40' title='bbox 1023 778 1105 856; x_wconf 89' lang='lat' dir='ltr'>quod</span> <span class='ocrx_word' id='word_1_41' title='bbox 1120 784 1233 838; x_wconf 87' lang='lat' dir='ltr'>armata</span> <span class='ocrx_word' id='word_1_42' title='bbox 1250 776 1282 836; x_wconf 85' lang='lat' dir='ltr'>vi</span> <span class='ocrx_word' id='word_1_43' title='bbox 1301 794 1461 855; x_wconf 89' lang='lat' dir='ltr'>nunquam</span> <span class='ocrx_word' id='word_1_44' title='bbox 1478 794 1533 833; x_wconf 86' lang='lat' dir='ltr'>ac-</span> 
     </span>
     <span class='ocr_line' id='line_1_6' title="bbox 328 869 1532 955; baseline -0.006 -20"><span class='ocrx_word' id='word_1_45' title='bbox 328 874 444 955; x_wconf 88' lang='lat' dir='ltr'>cepturi</span> <span class='ocrx_word' id='word_1_46' title='bbox 462 884 557 935; x_wconf 91' lang='lat' dir='ltr'>erant.</span> <span class='ocrx_word' id='word_1_47' title='bbox 603 876 653 937; x_wconf 82' lang='lat' dir='ltr'>Ac</span> <span class='ocrx_word' id='word_1_48' title='bbox 674 870 877 954; x_wconf 89' lang='lat' dir='ltr'>Luneburgiei</span> <span class='ocrx_word' id='word_1_49' title='bbox 900 872 1022 951; x_wconf 90' lang='lat' dir='ltr'>quidem</span> <span class='ocrx_word' id='word_1_50' title='bbox 1047 873 1209 933; x_wconf 87' lang='lat' dir='ltr'>credebant</span> <span class='ocrx_word' id='word_1_51' title='bbox 1231 871 1288 931; x_wconf 90' lang='lat' dir='ltr'>sibi</span> <span class='ocrx_word' id='word_1_52' title='bbox 1311 870 1413 932; x_wconf 88' lang='lat' dir='ltr'>deberi</span> <span class='ocrx_word' id='word_1_53' title='bbox 1437 869 1532 929; x_wconf 88' lang='lat' dir='ltr'>velut</span> 
     </span>
     <span class='ocr_line' id='line_1_7' title="bbox 329 966 1530 1047; baseline -0.005 -17"><span class='ocrx_word' id='word_1_54' title='bbox 329 970 470 1031; x_wconf 79' lang='lat' dir='ltr'>Dominis</span> <span class='ocrx_word' id='word_1_55' title='bbox 488 979 575 1031; x_wconf 74' lang='lat' dir='ltr'>terrae</span> <span class='ocrx_word' id='word_1_56' title='bbox 595 979 625 1031; x_wconf 86' lang='lat' dir='ltr'>et</span> <span class='ocrx_word' id='word_1_57' title='bbox 643 969 732 1031; x_wconf 86' lang='lat' dir='ltr'>fundi</span> <span class='ocrx_word' id='word_1_58' title='bbox 757 968 848 1031; x_wconf 88' lang='lat' dir='ltr'>illius.</span> <span class='ocrx_word' id='word_1_59' title='bbox 888 967 971 1030; x_wconf 88' lang='lat' dir='ltr'>Galli</span> <span class='ocrx_word' id='word_1_60' title='bbox 991 989 1061 1030; x_wconf 84' lang='lat' dir='ltr'>vero</span> <span class='ocrx_word' id='word_1_61' title='bbox 1081 976 1112 1029; x_wconf 92' lang='lat' dir='ltr'>et</span> <span class='ocrx_word' id='word_1_62' title='bbox 1132 967 1222 1029; x_wconf 83' lang='lat' dir='ltr'>Sneei</span> <span class='ocrx_word' id='word_1_63' title='bbox 1242 966 1298 1027; x_wconf 83' lang='lat' dir='ltr'>sibi</span> <span class='ocrx_word' id='word_1_64' title='bbox 1319 966 1530 1047; x_wconf 86' lang='lat' dir='ltr'>deposcebant</span> 
     </span>
     <span class='ocr_line' id='line_1_8' title="bbox 328 1062 1526 1148; baseline -0.003 -23"><span class='ocrx_word' id='word_1_65' title='bbox 328 1066 438 1148; x_wconf 90' lang='lat' dir='ltr'>pignus</span> <span class='ocrx_word' id='word_1_66' title='bbox 456 1075 508 1127; x_wconf 91' lang='lat' dir='ltr'>aut</span> <span class='ocrx_word' id='word_1_67' title='bbox 526 1065 724 1147; x_wconf 85' lang='lat' dir='ltr'>hypothecam</span> <span class='ocrx_word' id='word_1_68' title='bbox 741 1068 876 1146; x_wconf 79' lang='lat' dir='ltr'>pecuniae</span> <span class='ocrx_word' id='word_1_69' title='bbox 895 1067 915 1128; x_wconf 77' lang='lat' dir='ltr'>l</span> <span class='ocrx_word' id='word_1_70' title='bbox 932 1063 1147 1147; x_wconf 89' lang='lat' dir='ltr'>Luneburgicis</span> <span class='ocrx_word' id='word_1_71' title='bbox 1166 1063 1317 1145; x_wconf 84' lang='lat' dir='ltr'>promissae</span> <span class='ocrx_word' id='word_1_72' title='bbox 1335 1072 1366 1122; x_wconf 89' lang='lat' dir='ltr'>et</span> <span class='ocrx_word' id='word_1_73' title='bbox 1384 1062 1526 1121; x_wconf 89' lang='lat' dir='ltr'>nondum</span> 
     </span>
     <span class='ocr_line' id='line_1_9' title="bbox 331 1156 1526 1244; baseline -0.006 -21"><span class='ocrx_word' id='word_1_74' title='bbox 331 1172 506 1225; x_wconf 75' lang='lat' dir='ltr'>numeratae.</span> <span class='ocrx_word' id='word_1_75' title='bbox 546 1162 637 1235; x_wconf 82' lang='lat' dir='ltr'>Quod</span> <span class='ocrx_word' id='word_1_76' title='bbox 664 1172 727 1223; x_wconf 89' lang='lat' dir='ltr'>tum</span> <span class='ocrx_word' id='word_1_77' title='bbox 754 1160 787 1221; x_wconf 92' lang='lat' dir='ltr'>hi</span> <span class='ocrx_word' id='word_1_78' title='bbox 813 1164 913 1244; x_wconf 72' lang='lat' dir='ltr'>aperte</span> <span class='ocrx_word' id='word_1_79' title='bbox 941 1161 1005 1223; x_wconf 89' lang='lat' dir='ltr'>sine</span> <span class='ocrx_word' id='word_1_80' title='bbox 1028 1159 1216 1221; x_wconf 76' lang='lat' dir='ltr'>simulatione</span> <span class='ocrx_word' id='word_1_81' title='bbox 1236 1168 1351 1240; x_wconf 91' lang='lat' dir='ltr'>petunt,</span> <span class='ocrx_word' id='word_1_82' title='bbox 1372 1156 1420 1217; x_wconf 92' lang='lat' dir='ltr'>illi</span> <span class='ocrx_word' id='word_1_83' title='bbox 1438 1157 1526 1217; x_wconf 89' lang='lat' dir='ltr'>haud</span> 
     </span>
     <span class='ocr_line' id='line_1_10' title="bbox 330 1253 1525 1341; baseline -0.006 -22"><span class='ocrx_word' id='word_1_84' title='bbox 330 1259 454 1320; x_wconf 75' lang='lat' dir='ltr'>obscure</span> <span class='ocrx_word' id='word_1_85' title='bbox 468 1259 710 1341; x_wconf 84' lang='lat' dir='ltr'>tergiversantur,</span> <span class='ocrx_word' id='word_1_86' title='bbox 724 1260 879 1322; x_wconf 77' lang='lat' dir='ltr'>sententiis</span> <span class='ocrx_word' id='word_1_87' title='bbox 892 1259 1033 1341; x_wconf 88' lang='lat' dir='ltr'>primum,</span> <span class='ocrx_word' id='word_1_88' title='bbox 1049 1257 1122 1317; x_wconf 90' lang='lat' dir='ltr'>dum</span> <span class='ocrx_word' id='word_1_89' title='bbox 1136 1257 1204 1317; x_wconf 90' lang='lat' dir='ltr'>totis</span> <span class='ocrx_word' id='word_1_90' title='bbox 1216 1253 1324 1316; x_wconf 91' lang='lat' dir='ltr'>animis</span> <span class='ocrx_word' id='word_1_91' title='bbox 1338 1254 1356 1315; x_wconf 79' lang='lat' dir='ltr'>d</span> <span class='ocrx_word' id='word_1_92' title='bbox 1369 1273 1400 1314; x_wconf 93' lang='lat' dir='ltr'>se</span> <span class='ocrx_word' id='word_1_93' title='bbox 1415 1253 1525 1313; x_wconf 76' lang='lat' dir='ltr'>mutuo</span> 
     </span>
     <span class='ocr_line' id='line_1_11' title="bbox 331 1353 733 1416; baseline -0.007 0"><span class='ocrx_word' id='word_1_94' title='bbox 331 1364 507 1416; x_wconf 84' lang='lat' dir='ltr'>avertantur</span> <span class='ocrx_word' id='word_1_95' title='bbox 522 1362 552 1415; x_wconf 89' lang='lat' dir='ltr'>et</span> <span class='ocrx_word' id='word_1_96' title='bbox 565 1353 733 1415; x_wconf 87' lang='lat' dir='ltr'>discedunt.</span> 
     </span>
    </p>

    <p class='ocr_par' dir='ltr' id='par_1_3' title="bbox 334 1448 1526 3347">
     <span class='ocr_line' id='line_1_12' title="bbox 373 1448 1526 1530; baseline -0.003 -19"><span class='ocrx_word' id='word_1_97' title='bbox 373 1450 434 1511; x_wconf 84' lang='lat' dir='ltr'>Hae</span> <span class='ocrx_word' id='word_1_98' title='bbox 448 1452 527 1510; x_wconf 85' lang='lat' dir='ltr'>inter</span> <span class='ocrx_word' id='word_1_99' title='bbox 538 1457 636 1530; x_wconf 87' lang='lat' dir='ltr'>partes</span> <span class='ocrx_word' id='word_1_100' title='bbox 649 1449 845 1511; x_wconf 68' lang='lat' dir='ltr'>dimensiones</span> <span class='ocrx_word' id='word_1_101' title='bbox 859 1450 1009 1530; x_wconf 82' lang='lat' dir='ltr'>utrimque</span> <span class='ocrx_word' id='word_1_102' title='bbox 1023 1469 1142 1511; x_wconf 88' lang='lat' dir='ltr'>cansam</span> <span class='ocrx_word' id='word_1_103' title='bbox 1158 1448 1359 1529; x_wconf 75' lang='lat' dir='ltr'>praebuerunt,</span> <span class='ocrx_word' id='word_1_104' title='bbox 1373 1454 1407 1508; x_wconf 90' lang='lat' dir='ltr'>ut</span> <span class='ocrx_word' id='word_1_105' title='bbox 1416 1454 1526 1507; x_wconf 89' lang='lat' dir='ltr'>neutra</span> 
     </span>
     <span class='ocr_line' id='line_1_13' title="bbox 334 1542 1525 1628; baseline -0.005 -21"><span class='ocrx_word' id='word_1_106' title='bbox 334 1566 402 1628; x_wconf 91' lang='lat' dir='ltr'>pars</span> <span class='ocrx_word' id='word_1_107' title='bbox 414 1545 500 1607; x_wconf 87' lang='lat' dir='ltr'>alteri</span> <span class='ocrx_word' id='word_1_108' title='bbox 512 1544 641 1626; x_wconf 89' lang='lat' dir='ltr'>amplius</span> <span class='ocrx_word' id='word_1_109' title='bbox 653 1544 769 1607; x_wconf 82' lang='lat' dir='ltr'>fideret.</span> <span class='ocrx_word' id='word_1_110' title='bbox 799 1546 885 1608; x_wconf 90' lang='lat' dir='ltr'>Hinc</span> <span class='ocrx_word' id='word_1_111' title='bbox 900 1546 1020 1608; x_wconf 89' lang='lat' dir='ltr'>tandem</span> <span class='ocrx_word' id='word_1_112' title='bbox 1033 1545 1141 1607; x_wconf 80' lang='lat' dir='ltr'>didicit</span> <span class='ocrx_word' id='word_1_113' title='bbox 1154 1544 1433 1625; x_wconf 89' lang='lat' dir='ltr'>Luneburgensium</span> <span class='ocrx_word' id='word_1_114' title='bbox 1448 1542 1525 1602; x_wconf 86' lang='lat' dir='ltr'>Dux</span> 
     </span>
     <span class='ocr_line' id='line_1_14' title="bbox 334 1640 1526 1723; baseline -0.004 -20"><span class='ocrx_word' id='word_1_115' title='bbox 334 1650 480 1722; x_wconf 87' lang='lat' dir='ltr'>quantum</span> <span class='ocrx_word' id='word_1_116' title='bbox 493 1641 550 1701; x_wconf 90' lang='lat' dir='ltr'>sibi</span> <span class='ocrx_word' id='word_1_117' title='bbox 562 1650 752 1702; x_wconf 85' lang='lat' dir='ltr'>externorum</span> <span class='ocrx_word' id='word_1_118' title='bbox 765 1642 957 1723; x_wconf 90' lang='lat' dir='ltr'>Principium</span> <span class='ocrx_word' id='word_1_119' title='bbox 972 1640 1084 1703; x_wconf 81' lang='lat' dir='ltr'>soedera</span> <span class='ocrx_word' id='word_1_120' title='bbox 1097 1640 1279 1714; x_wconf 74' lang='lat' dir='ltr'>obliuissent3</span> <span class='ocrx_word' id='word_1_121' title='bbox 1301 1658 1361 1718; x_wconf 90' lang='lat' dir='ltr'>qua</span> <span class='ocrx_word' id='word_1_122' title='bbox 1376 1659 1414 1699; x_wconf 86' lang='lat' dir='ltr'>ex</span> <span class='ocrx_word' id='word_1_123' title='bbox 1433 1658 1526 1699; x_wconf 85' lang='lat' dir='ltr'>causa</span> 
     </span>
     <span class='ocr_line' id='line_1_15' title="bbox 334 1734 1524 1819; baseline -0.003 -22"><span class='ocrx_word' id='word_1_124' title='bbox 334 1737 562 1818; x_wconf 76' lang='lat' dir='ltr'>cogitationibus</span> <span class='ocrx_word' id='word_1_125' title='bbox 584 1738 646 1798; x_wconf 91' lang='lat' dir='ltr'>suis</span> <span class='ocrx_word' id='word_1_126' title='bbox 669 1738 750 1799; x_wconf 87' lang='lat' dir='ltr'>varie</span> <span class='ocrx_word' id='word_1_127' title='bbox 770 1740 801 1798; x_wconf 90' lang='lat' dir='ltr'>in</span> <span class='ocrx_word' id='word_1_128' title='bbox 823 1739 975 1800; x_wconf 88' lang='lat' dir='ltr'>diversum</span> <span class='ocrx_word' id='word_1_129' title='bbox 989 1738 1120 1819; x_wconf 86' lang='lat' dir='ltr'>jactatus</span> <span class='ocrx_word' id='word_1_130' title='bbox 1140 1736 1302 1797; x_wconf 88' lang='lat' dir='ltr'>deliberare</span> <span class='ocrx_word' id='word_1_131' title='bbox 1322 1755 1424 1795; x_wconf 89' lang='lat' dir='ltr'>seeum</span> <span class='ocrx_word' id='word_1_132' title='bbox 1444 1734 1524 1795; x_wconf 75' lang='lat' dir='ltr'>serio</span> 
     </span>
     <span class='ocr_line' id='line_1_16' title="bbox 334 1830 1523 1912; baseline -0.002 -21"><span class='ocrx_word' id='word_1_133' title='bbox 334 1832 450 1912; x_wconf 90' lang='lat' dir='ltr'>incipit,</span> <span class='ocrx_word' id='word_1_134' title='bbox 463 1852 524 1912; x_wconf 88' lang='lat' dir='ltr'>quo</span> <span class='ocrx_word' id='word_1_135' title='bbox 536 1833 626 1894; x_wconf 81' lang='grc' dir='ltr'><strong>ιιιοιΙο</strong></span> <span class='ocrx_word' id='word_1_136' title='bbox 639 1842 775 1894; x_wconf 84' lang='lat' dir='ltr'>externas</span> <span class='ocrx_word' id='word_1_137' title='bbox 787 1834 933 1895; x_wconf 76' lang='lat' dir='ltr'>amicitias</span> <span class='ocrx_word' id='word_1_138' title='bbox 947 1831 1088 1894; x_wconf 82' lang='lat' dir='ltr'>dissolvat</span> <span class='ocrx_word' id='word_1_139' title='bbox 1098 1842 1127 1893; x_wconf 89' lang='lat' dir='ltr'>et</span> <span class='ocrx_word' id='word_1_140' title='bbox 1141 1851 1211 1893; x_wconf 91' lang='lat' dir='ltr'>cum</span> <span class='ocrx_word' id='word_1_141' title='bbox 1222 1830 1341 1893; x_wconf 84' lang='lat' dir='ltr'>Gaesare</span> <span class='ocrx_word' id='word_1_142' title='bbox 1351 1831 1383 1891; x_wconf 94' lang='lat' dir='ltr'>in</span> <span class='ocrx_word' id='word_1_143' title='bbox 1394 1830 1523 1911; x_wconf 86' lang='lat' dir='ltr'>gretiam</span> 
     </span>
     <span class='ocr_line' id='line_1_17' title="bbox 335 1926 1524 2008; baseline -0.003 -19"><span class='ocrx_word' id='word_1_144' title='bbox 335 1937 501 1990; x_wconf 84' lang='lat' dir='ltr'>revocetur.</span> <span class='ocrx_word' id='word_1_145' title='bbox 543 1927 669 2003; x_wconf 87' lang='lat' dir='ltr'>Evocat,</span> <span class='ocrx_word' id='word_1_146' title='bbox 682 1929 867 2008; x_wconf 77' lang='lat' dir='ltr'>paucissimis</span> <span class='ocrx_word' id='word_1_147' title='bbox 880 1949 1002 1991; x_wconf 86' lang='lat' dir='ltr'>snorum</span> <span class='ocrx_word' id='word_1_148' title='bbox 1015 1929 1111 2008; x_wconf 87' lang='lat' dir='ltr'>iisqne</span> <span class='ocrx_word' id='word_1_149' title='bbox 1125 1926 1305 1989; x_wconf 84' lang='lat' dir='ltr'>fidelissimis</span> <span class='ocrx_word' id='word_1_150' title='bbox 1323 1926 1461 1995; x_wconf 89' lang='lat' dir='ltr'>consciis,</span> <span class='ocrx_word' id='word_1_151' title='bbox 1476 1936 1524 1986; x_wconf 88' lang='lat' dir='ltr'>tu·</span> 
     </span>
     <span class='ocr_line' id='line_1_18' title="bbox 336 2022 1524 2104; baseline -0.002 -19"><span class='ocrx_word' id='word_1_152' title='bbox 336 2023 476 2097; x_wconf 91' lang='lat' dir='ltr'>bicinem,</span> <span class='ocrx_word' id='word_1_153' title='bbox 491 2043 579 2104; x_wconf 91' lang='lat' dir='ltr'>quem</span> <span class='ocrx_word' id='word_1_154' title='bbox 593 2043 664 2084; x_wconf 92' lang='lat' dir='ltr'>cum</span> <span class='ocrx_word' id='word_1_155' title='bbox 680 2024 787 2085; x_wconf 91' lang='lat' dir='ltr'>litteris</span> <span class='ocrx_word' id='word_1_156' title='bbox 804 2025 845 2086; x_wconf 91' lang='lat' dir='ltr'>ad</span> <span class='ocrx_word' id='word_1_157' title='bbox 862 2024 1091 2085; x_wconf 87' lang='lat' dir='ltr'>Serenissimnm</span> <span class='ocrx_word' id='word_1_158' title='bbox 1110 2022 1315 2084; x_wconf 81' lang='lat' dir='ltr'>Archidncem</span> <span class='ocrx_word' id='word_1_159' title='bbox 1336 2022 1524 2103; x_wconf 78' lang='lat' dir='ltr'>leopoldum</span> 
     </span>
     <span class='ocr_line' id='line_1_19' title="bbox 336 2117 1525 2201; baseline -0.002 -22"><span class='ocrx_word' id='word_1_160' title='bbox 336 2118 481 2199; x_wconf 85' lang='lat' dir='ltr'>evestigio</span> <span class='ocrx_word' id='word_1_161' title='bbox 493 2117 618 2179; x_wconf 89' lang='lat' dir='ltr'>dimittit</span> <span class='ocrx_word' id='word_1_162' title='bbox 630 2118 720 2179; x_wconf 88' lang='lat' dir='ltr'>etiam</span> <span class='ocrx_word' id='word_1_163' title='bbox 731 2128 820 2201; x_wconf 87' lang='lat' dir='ltr'>atque</span> <span class='ocrx_word' id='word_1_164' title='bbox 833 2120 923 2182; x_wconf 93' lang='lat' dir='ltr'>etiam</span> <span class='ocrx_word' id='word_1_165' title='bbox 937 2121 1102 2195; x_wconf 86' lang='lat' dir='ltr'>obtestans;</span> <span class='ocrx_word' id='word_1_166' title='bbox 1124 2129 1159 2179; x_wconf 88' lang='lat' dir='ltr'>ut</span> <span class='ocrx_word' id='word_1_167' title='bbox 1167 2118 1308 2200; x_wconf 81' lang='lat' dir='ltr'>dignetur</span> <span class='ocrx_word' id='word_1_168' title='bbox 1317 2118 1356 2179; x_wconf 85' lang='lat' dir='ltr'>ed</span> <span class='ocrx_word' id='word_1_169' title='bbox 1367 2136 1399 2178; x_wconf 90' lang='lat' dir='ltr'>se</span> <span class='ocrx_word' id='word_1_170' title='bbox 1410 2119 1525 2178; x_wconf 86' lang='lat' dir='ltr'>Bruns-</span> 
     </span>
     <span class='ocr_line' id='line_1_20' title="bbox 338 2212 1524 2294; baseline 0.001 -21"><span class='ocrx_word' id='word_1_171' title='bbox 338 2214 435 2274; x_wconf 84' lang='lat' dir='ltr'>uicem</span> <span class='ocrx_word' id='word_1_172' title='bbox 456 2213 605 2273; x_wconf 85' lang='lat' dir='ltr'>destinare</span> <span class='ocrx_word' id='word_1_173' title='bbox 623 2212 765 2292; x_wconf 89' lang='lat' dir='ltr'>aliquem,</span> <span class='ocrx_word' id='word_1_174' title='bbox 788 2215 912 2294; x_wconf 89' lang='lat' dir='ltr'>quicum</span> <span class='ocrx_word' id='word_1_175' title='bbox 936 2222 1063 2275; x_wconf 86' lang='lat' dir='ltr'>secretos</span> <span class='ocrx_word' id='word_1_176' title='bbox 1088 2214 1182 2275; x_wconf 90' lang='lat' dir='ltr'>animi</span> <span class='ocrx_word' id='word_1_177' title='bbox 1206 2223 1367 2294; x_wconf 85' lang='lat' dir='ltr'>conceptus</span> <span class='ocrx_word' id='word_1_178' title='bbox 1389 2213 1524 2275; x_wconf 82' lang='lat' dir='ltr'>conferre</span> 
     </span>
     <span class='ocr_line' id='line_1_21' title="bbox 338 2307 1522 2390; baseline -0.001 -21"><span class='ocrx_word' id='word_1_179' title='bbox 338 2315 402 2370; x_wconf 85' lang='lat' dir='ltr'>tuto</span> <span class='ocrx_word' id='word_1_180' title='bbox 413 2317 528 2388; x_wconf 79' lang='lat' dir='ltr'>posset3</span> <span class='ocrx_word' id='word_1_181' title='bbox 549 2307 702 2370; x_wconf 87' lang='lat' dir='ltr'>decretum</span> <span class='ocrx_word' id='word_1_182' title='bbox 715 2308 772 2370; x_wconf 91' lang='lat' dir='ltr'>sibi</span> <span class='ocrx_word' id='word_1_183' title='bbox 785 2329 847 2371; x_wconf 88' lang='lat' dir='ltr'>esse</span> <span class='ocrx_word' id='word_1_184' title='bbox 860 2318 974 2371; x_wconf 78' lang='lat' dir='ltr'>veteres</span> <span class='ocrx_word' id='word_1_185' title='bbox 984 2328 1053 2370; x_wconf 90' lang='lat' dir='ltr'>cum</span> <span class='ocrx_word' id='word_1_186' title='bbox 1066 2308 1198 2390; x_wconf 88' lang='lat' dir='ltr'>Imperio</span> <span class='ocrx_word' id='word_1_187' title='bbox 1208 2308 1352 2370; x_wconf 85' lang='lat' dir='ltr'>amicitias</span> <span class='ocrx_word' id='word_1_188' title='bbox 1363 2328 1522 2370; x_wconf 79' lang='lat' dir='ltr'>renovare:</span> 
     </span>
     <span class='ocr_line' id='line_1_22' title="bbox 339 2403 1524 2486; baseline 0.001 -22"><span class='ocrx_word' id='word_1_189' title='bbox 339 2403 371 2464; x_wconf 92' lang='lat' dir='ltr'>id</span> <span class='ocrx_word' id='word_1_190' title='bbox 389 2404 470 2485; x_wconf 92' lang='lat' dir='ltr'>quod</span> <span class='ocrx_word' id='word_1_191' title='bbox 488 2403 685 2484; x_wconf 84' lang='lat' dir='ltr'>perlubenter,</span> <span class='ocrx_word' id='word_1_192' title='bbox 704 2425 758 2484; x_wconf 91' lang='lat' dir='ltr'>pro</span> <span class='ocrx_word' id='word_1_193' title='bbox 775 2426 811 2466; x_wconf 91' lang='lat' dir='ltr'>ea</span> <span class='ocrx_word' id='word_1_194' title='bbox 830 2414 951 2486; x_wconf 89' lang='lat' dir='ltr'>quaest</span> <span class='ocrx_word' id='word_1_195' title='bbox 970 2405 1181 2467; x_wconf 82' lang='lat' dir='ltr'>Sereuissimus</span> <span class='ocrx_word' id='word_1_196' title='bbox 1199 2404 1357 2468; x_wconf 84' lang='lat' dir='ltr'>Archidux</span> <span class='ocrx_word' id='word_1_197' title='bbox 1375 2404 1524 2478; x_wconf 85' lang='lat' dir='ltr'>comitate,</span> 
     </span>
     <span class='ocr_line' id='line_1_23' title="bbox 340 2500 1524 2583; baseline 0.001 -24"><span class='ocrx_word' id='word_1_198' title='bbox 340 2500 456 2567; x_wconf 87' lang='lat' dir='ltr'>annuit,</span> <span class='ocrx_word' id='word_1_199' title='bbox 469 2501 608 2580; x_wconf 87' lang='lat' dir='ltr'>misitque</span> <span class='ocrx_word' id='word_1_200' title='bbox 621 2501 674 2580; x_wconf 88' lang='lat' dir='ltr'>qni</span> <span class='ocrx_word' id='word_1_201' title='bbox 688 2521 723 2563; x_wconf 87' lang='lat' dir='ltr'>ea</span> <span class='ocrx_word' id='word_1_202' title='bbox 735 2501 884 2583; x_wconf 87' lang='lat' dir='ltr'>legatione</span> <span class='ocrx_word' id='word_1_203' title='bbox 897 2501 1072 2582; x_wconf 83' lang='lat' dir='ltr'>fungeretur</span> <span class='ocrx_word' id='word_1_204' title='bbox 1085 2500 1239 2563; x_wconf 88' lang='lat' dir='ltr'>Wahlium</span> <span class='ocrx_word' id='word_1_205' title='bbox 1251 2502 1349 2562; x_wconf 81' lang='lat' dir='ltr'>virum</span> <span class='ocrx_word' id='word_1_206' title='bbox 1365 2501 1397 2561; x_wconf 90' lang='lat' dir='ltr'>in</span> <span class='ocrx_word' id='word_1_207' title='bbox 1412 2509 1483 2581; x_wconf 82' lang='lat' dir='ltr'>toga</span> <span class='ocrx_word' id='word_1_208' title='bbox 1495 2509 1524 2560; x_wconf 89' lang='lat' dir='ltr'>et</span> 
     </span>
     <span class='ocr_line' id='line_1_24' title="bbox 340 2594 1522 2676; baseline 0.003 -23"><span class='ocrx_word' id='word_1_209' title='bbox 340 2613 412 2675; x_wconf 87' lang='lat' dir='ltr'>sago</span> <span class='ocrx_word' id='word_1_210' title='bbox 419 2594 475 2654; x_wconf 86' lang='lat' dir='ltr'>sibi</span> <span class='ocrx_word' id='word_1_211' title='bbox 483 2615 600 2676; x_wconf 90' lang='lat' dir='ltr'>semper</span> <span class='ocrx_word' id='word_1_212' title='bbox 608 2596 815 2671; x_wconf 74' lang='lat' dir='ltr'>similem,und</span> <span class='ocrx_word' id='word_1_213' title='bbox 823 2617 893 2658; x_wconf 92' lang='lat' dir='ltr'>cum</span> <span class='ocrx_word' id='word_1_214' title='bbox 901 2617 954 2657; x_wconf 90' lang='lat' dir='ltr'>suo</span> <span class='ocrx_word' id='word_1_215' title='bbox 963 2594 1150 2658; x_wconf 83' lang='lat' dir='ltr'>Cancellario</span> <span class='ocrx_word' id='word_1_216' title='bbox 1157 2597 1181 2658; x_wconf 87' lang='lat' dir='ltr'><strong>J</strong></span> <span class='ocrx_word' id='word_1_217' title='bbox 1182 2617 1276 2658; x_wconf 83' lang='lat' dir='ltr'>oenoe</span> <span class='ocrx_word' id='word_1_218' title='bbox 1283 2596 1522 2670; x_wconf 86' lang='lat' dir='ltr'>Kalehschimdt,</span> 
     </span>
     <span class='ocr_line' id='line_1_25' title="bbox 340 2688 1524 2773; baseline 0.002 -26"><span class='ocrx_word' id='word_1_219' title='bbox 340 2707 415 2768; x_wconf 91' lang='lat' dir='ltr'>quos</span> <span class='ocrx_word' id='word_1_220' title='bbox 433 2688 652 2772; x_wconf 87' lang='lat' dir='ltr'>Lunebnrgius,</span> <span class='ocrx_word' id='word_1_221' title='bbox 665 2711 782 2752; x_wconf 90' lang='lat' dir='ltr'>summa</span> <span class='ocrx_word' id='word_1_222' title='bbox 794 2710 856 2771; x_wconf 90' lang='lat' dir='ltr'>qua</span> <span class='ocrx_word' id='word_1_223' title='bbox 869 2693 964 2772; x_wconf 90' lang='lat' dir='ltr'>potuit</span> <span class='ocrx_word' id='word_1_224' title='bbox 976 2690 1159 2754; x_wconf 86' lang='lat' dir='ltr'>humanitate</span> <span class='ocrx_word' id='word_1_225' title='bbox 1172 2701 1317 2773; x_wconf 81' lang='lat' dir='ltr'>acceptas,</span> <span class='ocrx_word' id='word_1_226' title='bbox 1333 2691 1371 2754; x_wconf 91' lang='lat' dir='ltr'>de</span> <span class='ocrx_word' id='word_1_227' title='bbox 1383 2691 1446 2750; x_wconf 87' lang='lat' dir='ltr'>suis</span> <span class='ocrx_word' id='word_1_228' title='bbox 1455 2710 1524 2750; x_wconf 91' lang='lat' dir='ltr'>con·</span> 
     </span>
     <span class='ocr_line' id='line_1_26' title="bbox 341 2783 1523 2869; baseline 0 -25"><span class='ocrx_word' id='word_1_229' title='bbox 341 2783 416 2844; x_wconf 91' lang='lat' dir='ltr'>siliis</span> <span class='ocrx_word' id='word_1_230' title='bbox 428 2784 559 2846; x_wconf 84' lang='lat' dir='ltr'>edocuit.</span> <span class='ocrx_word' id='word_1_231' title='bbox 581 2784 652 2846; x_wconf 89' lang='lat' dir='ltr'>Non</span> <span class='ocrx_word' id='word_1_232' title='bbox 667 2785 763 2860; x_wconf 90' lang='lat' dir='ltr'>latuit,</span> <span class='ocrx_word' id='word_1_233' title='bbox 777 2785 926 2867; x_wconf 85' lang='lat' dir='ltr'>postulata</span> <span class='ocrx_word' id='word_1_234' title='bbox 938 2786 1002 2848; x_wconf 83' lang='lat' dir='ltr'>haec</span> <span class='ocrx_word' id='word_1_235' title='bbox 1015 2786 1125 2869; x_wconf 83' lang='lat' dir='ltr'>legatio</span> <span class='ocrx_word' id='word_1_236' title='bbox 1139 2787 1198 2867; x_wconf 78' lang='lat' dir='ltr'>quo</span> <span class='ocrx_word' id='word_1_237' title='bbox 1216 2787 1359 2861; x_wconf 85' lang='lat' dir='ltr'>tenderet,</span> <span class='ocrx_word' id='word_1_238' title='bbox 1374 2785 1523 2846; x_wconf 86' lang='lat' dir='ltr'>consoede·</span> 
     </span>
     <span class='ocr_line' id='line_1_27' title="bbox 342 2880 1523 2964; baseline 0 -24"><span class='ocrx_word' id='word_1_239' title='bbox 342 2888 430 2954; x_wconf 84' lang='lat' dir='ltr'>rates,</span> <span class='ocrx_word' id='word_1_240' title='bbox 453 2880 532 2940; x_wconf 91' lang='lat' dir='ltr'>unde</span> <span class='ocrx_word' id='word_1_241' title='bbox 551 2900 611 2941; x_wconf 91' lang='lat' dir='ltr'>non</span> <span class='ocrx_word' id='word_1_242' title='bbox 629 2880 702 2942; x_wconf 88' lang='lat' dir='ltr'>duci</span> <span class='ocrx_word' id='word_1_243' title='bbox 717 2889 846 2958; x_wconf 87' lang='lat' dir='ltr'>tantum,</span> <span class='ocrx_word' id='word_1_244' title='bbox 864 2883 917 2944; x_wconf 89' lang='lat' dir='ltr'>sed</span> <span class='ocrx_word' id='word_1_245' title='bbox 934 2883 1071 2944; x_wconf 87' lang='lat' dir='ltr'>universo</span> <span class='ocrx_word' id='word_1_246' title='bbox 1091 2882 1225 2964; x_wconf 85' lang='lat' dir='ltr'>ejusdem</span> <span class='ocrx_word' id='word_1_247' title='bbox 1242 2882 1332 2943; x_wconf 91' lang='lat' dir='ltr'>militi</span> <span class='ocrx_word' id='word_1_248' title='bbox 1352 2881 1523 2962; x_wconf 77' lang='lat' dir='ltr'>gravissime</span> 
     </span>
     <span class='ocr_line' id='line_1_28' title="bbox 341 2975 1524 3058; baseline 0.002 -22"><span class='ocrx_word' id='word_1_249' title='bbox 341 2986 574 3037; x_wconf 86' lang='lat' dir='ltr'>succensuerunt</span> <span class='ocrx_word' id='word_1_250' title='bbox 587 2975 685 3056; x_wconf 89' lang='lat' dir='ltr'>palam</span> <span class='ocrx_word' id='word_1_251' title='bbox 699 2987 870 3050; x_wconf 90' lang='lat' dir='ltr'>asserentes,</span> <span class='ocrx_word' id='word_1_252' title='bbox 884 2998 915 3039; x_wconf 91' lang='lat' dir='ltr'>se</span> <span class='ocrx_word' id='word_1_253' title='bbox 933 2977 952 3039; x_wconf 78' lang='lat' dir='ltr'>d</span> <span class='ocrx_word' id='word_1_254' title='bbox 968 2978 1046 3039; x_wconf 90' lang='lat' dir='ltr'>duce</span> <span class='ocrx_word' id='word_1_255' title='bbox 1063 2987 1093 3040; x_wconf 92' lang='lat' dir='ltr'>et</span> <span class='ocrx_word' id='word_1_256' title='bbox 1110 2977 1301 3040; x_wconf 86' lang='lat' dir='ltr'>consiliorum</span> <span class='ocrx_word' id='word_1_257' title='bbox 1319 2977 1384 3058; x_wconf 87' lang='lat' dir='ltr'>ejus</span> <span class='ocrx_word' id='word_1_258' title='bbox 1401 2976 1524 3038; x_wconf 86' lang='lat' dir='ltr'>consciis</span> 
     </span>
     <span class='ocr_line' id='line_1_29' title="bbox 342 3071 1522 3155; baseline -0.001 -22"><span class='ocrx_word' id='word_1_259' title='bbox 342 3071 482 3153; x_wconf 86' lang='lat' dir='ltr'>deceptos</span> <span class='ocrx_word' id='word_1_260' title='bbox 491 3073 680 3153; x_wconf 88' lang='lat' dir='ltr'>proditosque</span> <span class='ocrx_word' id='word_1_261' title='bbox 691 3092 764 3147; x_wconf 89' lang='lat' dir='ltr'>esse,</span> <span class='ocrx_word' id='word_1_262' title='bbox 776 3093 812 3134; x_wconf 91' lang='lat' dir='ltr'>ac</span> <span class='ocrx_word' id='word_1_263' title='bbox 820 3073 944 3154; x_wconf 84' lang='lat' dir='ltr'>proinde</span> <span class='ocrx_word' id='word_1_264' title='bbox 955 3094 1053 3154; x_wconf 91' lang='lat' dir='ltr'>nequa</span> <span class='ocrx_word' id='word_1_265' title='bbox 1064 3075 1157 3155; x_wconf 88' lang='lat' dir='ltr'>copiae</span> <span class='ocrx_word' id='word_1_266' title='bbox 1171 3073 1386 3154; x_wconf 81' lang='lat' dir='ltr'>Luneburgiore</span> <span class='ocrx_word' id='word_1_267' title='bbox 1395 3072 1522 3151; x_wconf 85' lang='lat' dir='ltr'>aliquam</span> 
     </span>
     <span class='ocr_line' id='line_1_30' title="bbox 343 3166 1523 3249; baseline 0.001 -23"><span class='ocrx_word' id='word_1_268' title='bbox 343 3166 362 3226; x_wconf 78' lang='lat' dir='ltr'>d</span> <span class='ocrx_word' id='word_1_269' title='bbox 375 3187 406 3226; x_wconf 90' lang='lat' dir='ltr'>se</span> <span class='ocrx_word' id='word_1_270' title='bbox 419 3169 633 3248; x_wconf 83' lang='lat' dir='ltr'>separationem</span> <span class='ocrx_word' id='word_1_271' title='bbox 646 3167 832 3244; x_wconf 88' lang='lat' dir='ltr'>molirentur,</span> <span class='ocrx_word' id='word_1_272' title='bbox 846 3168 1012 3249; x_wconf 86' lang='lat' dir='ltr'>praecipuos</span> <span class='ocrx_word' id='word_1_273' title='bbox 1024 3169 1095 3230; x_wconf 91' lang='lat' dir='ltr'>belli</span> <span class='ocrx_word' id='word_1_274' title='bbox 1110 3169 1202 3230; x_wconf 86' lang='lat' dir='ltr'>duces</span> <span class='ocrx_word' id='word_1_275' title='bbox 1218 3169 1427 3230; x_wconf 86' lang='lat' dir='ltr'>custodiendos</span> <span class='ocrx_word' id='word_1_276' title='bbox 1442 3188 1523 3228; x_wconf 91' lang='lat' dir='ltr'>man·</span> 
     </span>
     <span class='ocr_line' id='line_1_31' title="bbox 344 3261 1369 3347; baseline 0.003 -25"><span class='ocrx_word' id='word_1_277' title='bbox 344 3261 463 3332; x_wconf 89' lang='lat' dir='ltr'>darunt,</span> <span class='ocrx_word' id='word_1_278' title='bbox 477 3263 625 3345; x_wconf 84' lang='lat' dir='ltr'>reliquum</span> <span class='ocrx_word' id='word_1_279' title='bbox 639 3273 738 3324; x_wconf 89' lang='lat' dir='ltr'>autem</span> <span class='ocrx_word' id='word_1_280' title='bbox 752 3265 878 3325; x_wconf 88' lang='lat' dir='ltr'>militem</span> <span class='ocrx_word' id='word_1_281' title='bbox 891 3267 1054 3347; x_wconf 69' lang='lat' dir='ltr'>coegerunt</span> <span class='ocrx_word' id='word_1_282' title='bbox 1066 3263 1085 3326; x_wconf 82' lang='lat' dir='ltr'>t</span> <span class='ocrx_word' id='word_1_283' title='bbox 1098 3284 1129 3326; x_wconf 93' lang='lat' dir='ltr'>se</span> <span class='ocrx_word' id='word_1_284' title='bbox 1142 3284 1180 3325; x_wconf 91' lang='lat' dir='ltr'>ne</span> <span class='ocrx_word' id='word_1_285' title='bbox 1193 3264 1369 3325; x_wconf 86' lang='lat' dir='ltr'>discederet.</span> 
     </span>
    </p>
   </div>
   <div class='ocr_carea' id='block_1_3' title="bbox 346 3354 1523 3731">
    <p class='ocr_par' dir='ltr' id='par_1_4' title="bbox 346 3354 1523 3731">
     <span class='ocr_line' id='line_1_32' title="bbox 386 3354 1523 3441; baseline 0.004 -26"><span class='ocrx_word' id='word_1_286' title='bbox 386 3354 447 3416; x_wconf 81' lang='lat' dir='ltr'>Sed</span> <span class='ocrx_word' id='word_1_287' title='bbox 465 3376 503 3418; x_wconf 91' lang='lat' dir='ltr'>ne</span> <span class='ocrx_word' id='word_1_288' title='bbox 522 3359 616 3420; x_wconf 81' lang='lat' dir='ltr'>multd</span> <span class='ocrx_word' id='word_1_289' title='bbox 635 3370 710 3440; x_wconf 89' lang='lat' dir='ltr'>post,</span> <span class='ocrx_word' id='word_1_290' title='bbox 730 3359 914 3420; x_wconf 88' lang='lat' dir='ltr'>ohsidionem</span> <span class='ocrx_word' id='word_1_291' title='bbox 934 3360 1024 3422; x_wconf 87' lang='lat' dir='ltr'>tantis</span> <span class='ocrx_word' id='word_1_292' title='bbox 1042 3359 1183 3441; x_wconf 89' lang='lat' dir='ltr'>impensis</span> <span class='ocrx_word' id='word_1_293' title='bbox 1199 3369 1376 3440; x_wconf 84' lang='lat' dir='ltr'>susceptam,</span> <span class='ocrx_word' id='word_1_294' title='bbox 1395 3379 1431 3420; x_wconf 91' lang='lat' dir='ltr'>ao</span> <span class='ocrx_word' id='word_1_295' title='bbox 1446 3369 1523 3420; x_wconf 74' lang='lat' dir='ltr'>muto</span> 
     </span>
     <span class='ocr_line' id='line_1_33' title="bbox 346 3451 1522 3538; baseline 0.004 -28"><span class='ocrx_word' id='word_1_296' title='bbox 346 3451 446 3511; x_wconf 87' lang='lat' dir='ltr'>labore</span> <span class='ocrx_word' id='word_1_297' title='bbox 459 3454 660 3516; x_wconf 85' lang='lat' dir='ltr'>continuatam</span> <span class='ocrx_word' id='word_1_298' title='bbox 674 3475 711 3516; x_wconf 84' lang='lat' dir='ltr'>ex</span> <span class='ocrx_word' id='word_1_299' title='bbox 724 3455 885 3535; x_wconf 88' lang='lat' dir='ltr'>improviso</span> <span class='ocrx_word' id='word_1_300' title='bbox 898 3455 1050 3518; x_wconf 83' lang='lat' dir='ltr'>solverunt</span> <span class='ocrx_word' id='word_1_301' title='bbox 1063 3457 1193 3518; x_wconf 89' lang='lat' dir='ltr'>accensis</span> <span class='ocrx_word' id='word_1_302' title='bbox 1203 3457 1285 3538; x_wconf 88' lang='lat' dir='ltr'>prius</span> <span class='ocrx_word' id='word_1_303' title='bbox 1296 3457 1410 3532; x_wconf 88' lang='lat' dir='ltr'>castris,</span> <span class='ocrx_word' id='word_1_304' title='bbox 1421 3455 1522 3517; x_wconf 89' lang='lat' dir='ltr'>dimtis</span> 
     </span>
     <span class='ocr_line' id='line_1_34' title="bbox 346 3546 1521 3634; baseline 0 -24"><span class='ocrx_word' id='word_1_305' title='bbox 346 3546 443 3623; x_wconf 86' lang='lat' dir='ltr'>vallis,</span> <span class='ocrx_word' id='word_1_306' title='bbox 464 3556 494 3609; x_wconf 91' lang='lat' dir='ltr'>et</span> <span class='ocrx_word' id='word_1_307' title='bbox 510 3549 641 3628; x_wconf 81' lang='lat' dir='ltr'>perfosso</span> <span class='ocrx_word' id='word_1_308' title='bbox 658 3570 776 3634; x_wconf 88' lang='lat' dir='ltr'>aggere.</span> <span class='ocrx_word' id='word_1_309' title='bbox 820 3551 897 3612; x_wconf 79' lang='lat' dir='ltr'>Haec</span> <span class='ocrx_word' id='word_1_310' title='bbox 909 3559 944 3612; x_wconf 89' lang='lat' dir='ltr'>ut</span> <span class='ocrx_word' id='word_1_311' title='bbox 965 3552 1040 3614; x_wconf 88' lang='lat' dir='ltr'>vidit</span> <span class='ocrx_word' id='word_1_312' title='bbox 1059 3551 1338 3634; x_wconf 84' lang='lat' dir='ltr'>Rauschenbergius</span> <span class='ocrx_word' id='word_1_313' title='bbox 1357 3553 1433 3612; x_wconf 87' lang='lat' dir='ltr'>serio</span> <span class='ocrx_word' id='word_1_314' title='bbox 1452 3551 1521 3633; x_wconf 86' lang='lat' dir='ltr'>geri,</span> 
     </span>
     <span class='ocr_line' id='line_1_35' title="bbox 347 3645 1522 3731; baseline 0.002 -25"><span class='ocrx_word' id='word_1_315' title='bbox 347 3645 398 3706; x_wconf 83' lang='lat' dir='ltr'>vix</span> <span class='ocrx_word' id='word_1_316' title='bbox 416 3645 477 3706; x_wconf 91' lang='lat' dir='ltr'>suis</span> <span class='ocrx_word' id='word_1_317' title='bbox 495 3645 557 3727; x_wconf 92' lang='lat' dir='ltr'>ipse</span> <span class='ocrx_word' id='word_1_318' title='bbox 574 3646 669 3708; x_wconf 90' lang='lat' dir='ltr'>oculis</span> <span class='ocrx_word' id='word_1_319' title='bbox 687 3647 872 3719; x_wconf 84' lang='lat' dir='ltr'>credidisset,</span> <span class='ocrx_word' id='word_1_320' title='bbox 890 3647 947 3709; x_wconf 88' lang='lat' dir='ltr'>nisi</span> <span class='ocrx_word' id='word_1_321' title='bbox 963 3647 1125 3710; x_wconf 82' lang='lat' dir='ltr'>diminutas</span> <span class='ocrx_word' id='word_1_322' title='bbox 1139 3648 1298 3731; x_wconf 88' lang='lat' dir='ltr'>derepente</span> <span class='ocrx_word' id='word_1_323' title='bbox 1314 3667 1416 3730; x_wconf 88' lang='lat' dir='ltr'>aquas,</span> <span class='ocrx_word' id='word_1_324' title='bbox 1434 3657 1522 3708; x_wconf 74' lang='lat' dir='ltr'>casua</span> 
     </span>
    </p>
   </div>
   <div class='ocr_carea' id='block_1_4' title="bbox 0 0 1625 4700">
    <p class='ocr_par' dir='ltr' id='par_1_5' title="bbox 0 0 1625 4700">
     <span class='ocr_line' id='line_1_36' title="bbox 0 0 1625 4700; baseline 0 0"><span class='ocrx_word' id='word_1_325' title='bbox 0 0 1625 4700; x_wconf 95' lang='lat' dir='ltr'> </span> 
     </span>
    </p>
   </div>
  </div>
 </body>
</html>
