3225 4700
315 316 375 383 166
696 315 1110 385 ITINERARIUM.

312 490 372 551 qne
386 467 525 532 nobilitas
537 469 625 553 nigro
636 468 803 533 holoserico
814 471 961 533 restituet
971 470 1009 531 ab
1023 468 1111 531 Italis
1121 466 1274 530 distincta.
1303 464 1514 527 Helvetorum

316 570 388 629 item
404 566 478 627 Dux
490 586 561 628 cum
576 566 724 648 Megisba
738 566 984 629 Ceremoniarum
1000 584 1062 628 suae
1081 564 1263 627 sanctitatis.
1306 561 1430 624 Dehinc
1446 563 1515 623 duo

313 663 385 743 equi
407 663 556 725 manuarii
581 662 780 725 Illustrissimi
805 662 958 745 Principis
984 683 1054 724 cum
1077 661 1203 744 triginta
1225 660 1245 721 b
1265 658 1393 741 pedibus
1418 659 1517 741 nigro

314 759 481 822 holoserico
492 780 583 822 aurea
595 758 656 821 tela
667 758 799 835 suffulto,
814 758 971 841 aureisque
986 758 1087 820 limbis
1102 757 1263 829 fimbriato,
1283 755 1409 830 indutis,
1429 755 1518 815 sicut

314 866 345 917 at
357 856 467 948 viginti
480 846 609 937 quatuor
623 855 730 938 ephebi
743 854 860 916 nobiles
874 856 939 937 pari
954 855 1068 930 habitu,
1090 854 1146 916 nisi
1164 853 1247 934 quod
1264 852 1386 933 insuper
1403 850 1516 931 pallia,

315 971 406 1014 aurea
418 952 479 1013 tela
491 952 577 1028 fulta,
596 961 756 1036 gestarent.
797 951 874 1014 Post
887 950 941 1013 hos
955 950 1077 1013 tandem
1090 950 1267 1031 sequebatur
1281 948 1344 1029 ipse
1357 946 1514 1027 Princeps

316 1049 434 1111 medius
448 1050 527 1111 inter
542 1048 764 1111 Illustrissimos
778 1047 942 1129 Episcopos
958 1048 1134 1129 Gauzagam
1148 1046 1332 1128 Episcopum
1344 1044 1383 1105 de
1397 1042 1515 1103 Rhodo

316 1155 347 1206 et
361 1144 447 1207 Proti
462 1145 646 1228 Episcopum
658 1142 888 1219 Messinensem,
903 1144 1028 1205 vestitus
1041 1142 1203 1205 holoserico
1216 1142 1304 1226 nigro
1317 1142 1407 1221 bysso
1421 1140 1515 1222 nigra

317 1240 474 1322 elegantur
496 1250 527 1302 et
548 1240 589 1303 nd
614 1249 764 1320 stuporem
788 1240 860 1301 artis
880 1260 937 1301 acu
959 1239 1088 1321 expiato.
1132 1240 1306 1321 Principem
1330 1237 1515 1317 sequebatur

318 1339 409 1400 totius
423 1337 568 1420 triumphi
585 1337 736 1420 particeps
758 1337 832 1399 Dux
852 1338 889 1399 de
911 1336 1041 1400 Ponzolo
1063 1356 1133 1399 cum
1152 1358 1206 1399 suo
1224 1354 1343 1417 quoqne
1359 1332 1514 1395 famulitio

318 1436 379 1498 tela
392 1437 480 1518 nigra
492 1435 626 1517 preciosa
641 1443 672 1496 et
686 1434 773 1497 flavis
789 1435 890 1496 limbis
910 1435 1061 1497 fimbriata
1077 1443 1183 1496 ornato
1200 1444 1231 1495 et
1249 1453 1286 1494 ex
1305 1430 1399 1503 culto,
1417 1429 1514 1491 latera

318 1534 384 1613 ejus
397 1532 548 1611 utrimque
561 1531 752 1593 claudebant.
793 1532 879 1593 Hinc
893 1530 1014 1595 Oaraffa
1029 1532 1195 1614 Episcopus
1208 1530 1246 1592 de
1259 1528 1423 1591 Vulturata
1438 1527 1513 1588 inde

320 1628 473 1689 Antonius
487 1628 627 1690 Marentz
642 1628 810 1710 Episcopus
823 1628 862 1689 de
877 1628 1006 1702 Pedius,
1027 1628 1080 1709 qui
1096 1646 1233 1709 perorare
1246 1625 1372 1687 debebat
1388 1623 1422 1685 in
1439 1642 1513 1685 con-

319 1724 438 1785 sistorio
452 1724 628 1787 Pontificio.
658 1724 807 1806 Pompam
821 1723 968 1787 finiebant
979 1724 1129 1786 innumeri
1143 1722 1269 1785 Proelati
1282 1722 1380 1784 omnis
1392 1721 1513 1783 ordinis

319 1828 349 1881 et
360 1826 463 1896 status,
479 1839 549 1881 cum
563 1820 679 1882 duabus
698 1819 800 1881 rhedis
818 1840 880 1881 una
898 1820 1052 1904 Principis
1066 1840 1127 1883 non
1142 1820 1271 1883 dicendo
1287 1828 1411 1902 sumptu
1426 1838 1512 1880 com·

318 1917 424 1997 posita,
438 1916 586 1998 siquidem
601 1916 668 1977 loco
681 1916 928 1980 ferramentorum
944 1919 1078 1999 adusque
1097 1926 1229 1979 rotarum
1245 1915 1374 1977 laminas
1391 1928 1424 1977 et
1439 1934 1512 1976 axes

318 2015 419 2075 omnia
428 2012 664 2096 argentariorum
673 2033 764 2095 opera
772 2014 934 2076 fabrefacta
943 2024 1036 2076 erant.
1065 2016 1138 2077 Non
1148 2024 1240 2097 tango
1249 2034 1353 2076 aurens
1361 2014 1513 2095 imagines

318 2128 356 2170 ex
366 2110 523 2191 purissimo
535 2129 609 2171 auro
621 2109 693 2173 binc
706 2110 778 2171 inda
791 2110 915 2173 artificis
928 2131 1019 2193 opera
1031 2111 1165 2173 insertas.
1207 2110 1340 2174 Currum
1352 2108 1514 2171 trahebant
1599 2162 1600 2183 ,

206 2195 208 2198 ’
318 2205 427 2267 caballi
444 2207 575 2267 castanei
592 2207 700 2269 coloris
717 2206 936 2289 generosissimi
954 2228 1028 2269 auro
1040 2217 1224 2290 argentoque
1238 2208 1270 2268 in
1288 2207 1377 2289 nigro
1395 2204 1514 2268 holose-
1599 2186 1600 2251 l

318 2301 382 2363 rico
395 2320 510 2385 graves
546 2302 652 2366 Altera
665 2302 759 2365 rheda
771 2303 811 2365 ad
822 2303 941 2366 Ducem
954 2305 992 2368 de
1005 2302 1136 2368 Poznolo
1148 2305 1301 2386 spectabat
1313 2312 1437 2385 eratque
1450 2322 1511 2364 non

319 2400 421 2461 minus
440 2419 530 2480 quam
553 2401 635 2482 prior
655 2400 772 2487 visendi
793 2402 901 2484 operis.
943 2401 1091 2464 Rhadarii
1112 2420 1215 2464 omnes
1236 2401 1324 2484 nigro
1344 2399 1512 2463 holoserico

319 2495 442 2558 suffulto
454 2507 485 2558 et
497 2496 647 2558 fimbriato
660 2517 751 2559 aurea
763 2498 824 2559 tela
837 2498 1000 2582 magnifice
1013 2498 1148 2560 exornati
1160 2507 1254 2560 erant.
1599 2559 1600 2568 ,

360 2592 439 2654 Cum
453 2594 484 2653 in
499 2603 619 2674 pontem
635 2593 667 2654 S.
681 2593 795 2676 Angeli
807 2604 931 2657 ventum
945 2604 1022 2658 esset
1034 2603 1181 2657 tormenta
1193 2595 1306 2676 majora
1316 2613 1401 2655 aenea
1413 2593 1512 2656 mino·

320 2709 426 2771 resque
445 2688 554 2751 fistuloe
572 2689 738 2752 innumerae
753 2711 791 2751 ex
807 2691 928 2753 castello
942 2701 1108 2754 exonerate
1122 2700 1201 2768 sunt,
1221 2691 1299 2754 sicut
1312 2700 1343 2752 et
1358 2691 1511 2772 quidquid
1599 2683 1600 2760 l

321 2786 521 2847 Helvetomm
534 2787 798 2848 armamentarium
814 2787 846 2848 in
860 2787 1008 2850 Vaticano
1021 2789 1168 2850 condebat
1181 2789 1221 2850 ad
1235 2788 1403 2870 ingressum
1418 2787 1510 2848 Prin·
1599 2773 1600 2782 ¹

321 2882 397 2964 cipis
410 2881 599 2965 perstrepuit.
633 2881 672 2942 In
686 2902 756 2944 area
769 2882 926 2945 Pontificii
941 2883 1065 2946 Pallatii
1078 2905 1116 2946 ex
1128 2885 1213 2967 equis
1226 2885 1402 2948 descensum
1414 2895 1461 2946 sat
1475 2905 1510 2946 ac

321 2998 392 3039 mox
404 2979 437 3040 in
450 2979 592 3040 conclave
607 2978 690 3060 regio
703 2979 786 3041 cultu
802 2990 989 3062 apparatum,
1008 2981 1152 3063 tantisper
1168 2981 1257 3057 itum,
1272 2983 1371 3062 quoad
1390 2982 1511 3044 honori·

320 3073 379 3136 fiee
402 3095 472 3136 cnm
494 3074 658 3157 magnifico
681 3075 827 3138 comitatu
848 3075 995 3159 Princeps
1016 3077 1056 3139 ad
1074 3097 1160 3139 suam
1182 3078 1379 3141 Sanctitatem
1399 3079 1512 3142 deduci

320 3179 428 3251 posset.
469 3172 566 3234 Erant
579 3193 648 3234 cum
661 3192 717 3234 sua
730 3173 895 3235 Sanctitate
909 3173 1095 3250 Cardinales,
1108 3174 1348 3257 Arohiepiscopi‚
1365 3176 1511 3258 Episcopi

319 3266 432 3348 aliique
444 3267 595 3331 innumeri
604 3269 663 3330 viri
675 3269 906 3344 honoratissimi,
918 3269 949 3331 in
960 3270 1008 3352 cuj
1013 3291 1047 3332 us
1060 3281 1251 3354 conspectum
1262 3273 1307 3334 uti
1319 3273 1404 3334 venit
1418 3272 1509 3334 Prin-

319 3382 390 3444 ceps
405 3363 438 3424 in
454 3371 564 3426 terram
581 3387 652 3428 mox
670 3386 702 3427 se
719 3365 877 3427 inclinavit
892 3366 932 3426 ad
947 3366 1015 3428 ostii
1028 3365 1131 3443 limen,
1145 3369 1223 3430 sicut
1236 3377 1267 3431 et
1279 3371 1311 3430 in
1324 3371 1510 3432 mediocan-

318 3459 422 3537 clavis,
443 3480 479 3520 ac
498 3463 622 3525 tandem
641 3462 730 3525 etiam
749 3462 790 3523 ad
812 3461 952 3524 thronum
974 3483 1036 3524 suns
1057 3463 1241 3540 Sanctitatis,
1261 3467 1314 3528 ubi
1333 3476 1509 3529 consuetum

318 3558 404 3640 pedis
416 3557 552 3620 osculnm
564 3557 680 3622 libavit.
723 3558 802 3620 Eum
818 3577 909 3639 qaam
922 3559 1052 3640 primum
1065 3560 1129 3642 ipsa
1142 3581 1196 3623 sua
1211 3562 1359 3625 Sanctitas
1371 3563 1505 3644 porrecti

319 3675 410 3718 manu
431 3655 558 3718 elevavit
580 3666 610 3718 et
632 3654 818 3719 serenissimo
842 3656 927 3718 vultu
952 3657 1056 3719 intime
1078 3668 1108 3720 et
1128 3661 1249 3741 paternb
1274 3670 1318 3722 est
1341 3660 1506 3743 complexa.
