3225 4700
496 350 900 420 ITINERARIUM.
1220 354 1279 421 186

75 505 231 569 exultirit
242 506 281 569 ob
293 506 457 569 adventum
470 504 560 588 bajus
572 505 737 588 Principis,
756 525 844 567 nemo
856 504 937 566 enim
950 514 1014 567 erat
1027 505 1080 585 qui
1097 524 1158 567 non
1177 524 1277 588 spera·

75 604 139 664 bat
150 603 268 683 aliquot
279 602 385 665 saltem
401 602 550 664 mensium
561 602 757 684 stipendium,
770 601 825 663 sed
838 620 890 682 spe
904 620 958 663 sua
969 600 1124 664 fraudatus
1139 600 1277 664 efferves-

79 707 209 759 centem
221 698 333 779 gaudio
345 696 480 759 animum
492 717 552 759 non
567 698 631 759 siue
643 698 703 758 bile
716 696 879 759 restrinxit.

128 794 298 856 Bannirius
319 793 440 856 interim
463 791 508 854 nil
530 791 694 875 quidquam
715 793 887 867 feriabatur,
912 792 1090 875 applicando
1112 792 1276 856 exercitum

79 911 179 951 annm
188 890 229 951 ad
241 898 372 952 montem
384 890 511 964 Album,
525 908 646 971 sperans
659 896 773 951 nostros
785 896 868 951 metu
880 889 928 950 sui
941 889 1087 951 exercitus
1099 889 1170 951 inde
1179 888 1276 971 dilap-

82 1008 185 1063 suros,
199 1007 269 1049 enm
285 1006 358 1049 vero
374 995 451 1048 stare
468 985 602 1059 vidisset,
621 986 776 1047 tormentis
788 992 911 1066 quatere
924 994 954 1047 et
968 994 1125 1048 concutere
1138 996 1277 1048 coustan-

84 1083 165 1143 tiam
186 1092 320 1145 nostram
341 1083 458 1157 nititur,
479 1082 534 1144 sed
555 1102 612 1145 nec
636 1092 709 1144 tuno
729 1081 853 1162 quidem
875 1080 1027 1144 tantillum
1050 1082 1176 1164 profecit
1198 1084 1276 1144 inter

78 1178 210 1251 milites,
223 1178 353 1260 amplius
365 1179 445 1240 inter
457 1177 609 1260 Paganos,
626 1177 681 1259 qui
701 1177 759 1240 isto
776 1186 909 1259 tempore
927 1178 1101 1241 catervatim
1115 1178 1155 1239 ad
1172 1176 1276 1239 urbem

84 1275 304 1352 convolarunt3
333 1293 390 1336 nec
411 1273 509 1335 mirus
529 1273 670 1354 cuiquam
689 1273 848 1335 videbatur
867 1272 917 1335 hic
941 1292 1113 1350 concursus,
1135 1274 1276 1355 quoniam

84 1370 223 1432 imbelles
235 1370 434 1453 agricolarum
450 1369 555 1442 animi,
567 1380 614 1431 tot
630 1368 728 1431 modis
744 1370 895 1450 tantisque
912 1369 1128 1433 calamitatibus
1145 1369 1278 1431 enervati

83 1466 179 1527 nimia
191 1487 283 1548 qnam
290 1468 373 1549 juste
386 1466 669 1542 consternabantur3
689 1466 762 1547 ipsis
774 1474 874 1527 tamen
885 1467 968 1546 quies
982 1466 1092 1549 Pragte
1102 1466 1276 1547 neutiquam

83 1570 133 1623 eat
145 1581 298 1637 mnecssa,
311 1560 363 1623 alii
376 1562 501 1623 enimin
516 1562 633 1624 riarum
646 1563 738 1623 daces
751 1570 851 1623 nostro
864 1562 953 1623 militi
967 1562 1204 1645 assignabantur,
1223 1562 1277 1624 alii

84 1658 250 1740 aggeribus
261 1658 418 1741 egerendis
434 1658 664 1739 occupabantur,
682 1656 734 1719 alii
752 1657 792 1719 ad
808 1656 923 1740 lapides
941 1659 1169 1739 comportandos
1186 1658 1277 1721 desti·

84 1754 245 1828 nabantor,
264 1753 317 1815 alii
330 1754 460 1834 denique
477 1774 547 1833 cnm
564 1753 659 1815 milite
676 1753 709 1815 in
727 1762 822 1816 certas
834 1754 974 1816 stationes
987 1753 1086 1829 divisi,
1100 1774 1162 1816 non
1181 1754 1276 1836 poeni·

84 1849 212 1910 tendam
224 1850 291 1911 urbi
302 1869 423 1931 operam
434 1857 539 1912 centn
552 1848 667 1910 bostem
676 1847 870 1912 collocarunt.
900 1849 943 1911 Et
953 1848 1025 1912 licet
1038 1849 1202 1911 Bannirius
1209 1850 1275 1932 jam

83 1953 174 2026 septa
193 1945 323 2007 ferarum
343 1965 397 2007 seu
416 1944 538 2006 hortum
557 1944 732 2025 sylvestrem
754 1946 914 2021 insederat,
935 1945 1056 2027 quando
1076 1954 1176 2007 tamen
1198 1946 1277 2008 vidit

85 2061 182 2103 omne
194 2041 252 2102 sibi
267 2041 308 2102 ad
318 2042 423 2103 urbem
436 2041 599 2104 accedendi
616 2042 789 2123 presidium
801 2062 865 2105 esse
878 2042 1037 2111 succisum,
1055 2040 1210 2103 tormentis
1224 2044 1277 2120 (ne

85 2138 188 2221 gratis
200 2136 313 2200 venisse
329 2138 496 2219 putaretur)
510 2157 573 2199 rem
585 2137 710 2220 aggredi
727 2139 864 2214 tentarit,
878 2140 932 2202 sed
948 2138 993 2201 nil
1004 2137 1077 2201 feeit
1089 2158 1179 2219 quam
1193 2138 1276 2220 qnod

86 2232 259 2295 Prandium
272 2234 457 2314 quorundam
470 2234 654 2309 disturbarit,
668 2233 810 2316 quiquid
823 2234 881 2297 sibi
897 2234 1008 2298 vellent
1025 2233 1198 2297 bellicorum
1215 2244 1275 2296 tor·

83 2337 258 2392 mentorum
271 2329 403 2413 fragores
415 2330 551 2414 agnitum
563 2338 765 2393 aecumerunt
793 2331 929 2393 Tandem
940 2330 1041 2412 itaque
1053 2350 1086 2392 re
1097 2329 1209 2392 infecta
1221 2331 1275 2393 sed

83 2426 262 2507 nequidem
276 2447 309 2488 re
322 2426 385 2489 ulla
396 2427 587 2490 laudabiliter
595 2435 688 2510 gesta,
698 2427 839 2490 abscessit
852 2427 932 2508 Lyto
943 2427 1113 2502 meritinm;
1135 2426 1202 2489 istic
1221 2428 1275 2488 tri·

84 2524 202 2611 partito
212 2523 317 2586 divisit
329 2523 504 2595 exereitum,
517 2542 608 2584 unam
619 2531 733 2604 partem
746 2523 779 2583 iu
791 2523 944 2584 Lusatiam
955 2521 1131 2605 ableganda,
1141 2523 1230 2585 aliem
1241 2523 1274 2585 in

85 2619 229 2680 Silesiam
240 2619 428 2697 destinando,
442 2619 560 2681 tertiam
573 2619 703 2698 deniqne
715 2619 748 2680 in
761 2618 895 2700 partibus
907 2618 1062 2681 Bohemiae
1075 2619 1274 2701 superioribus

87 2715 260 2777 retinendo.

128 2811 232 2873 Rebus
244 2812 287 2873 ita
299 2810 527 2894 procedentibus
541 2811 793 2893 serenissimoque
806 2809 981 2873 Archiduee
989 2813 1055 2894 jam
1067 2817 1212 2893 praesente
1221 2811 1274 2892 qui

85 2907 236 2969 exercitus
248 2927 351 2969 eoram
364 2907 536 2988 susciperet,
550 2907 607 2970 bac
621 2907 775 2970 Gallassus
788 2908 1007 2988 opportunitate
1024 2907 1126 2983 fretus,
1143 2907 1275 2968 Genera·

85 3003 186 3066 latum
205 3024 293 3065 snam
314 3003 429 3066 solenni
449 3024 559 3086 pompa
579 3004 726 3086 deposuit,
746 3023 782 3065 ac
803 3012 905 3084 postea
923 3022 984 3065 uon
1005 3002 1099 3065 multo
1119 3002 1275 3084 interjecto

86 3108 223 3180 tempore
235 3098 383 3161 Viennam
396 3099 527 3160 Austriae
541 3109 586 3160 est
598 3099 756 3181 profectus,
771 3098 824 3160 ubi
837 3118 947 3181 magno
960 3119 1029 3160 cum
1042 3095 1181 3160 honored
1194 3099 1275 3160 lina·

88 3215 232 3256 nnunno
245 3195 312 3256 111.
338 3181 566 3277 'Augustiaimo
579 3195 763 3276 Imperatore
776 3202 876 3255 nostro
890 3203 1029 3275 acceptus
1042 3202 1096 3269 est,
1113 3193 1273 3274 multisque

90 3291 290 3373 dignitatibus
302 3300 334 3353 et
346 3291 433 3353 donis
450 3300 570 3366 auctus3
591 3311 659 3372 quoe
676 3291 740 3372 ipsa
756 3310 826 3352 cum
843 3288 944 3350 debita
959 3289 1151 3352 submissione
1168 3309 1274 3371 aecep-
1388 3303 1391 3310 '

7 3386 9 3405 '
86 3397 167 3461 tans,
177 3386 215 3447 ab
225 3386 429 3449 Invietissimo
438 3386 556 3448 eastre
566 3386 683 3466 copiam
692 3384 748 3446 sibi
759 3383 825 3446 fieri
838 3383 997 3466 postulavit
1005 3386 1135 3448 adeundi
1149 3387 1272 3450 domum

89 3483 289 3544 lauretanam
302 3481 423 3544 Christo
437 3480 587 3543 Servatori
599 3481 754 3542 hominnm
766 3479 943 3556 natalitiam,
956 3489 1085 3562 votoque
1097 3503 1128 3544 se
1142 3483 1209 3544 istie
1222 3503 1274 3544 ex·

87 3577 247 3649 solvendit
267 3597 358 3659 quam
371 3577 538 3658 Imperator
550 3577 608 3659 ipsi
620 3597 680 3638 non
690 3586 831 3659 gravatas
840 3577 993 3638 concessit.
1024 3578 1086 3640 Sub
1096 3577 1159 3640 baee
1168 3579 1273 3640 eadem

88 3693 225 3756 tempora
236 3673 346 3738 Comes
358 3673 549 3738 Hatafeldiaa
561 3693 599 3738 ex
610 3675 733 3737 Ducatu
744 3673 892 3736 Saronico
904 3671 1037 3756 Pragam
1050 3673 1182 3738 revertit.
1204 3673 1273 3746 Quo
1305 3659 1308 3668 ’
