3225 4700
495 348 519 413 1
525 346 801 421 TINERARI
807 352 894 420 UM.
1227 357 1292 424 209

66 686 145 747 Noa
164 688 233 747 Dei
250 688 358 749 Gratia
373 688 494 749 Amulio
508 690 684 751 Elisabetlso
699 691 816 751 Hoeeioe
826 691 1016 770 leedqrceio
1029 712 1066 753 er
1080 694 1201 755 illustri
1214 696 1288 755 Seu·

114 786 219 863 quine
237 784 383 845 Comitum
396 784 625 847 chooienrium
638 796 668 847 et
683 787 1022 867 Menteeuberqeroram,
1039 799 1096 851 etc.
1118 790 1225 853 Viduo.

71 969 367 1125 PRAEMISSA
380 968 565 1051 perhumano
577 978 609 1033 et
622 968 779 1033 favorsbili
797 969 894 1033 salute
909 982 942 1035 et
956 972 1103 1056 propensi
1118 974 1286 1051 voluntate,

162 1068 371 1145 Perilluetres,
387 1066 585 1143 Praencbilee,
593 1066 808 1149 perhonoratoe
819 1066 1019 1131 Doctissimcs
1030 1091 1068 1133 ac
1077 1071 1226 1154 imprimis
1239 1072 1286 1134 di·

70 1166 182 1229 leetoe
195 1166 274 1229 seire
287 1164 437 1240 volumus,
447 1164 560 1227 litteras
573 1172 686 1226 vestrae
701 1163 905 1248 Norimbergi
917 1166 958 1229 ad
969 1187 1025 1229 nos
1038 1168 1135 1241 datae,
1148 1168 1243 1231 serius
1254 1179 1285 1231 et

73 1285 146 1327 non
169 1263 232 1325 uisi
250 1270 357 1345 quarto
375 1261 465 1345 hujus
482 1261 552 1323 stilo
565 1280 644 1323 novo
659 1260 807 1343 Lipetudii
821 1281 876 1324 nce
887 1262 1049 1346 accepisse,
1059 1282 1097 1326 ec
1108 1262 1198 1347 plane
1209 1272 1286 1326 tem·

76 1380 158 1443 pore
177 1380 245 1441 quc
262 1358 520 1423 destinaveramus
538 1378 599 1419 cna
615 1377 686 1419 oum
705 1356 819 1419 dilecto
837 1369 939 1421 cosmo
958 1358 1024 1422 iilic
1042 1360 1083 1423 ad
1100 1359 1285 1423 ordinariam

78 1456 284 1519 residentiam
304 1463 437 1519 nostram
452 1452 614 1536 proficisci,
633 1454 761 1535 ideoque
775 1452 940 1538 hucusque,
958 1455 1016 1519 hcc
1035 1464 1092 1533 est,
1107 1455 1140 1519 in
1152 1456 1284 1519 reditum

79 1564 227 1617 cosmum
246 1573 423 1637 responsum
444 1551 611 1627 distulisse,
633 1550 764 1613 maxime
773 1572 846 1613 curu
864 1554 1064 1616 neceesarium
1075 1554 1285 1637 judicaremus

81 1672 159 1715 cum
172 1650 364 1715 consiliariis
376 1649 485 1711 noscis
495 1668 644 1711 summum
653 1647 784 1711 litteram
794 1658 963 1713 vestrarum
972 1651 1207 1726 communicare,
1217 1670 1286 1732 spe-

83 1769 191 1811 ramus
205 1748 306 1829 itaque
320 1745 496 1807 dilationem
508 1745 641 1827 resporusi
653 1745 746 1808 nostri
759 1745 836 1808 vitio
847 1746 934 1809 nobis
946 1746 1071 1809 minime
1083 1748 1285 1811 tribuendam.

129 1846 175 1907 Et
191 1845 271 1907 sieut
286 1842 373 1905 nobie
392 1862 430 1904 ex
444 1840 576 1924 prelatis
593 1841 711 1919 litteris,
730 1862 802 1904 saus
818 1841 978 1905 laudabilis
996 1842 1123 1905 intentio
1140 1853 1240 1905 vestra
1255 1853 1287 1905 et

87 1942 304 2023 Norimberges
325 1939 446 2001 nomine
467 1936 642 2001 Electcrum
663 1938 746 2001 Sacri
770 1938 901 2001 Romani
923 1939 1049 2022 Imperii
1070 1938 1286 2009 Colleetcrum,

89 2040 221 2120 Sccpue,
234 2046 268 2099 ut
280 2035 395 2099 scilieet
408 2035 487 2097 inter
498 2054 671 2116 supremum
686 2035 813 2116 imperii
821 2046 923 2118 caput,
933 2037 1059 2119 ejusque
1068 2037 1214 2113 membra,
1227 2035 1286 2098 dii·

89 2136 230 2199 ferentiae
249 2142 476 2216 componuntur,
495 2153 531 2195 eu
549 2133 614 2195 siue
633 2132 704 2195 inco
722 2132 878 2197 Gemens
894 2133 1061 2209 sinceritee,
1083 2132 1182 2217 positi
1201 2133 1285 2195 omui

90 2232 281 2296 contentione
293 2250 330 2293 ac
342 2229 520 2304 diffidentia,
534 2230 705 2305 reducetur,
719 2242 810 2311 atque
822 2230 865 2292 ita
875 2230 959 2291 omni
972 2229 1105 2312 posibili
1117 2230 1207 2293 modo
1219 2230 1288 2293 uni·

91 2329 215 2396 versalia
227 2349 287 2412 pax
301 2334 492 2400 restauretur,
503 2326 690 2410 patimimus
700 2325 769 2397 luit,
779 2326 822 2390 ita
833 2337 897 2390 tcto
906 2327 1007 2392 cordis
1015 2327 1125 2391 effectu
1135 2336 1284 2411 optamus,

92 2437 127 2491 nt
141 2429 227 2490 Deus
239 2425 281 2488 ed
296 2445 360 2488 rem
378 2424 455 2487 adeo
471 2421 672 2486 decidentem
687 2431 809 2504 tamque
820 2423 1016 2486 necessariam
1029 2425 1212 2487 uberrimam
1224 2424 1285 2486 ler-

92 2525 193 2608 gietur
205 2523 344 2607 gratim,
354 2529 389 2584 ut
397 2519 519 2582 tandem
527 2519 736 2582 communibus
744 2519 873 2582 rummiis
881 2530 913 2583 et
925 2519 1145 2584 calamitatibus
1156 2529 1286 2604 ponatur

92 2621 210 2696 medua,
223 2639 259 2682 sc
271 2627 357 2680 ene
369 2615 534 2680 Christiani
546 2615 702 2698 sanguinis
714 2615 878 2698 profluviee
890 2617 1022 2693 sistatur,
1030 2639 1067 2681 ac
1080 2619 1208 2682 Sacrum
1222 2617 1287 2680 Rc-

94 2737 216 2780 manum
229 2715 396 2796 Imperium
408 2711 571 2794 aliquando
582 2712 704 2775 taudem
713 2712 754 2775 ad
763 2712 920 2795 pristinam
931 2715 1178 2798 tranquillitatem
1188 2735 1289 2778 rerer·

96 2825 184 2878 tatur.

136 2912 226 2985 Quod
240 2929 313 2973 vere
326 2909 367 2972 ad
384 2927 441 2970 nos
457 2905 588 2968 summor
604 2923 705 2968 coram
725 2906 930 2989 omnipotente
952 2909 1033 2984 Dec,
1051 2919 1082 2972 et
1102 2907 1287 2972 conscientia

99 3019 206 3083 nostra,
224 3027 281 3072 uos
300 3005 475 3088 obligatam,
497 3011 644 3084 quantum
665 3002 789 3084 quidem
810 3002 944 3067 humana
959 3004 1108 3068 industria
1128 3004 1286 3088 permittit,

101 3125 212 3168 summa
227 3123 298 3166 cum
316 3099 476 3186 diligentia
493 3095 658 3176 cooperari,
678 3097 924 3179 quandoquidem
936 3098 1069 3182 graviter
1084 3117 1203 3179 semper
1214 3098 1286 3161 tuli·

100 3223 174 3278 mus,
188 3223 242 3264 use
254 3200 403 3264 nllutenue
416 3197 542 3281 probare
555 3205 607 3258 aut
619 3215 794 3279 promovere
806 3194 1055 3271 desideravimus,
1066 3203 1101 3258 ut
1112 3193 1288 3261 charissima

102 3311 197 3363 nostre
208 3297 314 3360 Patria
327 3293 519 3360 Germanice
536 3293 667 3358 nationis
684 3293 722 3355 ab
740 3291 874 3374 antiquis
890 3291 1024 3354 moribus
1035 3291 1152 3376 legibus
1163 3300 1195 3355 et
1207 3301 1286 3356 statu

103 3397 277 3468 deflecteret,
295 3413 331 3456 ac
350 3390 543 3474 (quodipsum
563 3389 793 3452 Dominaticnes
808 3388 1041 3454 venciensis
1055 3388 1096 3451 ed
1110 3409 1167 3452 nce
1178 3389 1287 3452 litteris

105 3493 236 3576 tangunt)
248 3500 439 3554 externorum
455 3486 635 3570 Principum
649 3486 819 3550 dominatui
836 3485 1043 3568 subjiceretur.
1084 3483 1198 3548 Utrum
1215 3507 1289 3549 vero

105 3591 142 3652 sd
156 3589 208 3662 hoe
221 3587 406 3671 propositum
419 3585 668 3667 promovendum,
684 3583 857 3666 Mogunce
874 3590 1004 3645 tractata
1017 3582 1098 3645 inter
1113 3602 1169 3644 nce
1179 3590 1211 3645 et
1224 3582 1289 3643 Im·

107 3685 238 3768 pen‘alem
252 3683 443 3766 Majestatem
458 3679 628 3765 pacificatio
640 3689 756 3742 tautum
772 3677 913 3762 potuerit,
927 3687 1074 3758 quantum
1087 3677 1204 3739 duobis
1217 3676 1289 3739 iusi-

671 3797 690 3836 ιι
701 3797 720 3836 ιι
