3225 4700
487 320 511 386 1
519 317 807 389 TINERARI
818 317 905 385 ΗΜ.
1258 320 1322 385 407

20 524 62 563 ,-
120 476 223 540 bilitsr
235 475 400 559 praefuisse,
415 483 446 538 et
459 473 641 536 confidimns
654 491 717 533 uon
730 471 948 553 permissurum
961 478 996 534 ut
1008 469 1048 532 ad
1058 470 1208 552 ejusmodi
1219 470 1324 533 munia

120 575 242 658 indigni
262 575 507 655 promoveantur)
527 571 610 632 viros
630 571 736 631 doctos
755 569 876 630 virtutis
897 567 1226 650 studiosos,'imprimis
1249 569 1322 630 vero

122 672 226 734 Deum
240 671 380 732 timentes
393 670 519 752 deligat.
1053 685 1055 691 ’

161 768 243 831 Oum
256 767 329 828 verh
342 767 433 828 etiam
447 787 485 827 ex
497 761 655 826 occasione
670 762 861 844 quorundam
875 777 1048 823 sermonum
1061 763 1173 824 temere
1187 761 1323 844 profuso·

119 887 189 928 rum
207 886 268 925 uon
283 865 326 926 ita
341 863 459 944 pridem
476 861 574 925 coacti
588 859 733 922 fuerimus
748 859 916 922 Dominum
931 859 969 920 de
982 858 1212 922 Chasteauneul'
1225 859 1324 922 officio

120 962 271 1045 sigilliferi
283 961 413 1042 privare,
431 979 561 1041 eumque
582 959 613 1019 in
635 968 766 1018 castrum
789 955 1018 1038 Engolismense
1038 955 1196 1038 ablegare:
1218 956 1323 1037 preaci-

119 1061 232 1142 pimus,
259 1068 294 1120 ut
319 1058 385 1140 ipse
411 1057 525 1118 ibidem
550 1064 695 1129 servetur,
724 1051 824 1136 quoad
852 1073 910 1136 pax
938 1052 1087 1135 generalis
1113 1051 1321 1128 concludatur,

120 1157 246 1238 quando
255 1174 310 1237 pro
323 1154 513 1236 beneplacito
523 1153 651 1235 Regium
662 1162 693 1213 et
700 1152 940 1214 consiliariorum
952 1152 1099 1212 sententia
1109 1151 1134 1212 si
1145 1159 1226 1211 certa
1237 1153 1322 1213 sedes

120 1255 172 1316 vel
186 1255 218 1315 in
235 1254 282 1314 vel
301 1263 387 1314 extra
399 1271 526 1333 regnum
541 1249 695 1331 designari
711 1249 822 1331 poterit
838 1249 868 1309 ln
887 1267 947 1328 quo
960 1267 992 1308 se
1008 1246 1048 1307 ad
1062 1247 1130 1308 dies
1140 1246 1210 1307 vitae
1227 1247 1322 1308 conti·

119 1362 201 1413 neat.
244 1351 429 1411 Mandemus
439 1349 531 1410 etism
544 1356 580 1408 ut
589 1345 722 1408 Ducissa
733 1346 773 1407 de
783 1345 955 1408 chevreuse
966 1345 1004 1404 ob
1013 1343 1193 1425 justissimas
1207 1364 1336 1415 causas„

120 1468 215 1530 regno
229 1447 351 1518 Galliae,
374 1446 527 1527 usquead
547 1444 695 1505 bellorum
715 1443 809 1504 finem
830 1443 941 1505 exalet.
984 1441 1132 1504 Volumus
1150 1463 1268 1524 quoque
1289 1454 1323 1505 nt

119 1564 178 1605 nec
190 1563 265 1625 poce
278 1543 431 1616 conclusa,
446 1543 506 1604 nisi
519 1560 557 1603 er
570 1536 667 1623 gratia
678 1540 807 1622 Reginae
822 1541 853 1600 in
865 1559 991 1622 regnum
1003 1539 1116 1613 redeat,
1127 1541 1176 1601 vel
1186 1541 1212 1602 si
1226 1541 1323 1602 redire

119 1641 286 1723 contingat,
302 1659 341 1700 ne
362 1639 412 1700 vel
428 1657 521 1720 prope
538 1637 641 1700 aulem
660 1637 837 1718 hospitetur.
881 1636 964 1709 Quin
978 1659 1035 1699 nec
1048 1639 1115 1699 aliis
1129 1638 1237 1700 nostris
1251 1640 1322 1699 sub-

119 1738 204 1811 ditis,
219 1738 272 1819 qui
286 1736 366 1798 ultro
378 1757 410 1797 se
426 1736 529 1797 Gallia
538 1734 587 1796 vel
601 1753 639 1794 ex
652 1735 742 1796 certis
757 1734 856 1795 causis
868 1735 1093 1808 submoverunt,
1106 1734 1322 1816 cujuscumque

121 1834 305 1895 conditionis
323 1833 369 1893 illi
389 1832 513 1905 luerint,
531 1833 647 1893 reditus
663 1833 696 1894 in
716 1851 844 1914 regnum
859 1831 921 1892 ullo
938 1833 1029 1892 modo
1049 1833 1248 1913 permittetur,
1263 1834 1322 1894 nisi

121 1951 191 1992 cum
207 1932 279 2012 ipsis
293 1929 429 1990 unanimi
442 1949 590 1991 consensu
603 1929 678 1990 dieti
693 1928 857 1990 consiliarii
872 1929 1077 1990 decernerent.

165 2028 308 2109 Denique
316 2028 460 2108 jubemus
473 2036 508 2088 ut
526 2027 557 2087 in
577 2027 643 2088 hmo
661 2025 764 2086 omnis
776 2035 889 2106 puncta
899 2035 1057 2106 postremas
1071 2025 1244 2097 voluntatis,
1259 2037 1321 2089 tam

120 2124 244 2206 Regina
261 2125 431 2206 gubernans
449 2125 562 2205 conjux
579 2133 691 2198 nostra,
711 2132 742 2184 et
759 2121 892 2184 filiorum
915 2133 1083 2184 nostrorum
1105 2134 1209 2198 mater,
1230 2144 1321 2205 quam

119 2222 214 2283 frater
233 2231 334 2282 noster
352 2220 426 2281 Dux
445 2220 673 2282 Aurelianensis
690 2229 722 2281 et
742 2219 894 2301 principes
913 2219 1077 2302 sanguinis,
1089 2221 1202 2296 huces,
1224 2242 1320 2303 pares,

119 2317 310 2380 mareschalli
327 2328 359 2380 et
376 2317 517 2380 officiales
530 2317 617 2401 regni
631 2317 734 2379 sancte
741 2313 857 2399 jurent,
874 2318 955 2399 quod
973 2318 1074 2379 omnia
1091 2317 1156 2380 hoeo
1169 2319 1291 2381 decreta
1304 2319 1323 2381 a

121 2416 209 2477 nohis
217 2415 480 2498 integerrimafide
491 2413 703 2477 inviolabiliter
712 2434 831 2475 servare
840 2427 870 2476 et
879 2416 1048 2477 executioni
1059 2415 1199 2477 mandare
1209 2417 1322 2478 velint:

121 2514 153 2574 in
172 2532 263 2594 quem
283 2511 374 2573 finem
396 2512 496 2594 primo
513 2532 633 2593 quoque
657 2522 789 2593 tempore
810 2532 864 2593 per
887 2512 974 2593 regni
996 2512 1167 2593 provincias
1189 2514 1323 2596 publica-

122 2612 244 2672 buntur.

164 2708 244 2769 Haeo
262 2708 365 2768 omnia
382 2728 474 2769 manu
492 2718 594 2769 nostra
608 2708 784 2791 scripsimus
801 2720 832 2770 et
846 2709 1060 2772 subscribenda
1078 2710 1144 2771 aliis
1158 2710 1324 2772 communi·

120 2806 258 2867 cavimus
271 2805 480 2886 subscribique
488 2806 634 2887 jussimus
644 2826 697 2887 per
708 2806 860 2889 Reginam
874 2808 1034 2889 conjugem
1048 2817 1190 2879 nostram,
1203 2808 1322 2869 Ducem

120 2902 383 2976 Aurelianensem,
398 2912 429 2962 et
444 2904 636 2963 secretarium
656 2912 761 2977 status,
774 2904 941 2985 sigillisque
958 2904 1142 2965 munivimus
1155 2913 1184 2966 et
1203 2906 1323 2966 robora-

120 3000 221 3062 vimus
232 2999 274 3060 ad
289 2999 436 3059 Sanctum
450 2999 651 3075 Germanum,
665 3020 767 3061 mense
781 3002 894 3083 Aprili,
908 3002 981 3061 anni
1002 3004 1090 3061 1643.
1129 3004 1222 3063 Anno
1236 3002 1324 3085 regui

120 3098 216 3158 nostri
230 3096 386 3177 trigesimo
399 3096 498 3157 tertio.

164 3194 225 3255 His
237 3193 415 3274 subscriptis
426 3202 455 3253 et
468 3214 522 3274 per
534 3193 728 3256 Parlsments
738 3195 908 3277 publicatis,
925 3195 1071 3279 vigesimo
1085 3198 1184 3278 primo
1198 3199 1320 3259 tandem

120 3290 234 3351 mensis
252 3289 369 3371 Aprilis
389 3290 506 3371 Regius
526 3290 674 3372 Princeps
693 3292 920 3375 Primogeuitus
941 3313 994 3354 seu
1008 3294 1179 3376 Delphinus
1193 3294 1322 3357 Parisiis

118 3386 269 3468 baptismo
288 3388 427 3449 admotus
447 3398 503 3449 est.
544 3387 644 3460 Quem
665 3389 733 3451 Rex
753 3404 840 3471 pater
860 3391 898 3453 de
917 3412 971 3453 suo
989 3392 1109 3453 nomine
1131 3392 1321 3455 Ludovicum

118 3482 266 3563 appellari
287 3483 394 3546 voluit.
440 3485 574 3547 Esscro
594 3487 716 3547 lavacro
735 3508 804 3548 cum
826 3500 1020 3570 susceperunt
1041 3490 1163 3551 nomine
1189 3490 1321 3551 Romani

119 3576 281 3640 Pontificis
295 3580 469 3642 Cardinalis
483 3582 668 3660 Macerinus,
682 3604 719 3645 ac
737 3585 859 3647 nomine
880 3585 1099 3667 Hispaniarum
1119 3586 1213 3669 Regis
1231 3586 1321 3647 Prin-

117 3698 189 3760 ceps
203 3678 337 3753 foemius,
351 3680 478 3742 Condoei
492 3684 613 3762 conjux.
