3225 4700
341 341 407 405 370
749 341 1156 412 ITINERARIDM.

342 491 453 554 heimio
469 501 595 568 mortno,
612 493 672 556 ritu
691 495 836 558 militibus
854 507 983 579 recepto,
1001 518 1164 579 appensum
1180 498 1288 570 fuerat,
1305 498 1335 558 in
1352 496 1452 558 frusta
1471 513 1550 555 con-

343 590 481 664 fractum,
501 591 585 652 nullo
608 592 789 674 impellente,
811 595 842 656 in
864 605 972 658 terram
994 597 1119 658 decidit.
1159 597 1252 658 Varie
1273 597 1466 678 explicatum
1491 591 1551 653 fuit

342 696 524 766 portentum,
538 689 672 771 plerique
686 690 758 754 inde
769 693 925 754 sinistrum
938 705 1127 776 sumpserunt
1139 714 1238 755 omen.

384 784 454 845 Non
470 787 574 865 procul
589 786 772 851 Schafbusio
783 791 930 871 oppidum
943 801 998 862 est,
1012 793 1092 873 quod
1106 793 1217 854 accolis
1227 790 1426 860 Schwicium,
1440 807 1503 850 seu
1519 799 1552 846 ut

342 880 394 940 alii
407 880 618 946 Schweitaium
631 885 781 967 appellare
794 897 915 970 recepto
932 889 1054 950 nomine
1072 889 1195 970 placuit,
1210 891 1297 971 cujus
1311 887 1414 950 coloni
1431 885 1549 946 miram

341 976 413 1038 solis
427 977 545 1054 faciem,
560 991 590 1042 et
600 982 710 1064 sapius
725 984 871 1046 variatam
886 985 1091 1060 observarunt,
1105 1007 1141 1047 ac
1156 986 1377 1048 lucidissimum
1390 985 1461 1064 ejus
1476 1002 1548 1042 cor-

342 1092 399 1154 pus
412 1075 525 1137 circulo
534 1078 678 1162 subnigro
688 1091 719 1142 et
729 1080 849 1142 ceruleo
859 1080 959 1143 colore
974 1083 1071 1156 misto,
1085 1085 1227 1146 amictum
1243 1104 1302 1144 non
1315 1082 1381 1143 sine
1395 1079 1547 1162 prodigio

342 1187 531 1252 aspexerunt,
560 1175 693 1238 lunarem
719 1181 791 1240 verb
817 1179 954 1260 spheram
984 1183 1158 1243 omnimoda
1184 1192 1213 1244 et
1239 1179 1404 1262 nigerrima
1434 1177 1546 1258 eclipsi

344 1278 451 1330 tectam
466 1281 615 1334 notarunt.
659 1275 706 1335 Ex
725 1277 806 1338 omni
826 1277 955 1358 denique
970 1279 1039 1340 coeli
1057 1290 1141 1361 parte
1155 1277 1386 1340 circum-vicina
1404 1276 1546 1358 ingentis

343 1367 561 1449 magnitudinis
580 1370 685 1452 globos
707 1385 895 1454 erumpentes
918 1376 949 1436 in
974 1385 1084 1436 terram
1106 1376 1281 1438 decidentes
1305 1374 1461 1444 viderant,
1491 1374 1545 1453 qui

341 1483 445 1525 omnes
457 1465 636 1530 videbantur
648 1481 755 1532 contra
767 1469 885 1551 sylvam
898 1473 1015 1554 nigram
1029 1473 1137 1535 vibrati
1151 1472 1278 1534 evolare.

383 1558 421 1620 In
436 1560 577 1625 Marobia
593 1566 664 1626 item
679 1587 759 1629 nova
771 1587 808 1629 ex
821 1582 905 1650 parte
919 1590 979 1651 qua
993 1569 1024 1632 in
1040 1569 1251 1631 Pomm-aniam
1266 1568 1458 1640 terminatur,
1474 1569 1543 1628 viss

341 1665 386 1717 est
397 1669 463 1718 atra
475 1672 505 1721 et
518 1681 618 1723 crassa
631 1666 725 1726 nubes
737 1666 769 1727 in
783 1675 893 1727 terram
909 1667 1046 1742 decidua,
1061 1687 1130 1749 quae
1144 1668 1196 1727 rix
1215 1677 1323 1728 terram
1338 1665 1496 1746 attingens
1511 1665 1540 1723 in

341 1755 531 1834 grandinem,
546 1760 755 1841 aspicientium
774 1775 905 1846 stupore,
919 1764 1048 1824 resoluta
1062 1774 1117 1836 est,
1131 1784 1166 1825 aa
1180 1785 1250 1825 mox
1267 1763 1369 1846 ignem
1384 1763 1539 1842 concepit,

339 1862 369 1913 et
387 1851 620 1918 luculentissime
638 1860 691 1920 diu
706 1860 894 1941 multumque
912 1861 993 1922 arsit.
1036 1861 1131 1922 Erant
1144 1861 1174 1922 in
1194 1861 1251 1921 ista
1262 1858 1378 1921 vicinia
1390 1869 1538 1940 pastores,

339 1950 403 2031 qui,
423 1971 495 2013 cum
516 1953 569 2014 illo
589 1955 665 2017 fortb
683 1965 819 2038 tempore
834 1979 904 2018 oves
920 1961 937 2019 b
955 1958 1072 2039 pascuis
1091 1959 1215 2020 domum
1229 1957 1422 2030 reducebant,
1438 1957 1455 2016 ὲ
1469 1978 1538 2037 pro-

340 2046 453 2127 pinquo
463 2057 666 2130 portentosum
679 2052 781 2135 ignem
800 2054 992 2136 contemplati
1007 2064 1086 2128 sunt,
1101 2075 1137 2116 ac
1151 2054 1292 2136 pastorali
1307 2055 1393 2135 pedo,
1407 2075 1538 2115 verusne

339 2145 487 2207 aciabus
505 2157 592 2221 esset,
611 2149 728 2211 curiose
745 2151 957 2232 explorarunt:
978 2153 1030 2213 sed
1048 2152 1131 2232 qubd
1148 2153 1266 2235 lignum
1286 2151 1369 2212 nulla
1387 2151 1435 2211 sui
1455 2163 1538 2231 parte

339 2240 497 2303 laederetur
509 2244 689 2324 judicarunt
706 2246 837 2328 speciem
854 2245 969 2306 tantum
990 2245 1069 2328 ignis
1088 2267 1161 2308 ease.
1204 2245 1339 2307 Similem
1354 2245 1536 2326 grandinem

339 2341 769 2424 arguebatetiamagricolase
782 2343 898 2426 inagna
911 2364 974 2418 suo,
989 2343 1061 2405 dum
1076 2342 1222 2405 hordeum
1236 2342 1406 2416 seminaret,
1425 2345 1534 2405 arden·

338 2446 398 2498 tem
412 2440 567 2519 reperisse.
604 2440 747 2503 Oustrino
759 2442 880 2523 scripsit
898 2443 937 2503 sd
952 2461 1005 2502 nos
1020 2440 1192 2503 Colonellus
1204 2440 1388 2523 Dargesrita,
1401 2462 1445 2512 se,
1459 2442 1533 2503 dum

338 2536 395 2596 sub
414 2558 568 2618 vesperam
587 2537 682 2600 animi
700 2539 799 2621 gratia
817 2538 1030 2611 deambularet,
1048 2538 1161 2600 ridisse
1181 2538 1259 2599 coelo
1278 2538 1384 2599 innubi
1404 2538 1481 2599 duos
1504 2540 1533 2599 in

339 2635 504 2695 abnecasse
519 2634 603 2696 velut
619 2636 762 2716 oppositis
773 2636 970 2697 mucronibus
989 2636 1067 2696 inter
1084 2656 1117 2697 se
1132 2636 1344 2716 digladiantes,
1358 2647 1448 2715 atque
1462 2636 1534 2697 inde

339 2750 371 2791 se
386 2730 539 2810 judicium
561 2731 681 2793 lirinum
702 2733 855 2805 formasse,
875 2754 923 2794 eos
941 2733 1023 2794 aliud
1043 2733 1106 2793 istis
1122 2734 1256 2815 partibus
1276 2752 1336 2793 uon
1357 2734 1534 2813 portendere

339 2848 429 2910 quam
443 2828 588 2889 bellorum
602 2838 702 2890 motus
715 2829 945 2904 continuandos,
959 2838 1011 2889 aut
1023 2829 1098 2891 forte
1108 2830 1198 2891 etiam
1212 2828 1243 2889 in
1257 2838 1408 2909 posterum
1422 2848 1532 2911 magno

339 2925 444 3006 patriae
458 2925 538 2985 malo
551 2925 714 3007 augendos.
757 2923 911 2985 Ziethenm
924 2944 1009 2986 nova
1021 2923 1168 2987 Marcbioe
1179 2925 1290 3006 oppido
1302 2924 1422 3005 copiosa
1433 2925 1532 3005 pluvia

339 3023 496 3104 sanguinis
517 3023 640 3096 decidit,
661 3033 691 3084 et
709 3043 769 3083 non
790 3032 898 3083 terram
916 3022 1008 3082 modb
1028 3042 1064 3083 sc
1082 3024 1227 3103 germina,
1250 3022 1304 3082 sed
1324 3032 1422 3083 vestes
1442 3023 1529 3084 etiam

340 3118 497 3179 bominum
510 3118 626 3182 infecit.
663 3108 752 3181 Cum'
763 3119 865 3180 eodem
885 3138 1003 3200 quoque
1018 3118 1161 3180 calvarias
1177 3118 1320 3180 decidisse
1339 3117 1450 3179 ocrrlsti
1464 3140 1529 3200 por·

339 3213 444 3275 hibent
457 3225 553 3289 testes,
563 3236 637 3295 quas
651 3236 721 3276 cum
733 3215 893 3277 lustratum
907 3216 1028 3298 propius
1041 3217 1233 3278 accessissent
1245 3213 1385 3275 audaculi
1395 3216 1527 3277 nonnulli

340 3331 441 3372 rerum
457 3311 665 3392 exploratores,
685 3312 839 3383 uiderunt,
854 3312 998 3374 calvarias
1011 3313 1108 3375 dictas
1122 3314 1155 3372 in
1173 3311 1276 3395 globos
1292 3310 1396 3393 igneos
1407 3332 1526 3373 conver-

339 3428 406 3485 sas;
433 3429 470 3469 cx
485 3408 544 3469 hoc
563 3418 678 3471 ostento
695 3408 748 3469 alii
767 3408 971 3491 profusionem
993 3408 1147 3493 sanguinis
1166 3408 1300 3484 uberem,
1318 3407 1370 3469 alii
1389 3428 1522 3491 magnam

337 3505 546 3567 mortalitatem
560 3506 697 3586 portendi
712 3517 867 3587 putarunt.

378 3603 578 3664 Beritzienses
592 3603 647 3664 sub
661 3614 778 3664 noctem
792 3602 928 3685 pluribus
940 3600 1022 3664 horis
1035 3610 1205 3685 spectarunt
1218 3602 1248 3662 in
1264 3602 1353 3683 plena
1366 3602 1439 3663 luna
1449 3613 1521 3663 tum-

335 3700 405 3760 bam
418 3720 471 3761 seu
485 3698 615 3761 loculum
628 3698 782 3761 funebrem
797 3719 857 3761 nou
872 3699 936 3761 siue
948 3699 1044 3761 multa
1055 3698 1149 3761 animi
1162 3698 1394 3780 perturbatione.
