3225 4700
471 341 874 410 rrrnuessrun.
978 301 980 317 '
1213 346 1277 411 sss

92 490 169 550 tueri
182 490 250 551 istic
262 490 346 567 velit,
360 492 564 569 nihilominus,
577 496 669 577 siqui
682 517 720 558 ex
737 496 797 557 illis
812 496 919 569 forent,
933 497 986 578 qui
999 498 1070 559 inde
1083 500 1213 582 migrare
1227 522 1276 564 co-

90 585 232 665 gitarent,
245 606 316 648 cum
328 588 466 649 omuibus
478 590 710 671 impedimentis,
725 590 836 666 liberis,
846 592 996 668 uxoribus,
1006 596 1146 677 omnique
1159 597 1276 679 suppel-

87 680 199 756 lectile,
219 691 281 743 tam
301 703 386 745 sacra
403 704 493 764 quam
513 684 666 766 prophana
684 685 834 747 liberrime
854 687 994 761 dimittet,
1015 692 1223 772 permittetque
1243 703 1277 755 ut

88 778 168 839 bona
187 800 243 841 sna
259 782 340 841 iutra
356 792 472 843 certum
491 791 608 863 tempus
627 781 804 855 distrahant,
816 781 866 843 vel
886 784 989 845 sinon
1009 788 1123 867 possint
1143 790 1209 869 ipsi,
1222 811 1276 852 suo

87 875 211 937 nomine
232 877 429 953 constituent3
457 878 511 957 qui
530 878 663 941 venduut
679 888 710 939 et
732 889 847 959 partam
869 881 1026 961 pecnmam
1045 903 1165 963 quoquo
1185 889 1275 950 modo

87 973 296 1034 transcribant.

127 1069 208 1133 VII.
230 1070 383 1150 Quotquot
395 1092 434 1132 ex
446 1072 567 1135 urbanis
576 1082 710 1135 recenter
716 1074 837 1135 suerunt
849 1073 939 1154 capu,
948 1092 1001 1134 seu
1013 1073 1214 1155 ecclesiastici,
1224 1100 1277 1142 seu

86 1164 254 1236 saeculares,
266 1166 404 1227 modoad
412 1166 515 1228 urbem
526 1179 670 1250 spectent,
682 1170 747 1231 sino
759 1169 831 1231 litro
844 1169 1042 1246 dimittentur,
1055 1176 1274 1253 quamprimum

86 1258 154 1321 baec
166 1269 254 1341 pacta
265 1262 442 1323 confirmata
450 1264 672 1346 subscriptoque
680 1265 801 1327 fuerint.
842 1264 992 1345 Reliquiae
1001 1286 1120 1347 qnoque
1132 1290 1183 1330 seu
1191 1291 1276 1332 sanc-

86 1364 188 1417 torum
204 1377 280 1433 ossa
294 1357 372 1420 sicut
389 1368 420 1420 et
435 1358 516 1432 libri,
530 1361 647 1441 aliaque
664 1362 785 1441 scripta,
798 1381 867 1441 quae
885 1362 1055 1443 interceptis
1075 1365 1211 1427 curribus
1230 1390 1275 1429 re-

85 1462 173 1532 perta
184 1453 315 1525 fuerunt,
329 1463 475 1535 quantum
485 1452 552 1513 fieri
564 1462 660 1535 potest
672 1454 872 1516 restituentur.

126 1547 226 1609 VIII.
248 1549 388 1611 Ciuitatis
406 1550 575 1633 privilegia,
595 1550 700 1611 electio
716 1550 919 1631 magistratus,
937 1550 1031 1626 curia,
1050 1571 1120 1615 cum
1137 1555 1274 1619 omuibus

85 1648 217 1729 scriptis,
230 1650 428 1727 documentis,
443 1650 612 1726 mobilibus,
627 1650 801 1730 caterbque
819 1648 957 1710 omuibus
978 1647 1055 1708 istuc
1074 1653 1273 1730 spectantibus

85 1745 118 1804 in
132 1766 188 1806 suo
200 1754 279 1807 statu
292 1747 369 1808 eitra
381 1748 526 1809 damnum
540 1747 803 1809 consembuuon.
846 1744 938 1805 Unde
948 1742 1058 1804 anullo
1069 1764 1181 1809 novum
1189 1750 1274 1830 jnra-

84 1850 222 1902 mentum
241 1842 386 1924 exigetur.
428 1843 584 1925 Imprimis
598 1843 670 1905 verb
685 1842 782 1925 judex
803 1841 967 1915 Caesareus,
988 1838 1178 1921 episcopales,
1199 1846 1273 1909 item

85 1936 227 2011 ministri,
241 1958 277 1999 ac
289 1938 430 2001 officiales
447 1940 480 2000 in
499 1959 536 2001 eo
547 1958 608 2020 quo
620 1939 742 2000 suerunt
754 1946 833 1999 statu
846 1935 1107 1998 conservabuntur.
1146 1939 1170 1999 J
1171 1941 1273 2005 udices

86 2033 523 2116 etiamtamCaesareus,quam
532 2034 770 2108 Ecclesiasticus,
779 2032 924 2095 Consules
934 2051 1052 2112 qnoque
1065 2041 1095 2093 et
1107 2032 1273 2109 Senatores,

86 2150 157 2189 cum
170 2130 232 2191 suis
245 2130 383 2192 omuibus
395 2131 482 2193 liberi
494 2130 612 2193 eruntb
625 2130 731 2203 milita,
739 2140 770 2192 et
782 2128 906 2191 militari
920 2130 1082 2205 exactione,
1092 2139 1126 2191 ut
1138 2140 1206 2193 ante
1215 2132 1272 2195 hac

85 2245 214 2305 semper.

129 2321 192 2383 IX.
212 2321 326 2385 Omnes
338 2323 478 2386 officiales
490 2343 526 2385 ac
544 2322 625 2386 ciues
644 2323 723 2386 intra
740 2322 918 2386 domesticos
936 2323 1072 2404 parietes,
1086 2330 1117 2385 et
1135 2324 1166 2386 iu
1181 2325 1272 2388 bono·

87 2437 155 2478 rum
168 2439 291 2480 suorum
303 2421 423 2482 cultura
435 2429 465 2482 ct
476 2420 735 2482 administratione
747 2421 902 2482 indemnes
915 2420 1031 2500 tutique
1043 2429 1142 2482 eruut.

128 2515 170 2576 X.
192 2515 388 2579 Permittetur
400 2516 542 2578 Generali
554 2515 766 2577 Commissario
783 2517 866 2576 utin
883 2534 1004 2596 egressu
1023 2535 1060 2576 ex
1079 2517 1152 2579 urbe
1170 2537 1271 2580 secmn

87 2611 196 2672 educat
208 2611 265 2672 tria
277 2620 423 2674 tormenta
433 2612 550 2687 bellica,
565 2614 656 2692 inque
675 2613 713 2673 iis
730 2611 850 2672 habebit
865 2611 1036 2673 delectum:
1056 2611 1154 2673 eidem
1168 2634 1273 2678 conce·

88 2707 199 2769 deutur
211 2709 335 2771 totidem
349 2709 429 2790 equi,
445 2707 570 2788 quoted
583 2708 799 2788 promovendas
813 2706 964 2768 machinas
977 2719 1065 2769 erunt
1077 2711 1246 2772 necessarii.

128 2803 190 2864 XI.
213 2804 354 2867 Eundem
372 2803 552 2866 Generalem
568 2802 815 2865 commissarium
834 2801 1013 2864 sufficientes
1032 2803 1141 2865 milites
1161 2807 1274 2868 condu-

7 2952 8 2957 ,
87 2909 175 2976 oeut3
197 2901 355 2983 eidemque
370 2902 541 2963 necessarius
557 2900 659 2962 salviae
676 2899 822 2982 guardia,
839 2918 894 2980 pro
912 2899 1095 2961 abducendis
1112 2899 1198 2961 bonis
1213 2902 1274 2963 suis

86 2995 163 3057 citra
176 2997 312 3059 fraudem
324 3007 356 3060 et
368 2998 471 3059 dolum
485 2995 700 3078 permittentur.

131 3092 214 3154 xll.
236 3095 283 3156 Ut
301 3095 366 3156 bac
385 3103 498 3177 puncta
514 3095 616 3158 sancte
643 3100 807 3165 serventur,
828 3091 990 3153 subscribet
1015 3110 1070 3153 sua
1090 3091 1275 3156 Excellentia

86 3191 211 3272 propria
222 3211 325 3264 manu,
338 3200 369 3253 et
381 3191 490 3251 suimet
502 3189 594 3270 sigilli
607 3188 795 3271 oppressione
809 3187 965 3249 roborabit.

128 3294 244 3352 Actum
263 3289 296 3350 in
316 3287 421 3350 Suecis
439 3285 542 3348 eastris
561 3293 630 3346 aute
649 3284 753 3346 urbem
774 3281 1004 3346 Olomucensem
1030 3287 1066 3345 14
1083 3284 1173 3347 Juuii
1195 3305 1274 3348 auno

91 3387 179 3449 1642.
367 3463 416 3543 (L
429 3462 477 3539 Β.)

512 3573 701 3637 honauuus
715 3573 952 3656 Dossusnsopu.

769 3687 820 3767 (L.
832 3683 879 3764 S.)
911 3764 1073 3827 Ausonius
1088 3763 1234 3826 Murrani.
