3225 4700
501 311 899 382 lTINERARIUM.
1235 314 1301 381 405

104 461 108 468 ’
133 464 181 526 Ea
205 471 327 547 propter
346 462 379 526 in
403 465 509 547 primis
531 475 561 528 at
581 476 650 528 ante
672 467 775 529 omnia
794 465 1009 530 confirmamus
1024 476 1061 529 et
1080 476 1145 529 rata
1161 467 1301 530 volumus

94 573 185 643 pacta
201 572 232 624 et
251 563 465 625 conventiones
484 585 555 625 cnm
572 565 784 626 confoederatis
804 565 892 626 nobis
913 565 1022 627 initas:
1055 566 1301 646 quandoquidem

87 661 105 738 j
110 659 270 720 udicamns
284 660 362 720 inter
372 661 525 743 praecipua
537 661 639 724 media
650 662 864 724 conservandae
875 673 905 724 et
915 665 1062 746 augendae
1073 663 1180 725 domus
1192 673 1300 726 nostrae

96 757 176 818 illud
196 777 270 831 esse,
284 766 318 818 ut
337 766 454 818 exteras
474 757 611 820 nationes
631 759 741 819 nostris
755 758 890 820 consiliis
910 760 1087 841 conjunctas
1108 761 1300 834 retineamus,

97 874 183 916 more
195 855 344 936 majorum
364 863 546 930 nostrorum,
560 855 613 937 qui
634 864 705 917 ente
726 876 781 916 nos
800 857 833 917 in
853 856 887 918 id
908 857 997 917 unice
1010 867 1042 918 et
1061 858 1194 919 studiose
1216 858 1302 919 incu-

97 952 239 1012 buerunt.
287 950 522 1013 Minorennibus
542 954 614 1014 vero
636 952 709 1013 filiis
731 952 841 1014 nostris
863 953 978 1014 nullum
1002 955 1092 1015 aliam
1115 955 1303 1016 educationis

97 1053 246 1111 rationem
256 1049 440 1124 ordinamus,
451 1071 541 1131 qnam
550 1072 619 1132 qnae
629 1050 683 1112 fiet
695 1052 752 1112 sub
765 1051 888 1132 optimae
902 1071 963 1112 suae
975 1052 1088 1126 matris,
1102 1051 1303 1114 dilectissimae

98 1147 238 1230 conjugis
262 1157 382 1220 nostrae,
405 1148 490 1221 curi,
510 1169 581 1210 cum
606 1149 749 1210 diuturna
768 1148 954 1230 experientia
975 1149 1083 1211 doceat
1108 1148 1186 1210 fidos
1207 1149 1304 1230 magis

99 1245 278 1306 educatores
291 1255 323 1306 et
337 1245 496 1327 magistros
511 1265 627 1307 morum
645 1245 747 1307 baberi
762 1267 823 1307 non
843 1265 928 1327 posse
942 1247 1032 1328 quam
1051 1267 1111 1315 eoa,
1125 1267 1162 1307 ex
1176 1266 1304 1327 quorum

100 1361 193 1402 carne
213 1349 245 1402 et
257 1342 404 1424 sanguine
421 1341 478 1402 filii
498 1343 703 1426 compaginati
724 1354 806 1404 sunt.
848 1343 966 1415 Quodsi
985 1345 1057 1406 vero
1076 1343 1190 1424 etipsa
1208 1353 1305 1405 mater

100 1437 359 1500 animadverteret
377 1451 447 1520 post
465 1451 600 1501 nostrum
622 1441 736 1503 obitum
757 1461 789 1502 sa
810 1440 892 1502 haud
912 1440 965 1502 diu
986 1439 1219 1522 superfuturum,
1240 1440 1305 1521 ejus

101 1535 272 1615 prudentiae
287 1544 317 1597 et
335 1535 533 1598 sollicitudini
546 1537 745 1619 relinquimus
760 1547 793 1599 ut
811 1536 953 1598 adhibitis
966 1537 1149 1618 prudentum
1167 1535 1306 1597 consilia-

102 1632 217 1693 riorum
226 1632 364 1714 judiciis,
378 1631 453 1694 alios
466 1634 642 1696 educatores
653 1635 818 1696 secundum
831 1655 918 1695 suum
932 1633 1152 1716 beneplacitum
1167 1632 1307 1694 ordinare

101 1728 208 1808 possit.

148 1824 194 1885 Ut
207 1834 308 1886 numm
322 1827 411 1889 nobis
424 1829 620 1892 suavissimus
634 1831 727 1892 frater
738 1843 839 1894 noster
853 1830 927 1892 Dux
938 1829 1165 1892 Aurelianensis
1179 1850 1307 1914 cognos-

104 1931 155 1981 cat
169 1931 303 1982 noenum
317 1923 350 1982 in
363 1943 395 1984 se
408 1923 560 2001 affectum,
576 1947 666 2007 quem
680 1927 709 1988 ei
724 1928 809 1989 nullo
823 1949 882 1989 non
897 1937 1031 2009 tempore
1047 1926 1233 1988 ostendimus
1247 1947 1307 1988 non

104 2019 239 2100 potuisse
255 2019 427 2081 labefactari
441 2031 495 2082 ant
508 2023 570 2084 ulla
582 2032 750 2106 temporum
764 2024 887 2105 injuria,
901 2035 953 2087 aut
966 2024 1222 2086 machinationum
1241 2043 1308 2104 per-

104 2116 189 2192 fidia,
215 2117 425 2179 constituimus
452 2120 550 2200 ipsum
571 2121 757 2182 minorennis
777 2121 873 2203 Regis
894 2130 961 2204 post
984 2131 1120 2182 nostrum
1144 2119 1308 2182 discessum

105 2216 277 2299 generalem
304 2216 407 2278 locum
433 2227 585 2279 tenentem
612 2218 776 2279 universim
799 2238 853 2299 per
880 2238 984 2279 ornnes
1012 2218 1098 2298 regui
1125 2217 1307 2299 provincias,

105 2335 167 2395 qno
182 2313 215 2375 in
229 2313 340 2388 officio,
356 2315 459 2396 quoad
475 2314 542 2376 Rex
556 2315 595 2376 ad
609 2314 728 2397 plenam
744 2325 775 2377 et
791 2313 1017 2398 gubernationis
1031 2333 1170 2397 capacem
1191 2324 1309 2375 temtans

105 2416 273 2498 pertigerit.
315 2414 382 2476 Nec
397 2416 525 2477 obstabit
538 2416 689 2478 ordinatio
701 2416 755 2477 illa
767 2437 858 2498 penes
873 2415 1100 2477 Parlementum
1115 2426 1248 2477 nostrum
1263 2436 1310 2475 as·

106 2524 236 2586 servata,
255 2534 317 2594 qua
332 2533 401 2574 eum
421 2512 585 2575 inhabilem
602 2513 642 2574 od
658 2513 761 2573 omnia
775 2512 944 2574 officiorum
965 2512 1071 2573 munia
1085 2522 1115 2573 et
1128 2512 1310 2595 dignitatum

106 2610 219 2693 gradus
239 2609 365 2672 antehac
384 2610 616 2684 declaravimus,
638 2630 729 2691 quam
750 2609 844 2671 hacce
866 2619 966 2670 nostra
986 2620 1137 2690 postrema
1159 2608 1311 2671 voluntate

106 2708 307 2770 rescindimus
320 2718 350 2769 et
359 2707 560 2769 annullamus.
589 2707 789 2769 Confidentes
799 2706 1024 2790 benignissimae
1035 2706 1128 2788 ipsius
1139 2720 1266 2784 naturas,
1280 2717 1311 2769 et

105 2806 199 2887 regioe
216 2827 253 2866 ex
269 2824 331 2885 qua
343 2817 427 2867 ortus
441 2816 486 2867 est
499 2804 658 2887 prosapiae,
673 2804 759 2866 illum
773 2802 858 2864 nullo
873 2804 962 2864 modo
976 2802 1201 2885 permissurum,
1216 2814 1248 2865 ut
1263 2804 1311 2865 vel

106 2911 214 2962 contra
226 2902 355 2985 Regem,
370 2903 418 2963 vel
435 2902 522 2985 regni
542 2902 623 2984 leges
635 2911 667 2963 et
684 2910 796 2963 statuta
816 2901 982 2982 quidquam
996 2901 1185 2975 admittatur,
1199 2912 1251 2963 aut
1266 2902 1313 2963 in·

107 2997 296 3060 troducatur.
332 2997 533 3059 Declaramns
546 2997 722 3078 insupernt,
738 2997 764 3057 si
777 2997 841 3078 ipse
854 2998 1066 3079 quoquomodo
1076 3008 1312 3060 coutraomnem

107 3113 193 3175 spem
206 3104 339 3156 nostram
354 3095 488 3175 quidque
502 3113 596 3177 regno
610 3095 734 3156 noxium
747 3094 796 3156 vel
811 3095 893 3177 Regi
905 3095 1066 3156 adversum
1077 3093 1311 3165 machinaretur,

107 3189 216 3251 abillo
233 3189 332 3252 officio
350 3200 380 3251 et
400 3191 578 3272 profectura
594 3203 784 3272 quantocyus
804 3202 993 3254 removeatur
1010 3191 1053 3252 uti
1074 3200 1104 3253 et
1125 3191 1312 3272 inpraesenti

109 3308 309 3349 removemus.
352 3287 613 3369 Prohibemusqne
627 3288 767 3349 omnibus
780 3299 810 3350 et
824 3288 951 3371 siugulis
961 3288 1087 3350 subditis
1100 3289 1217 3363 nostris,
1232 3301 1312 3352 uteo

110 3404 193 3455 casu,
215 3404 304 3465 quem
323 3385 424 3465 superi
440 3394 577 3446 avertant
592 3384 651 3465 ipsi
669 3405 859 3467 nequaqnam
877 3394 1012 3467 pareant,
1035 3393 1087 3445 aut
1107 3386 1137 3445 in
1160 3404 1311 3467 quoquam

111 3480 269 3542 adsistant.
305 3479 460 3551 Quantum
475 3480 547 3541 verb
561 3480 601 3541 ad
613 3480 763 3563 Reginam
775 3482 938 3564 conjugem
949 3490 1091 3556 nostram,
1103 3492 1170 3562 post
1184 3493 1311 3543 mortem

112 3586 244 3637 nostram
259 3577 491 3660 gubernaturum
511 3578 652 3657 pertinet,
668 3577 734 3658 ejus
747 3578 852 3638 virtuti
865 3587 896 3638 et
911 3576 1026 3658 pietati,
1040 3596 1129 3657 quam
1148 3577 1311 3638 multorum

111 3693 262 3734 arrnornm
276 3673 496 3735 cohabitatione
510 3672 629 3734 abunde
643 3672 863 3753 exploravimus
872 3673 1064 3735 confidimus.
1102 3674 1178 3735 Eam
1195 3682 1228 3735 ut
1243 3673 1311 3734 Ma-
