3225 4700
484 328 889 397 ITINERARIUM.
1212 335 1275 399 237

85 480 224 555 kentbal,
249 478 438 542 Catbsdralis
465 479 577 543 ibidem
603 480 708 561 templi
732 480 913 542 Canonicus.
954 478 1074 562 Agmeu
1098 478 1279 543 claudebant

44 602 53 611 ·
86 578 213 639 tandem
227 575 482 639 Reverendissimi
497 576 656 657 Principes
668 595 704 637 ac
721 576 849 637 Domini
869 574 1020 637 Praesulee
1033 574 1276 651 Eicbstadianus‚

84 671 328 743 Ratisbonensis,
341 684 371 733 et
380 671 632 752 Campidnucnsis
644 672 677 732 in
692 671 812 753 propria
823 690 958 752 persona.

130 768 177 830 Ut
192 766 283 830 Sacra
296 768 435 831 Cesarea
448 767 594 850 Majcstas
612 767 826 829 Catbedralem
839 768 935 829 sedem
954 767 1197 832 Ratisbonensem
1209 772 1278 833 atti-

85 866 145 947 git,
158 885 230 927 mox
248 863 388 926 thronum
401 874 487 926 extra
499 863 624 925 chorum
638 862 657 925 d
669 863 775 924 dextro
786 862 879 924 latere
896 863 954 945 ipsi
969 875 1179 945 preparatum,
1192 888 1278 931 aure-

84 982 166 1043 aque
185 960 245 1022 tela
260 961 459 1041 undequaque
475 968 661 1031 exornatum,
675 967 706 1020 et
722 959 819 1019 tribus
836 958 856 1019 d
871 967 951 1020 terre
968 961 1111 1043 gradibus
1128 963 1278 1027 clevatum

84 1057 273 1129 conscendit,
286 1066 356 1119 ante
369 1076 460 1137 quern
474 1055 600 1138 Imperii
611 1054 819 1117 haereditarius
833 1053 1052 1117 Marcschallns
1063 1067 1126 1119 toto
1138 1061 1279 1124 sacrificii

83 1158 221 1234 tempore'
233 1154 393 1236 evaginato
406 1172 559 1225 mucrone,
573 1160 608 1213 ut
620 1150 804 1214 consuetudo
816 1150 884 1224 fert,
897 1152 1038 1214 constitit.
1079 1155 1134 1215 Ad
1146 1156 1278 1239 quinque

85 1270 179 1311 som
193 1250 285 1331 pedes
298 1248 377 1311 inira
395 1250 466 1312 suae
486 1248 656 1332 Majestatis
673 1249 827 1322 thronum,
848 1248 1023 1311 subsellium
1041 1250 1125 1313 aliud
1139 1263 1204 1314 crat
1216 1254 1278 1315 dis·

83 1347 218 1433 positum
231 1366 286 1428 pro
303 1347 399 1409 tribus
412 1345 636 1428 Principalibus
653 1344 796 1426 personis,
811 1344 903 1405 rnbro
917 1343 1081 1409 holoserico
1097 1350 1278 1413 circumves-

82 1445 187 1519 titam,
199 1444 231 1504 in
245 1444 327 1524 quod
341 1443 515 1505 Electornm
526 1442 704 1525 Moguntini
717 1450 747 1502 ct
759 1440 948 1503 coloniensis
957 1442 1049 1525 legati
1062 1445 1186 1507 deducti
1198 1459 1277 1511 sunt

83 1540 206 1601 Tertius
229 1539 313 1601 locus
332 1559 387 1621 pro
410 1538 656 1601 Eminentissimo
680 1536 826 1618 Principe
847 1536 986 1601 Eloctcre
1009 1539 1179 1604 Trevirensi
1201 1556 1275 1620 erat,

81 1636 138 1715 qui
158 1634 231 1698 alibi
251 1635 412 1717 impeditus
432 1657 501 1699 cum
519 1636 621 1697 adesse
638 1654 698 1696 non
718 1645 828 1714 posset,
842 1631 1008 1696 holoserico
1021 1635 1208 1719 dependente
1222 1641 1277 1703 ali·

81 1730 267 1811 quantulum
289 1734 454 1815 tegebatur,
475 1752 532 1793 nec
551 1732 595 1792 ita
614 1731 698 1792 sedes
716 1739 750 1791 ut
766 1729 894 1790 aliorum
914 1729 1094 1813 legatorum
1107 1736 1275 1802 videbatur.

86 1829 166 1889 Una
180 1829 300 1891 circiter
312 1830 439 1891 sessione
452 1828 577 1890 inferius
589 1826 682 1890 simili
694 1826 778 1889 cultu
790 1826 916 1888 vestitus
932 1834 997 1889 erut
1009 1827 1093 1891 locus
1104 1852 1199 1913 capax
1212 1856 1277 1918 sep·

84 1936 151 1986 tem
176 1926 299 1986 omniuo
321 1946 523 2008 personarum,
551 1924 582 1985 in
609 1943 669 2004 qno
693 1923 821 2005 primam
843 1923 945 1984 sedem
966 1926 1126 2007 occupavit
1147 1929 1278 2012 legatus

82 2022 277 2097 Austriacus,
294 2023 458 2085 secundam
476 2019 710 2102 Archipraesnlis
731 2018 965 2101 salisburgensis
986 2021 1128 2105 legatus,
1145 2025 1277 2090 Pertinm

81 2118 256 2198 Episcopus
276 2116 517 2193 Einbstadianus,
539 2127 676 2199 quartam
698 2116 866 2199 Episcopus
887 2117 1123 2196 Ratisbonensis‚
1140 2123 1276 2203 quintam

82 2215 255 2296 Episcopus
275 2215 540 2296 campidunensis,
558 2234 661 2276 omnes
681 2222 741 2275 tres
763 2214 889 2295 Imperii
907 2214 1066 2297 Principes
1086 2217 1118 2279 in
1139 2240 1275 2300 persona,

82 2310 208 2373 tandem
223 2310 459 2396 Episcopatuum
475 2311 706 2395 Bambergsnsis
724 2319 754 2373 et
774 2309 1005 2393 Herbipolcnsis
1018 2313 1136 2396 legati,
1148 2338 1275 2399 quorum

82 2408 240 2489 utriusque
256 2409 339 2472 vices
354 2409 512 2492 supplebat
533 2430 610 2471 unus
628 2409 702 2471 voit
723 2408 743 2469 d
763 2407 922 2492 saltzburg
942 2409 1086 2473 Ecclesiae
1106 2412 1277 2496 Imperiulis

86 2509 321 2594 Bambesgensis
331 2512 518 2592 praepositus.

125 2605 253 2668 Recine
267 2607 480 2689 regione‘Suse
494 2608 640 2670 Caesareae
652 2605 822 2687 Mejestatis
837 2605 968 2687 legatus
981 2607 1169 2672 serenissimi
1182 2612 1276 2695 Bojo·

80 2721 151 2762 rum
173 2701 271 2766 Ducis
289 2715 321 2764 et
339 2702 487 2766 Electoris
505 2703 535 2763 in
553 2703 654 2764 locum
672 2703 763 2763 rubro
775 2721 895 2782 quoque
910 2701 1076 2768 holoserico
1089 2717 1227 2770 ornatum
1243 2731 1275 2772 se

84 2798 223 2874 contulit,
237 2799 343 2882 Legati
360 2819 433 2860 vcro
452 2799 716 2861 serenissimorum
736 2798 861 2858 Ducum
875 2808 906 2860 et
919 2799 1093 2863 Electornm
1108 2803 1234 2866 sunnis
1246 2817 1277 2868 et

83 2893 351 2978 Brandsnbnrgici
370 2915 518 2957 suasnon
541 2895 680 2957 adierunt
699 2893 850 2969 stationes,
874 2895 928 2956 sed
949 2917 1039 2978 quam
1061 2898 1193 2980 primum
1214 2901 1277 2963 sua

82 2989 230 3072 Majestas
243 2991 334 3054 limen
348 2992 452 3074 templi
466 2993 630 3067 transierat,
644 3001 837 3067 secesserunt,
847 3001 878 3053 et
889 2993 929 3053 ad
941 2993 1041 3055 locum
1055 3005 1123 3075 post
1135 2995 1275 3059 thronum

81 3086 231 3150 Caesarue
245 3088 414 3169 Mujestatis
426 3099 604 3170 semustum,
613 3111 675 3152 una
688 3109 757 3151 cum
768 3090 884 3152 dnobus
894 3089 917 3151 J
918 3089 1073 3151 nnioribus
1082 3091 1276 3174 Principibus

84 3185 269 3248 Anhaldinis
282 3187 314 3246 in
331 3207 487 3250 scamnum
505 3189 658 3269 quoddam
678 3187 887 3259 consederunt,
905 3195 937 3246 et
954 3187 995 3247 nd
1013 3185 1106 3248 finem
1122 3207 1216 3268 nsque
1229 3211 1276 3252 sa-

83 3281 193 3344 crificii
207 3281 313 3343 Missae
326 3283 425 3344 varim
438 3285 476 3347 de
489 3285 582 3346 variis
595 3285 682 3345 rebus
696 3303 846 3344 sermones
860 3282 1054 3345 miscuerunt.

124 3377 290 3440 Intervallo
310 3379 399 3440 unius
417 3379 551 3441 stationis
570 3379 690 3441 circiter
706 3378 785 3440 inira
805 3379 994 3440 soeeularium
1016 3380 1189 3444 Electornm
1206 3383 1275 3445 Ses-

81 3475 196 3536 sionem
219 3475 353 3556 proxime
374 3477 414 3537 ad
432 3474 615 3538 Catbedram
630 3475 735 3558 templi
758 3477 849 3551 unde,
872 3496 928 3557 pro
949 3477 1091 3538 concione
1109 3478 1171 3540 dici
1188 3479 1274 3553 solet,

83 3571 167 3634 aliud
185 3572 224 3633 ad
243 3569 303 3633 hnc
325 3591 481 3633 scamnum
502 3571 677 3653 dispositum
697 3571 755 3634 fnit
770 3593 825 3655 pro
845 3581 913 3633 octo
932 3572 999 3654 plns
1014 3573 1114 3634 minus
1130 3576 1273 3655 personis,

83 3665 174 3728 simili
195 3686 265 3727 cum
286 3666 488 3748 superioribus
504 3665 647 3728 sedilibus
666 3677 820 3747 apparatu,
843 3668 875 3726 in
895 3668 980 3748 cujus
996 3669 1128 3731 munda
1144 3669 1271 3730 statione
