3225 4700
324 355 389 420 422
734 353 758 419 I
765 352 1052 424 TINERARI
1058 353 1144 420 UM.

1592 547 1593 624 l

322 509 386 571 duo
405 515 554 569 tormenta
576 507 686 569 bellica
700 509 894 592 gubernatori
914 529 1056 573 concessa
1072 510 1104 571 iu
1125 529 1225 572 arcem
1243 509 1368 571 reducta
1386 517 1472 581 suut,
1495 507 1527 568 iu
1592 513 1593 540 ³

323 625 384 687 qua
394 605 545 667 restabant
557 625 609 667 sex
625 604 694 682 alia,
715 605 884 669 fistularum
901 607 1053 669 minorum
1066 609 1103 669 ad
1123 608 1182 669 tria
1194 605 1300 679 millia,
1314 606 1446 690 provisio
1462 605 1528 666 bel-
1592 629 1593 642 ¹

322 701 383 763 lica
396 701 557 762 sufficiens.
596 703 816 766 Incommeatu
830 705 955 787 triginta
968 704 1073 766 farinae
1085 703 1284 784 modiipauis.
1320 703 1455 765 Obtento
1467 701 1527 762 boc

324 809 423 861 castro
438 798 615 861 Hansouius
628 799 668 860 ad
681 801 846 862 exercitum
861 821 931 862 cum
946 802 1008 862 suis
1021 801 1116 881 copiis
1128 801 1160 860 iu
1171 799 1386 862 Pomerauiam
1400 799 1511 860 movit.

358 896 468 957 Mense
492 894 657 957 Decembri
677 895 811 959 Caesarei
832 897 991 959 Sittaviam
1006 896 1164 960 Colonello
1186 896 1379 959 Reichwaldt
1391 906 1527 957 extorse-

323 1001 404 1055 runt.
447 992 512 1053 Hie
528 1013 599 1054 cum
618 992 735 1054 videret
750 1014 781 1055 se
798 995 950 1056 obsessum
970 995 1019 1070 iri,
1038 995 1155 1057 naviter
1172 994 1363 1056 commissam
1383 993 1442 1054 sibi
1465 1003 1524 1052 ste·

321 1091 434 1152 tionem
445 1090 642 1151 communiitt
663 1089 794 1151 evocatis
803 1090 835 1152 in
847 1090 945 1152 lorum
960 1090 1079 1153 civibus
1092 1091 1258 1172 proposuit,
1271 1090 1436 1153 vellentne
1451 1109 1523 1151 cum

321 1186 417 1248 milite
431 1186 616 1267 praesidiario
633 1185 774 1248 obsistere
792 1187 998 1250 obsidentibus
1015 1200 1046 1250 et
1064 1188 1226 1250 defendere
1244 1187 1455 1262 munitionen,
1469 1187 1522 1267 qui

320 1283 432 1345 uberte
451 1281 516 1344 sine
537 1282 715 1364 ambagibus
734 1283 961 1366 responderunt,
977 1285 1009 1346 id
1027 1305 1058 1347 se
1076 1286 1154 1348 citra
1171 1284 1323 1368 flagitium
1343 1284 1442 1344 facere
1459 1303 1522 1344 nou

320 1400 416 1462 posse,
431 1379 674 1461 quandoquidem
688 1379 776 1441 etiam
794 1390 868 1442 tuuc
882 1381 1087 1464 obligarentur
1097 1382 1297 1464 jurejurando
1310 1381 1432 1443 domino
1446 1399 1522 1442 suo:

320 1478 421 1558 qno'ai
435 1475 525 1539 soluti
541 1489 650 1552 essent,
665 1498 724 1539 nou
738 1497 918 1561 magnopere
937 1478 1131 1542 laboraturos.
1174 1479 1246 1541 Hoc
1258 1499 1399 1560 responso
1412 1477 1458 1539 ita
1471 1497 1523 1538 ac·

321 1593 428 1636 census
441 1573 642 1649 Reicbwaldt,
657 1576 822 1636 exarmavit
834 1576 965 1657 primum
978 1577 1070 1646 cives,
1084 1577 1155 1638 dein
1165 1577 1258 1657 jussit
1267 1590 1300 1637 ut
1309 1597 1340 1637 se
1351 1576 1436 1637 domi
1445 1595 1522 1635 cou-

320 1673 461 1750 tinereut,
475 1673 508 1734 ni
526 1673 605 1734 male
619 1673 743 1736 multari
759 1673 882 1748 vellent,
902 1673 993 1736 militi
1012 1675 1084 1736 verb
1101 1694 1155 1736 suo
1175 1672 1320 1756 permisit,
1342 1671 1421 1733 atsi
1442 1672 1522 1734 duos

321 1781 419 1832 tresve
431 1771 514 1832 cives
526 1770 639 1832 alicubi
651 1771 838 1853 conjungere
847 1769 947 1852 capita
957 1771 1072 1833 videret
1080 1769 1178 1852 globis
1190 1789 1241 1831 sos
1249 1768 1341 1830 libere
1352 1769 1520 1851 impeteret.
1592 1755 1593 1844 l

322 1867 374 1930 Ad
388 1877 555 1930 extremum
569 1868 670 1951 coligit
682 1868 772 1929 etiam
785 1866 950 1948 inquilinos
963 1868 1003 1930 ad
1024 1867 1271 1948 comportandam
1288 1885 1409 1948 aquam,
1427 1885 1521 1946 quam

321 1972 426 2026 contre
441 1965 569 2047 injectos
588 1966 674 2047 ignes
691 1965 844 2047 copiosam
863 1964 894 2024 in
915 1975 1055 2047 promptu
1071 1984 1134 2026 esse
1152 1963 1281 2025 volebat.
1323 1961 1455 2024 Obsidio
1474 1963 1521 2022 iu·

320 2061 408 2124 terim
422 2060 655 2123 continuabatur
670 2061 700 2122 iu
716 2061 868 2143 plusculos
882 2062 960 2137 dies,
973 2062 1075 2143 quoad
1090 2063 1213 2123 tandem
1230 2059 1340 2122 obsessi
1354 2059 1522 2122 emiserunt

319 2157 375 2219 aab
393 2157 575 2241 vigesimum
595 2179 708 2219 nonum
730 2157 909 2220 Decembris
928 2160 1005 2221 duos
1025 2157 1242 2221 colonellorum
1260 2157 1364 2220 locum
1383 2168 1521 2219 tenentes
1592 2231 1593 2244 χ

319 2254 374 2336 qui
386 2275 509 2336 quoquo
524 2255 614 2317 modo
632 2255 863 2337 paciscerentur.
907 2255 968 2317 Sed
986 2275 1046 2317 uon
1065 2256 1258 2318 obtinuerunt
1274 2254 1358 2316 alind
1375 2254 1469 2336 quam
1486 2267 1521 2316 nt

319 2352 462 2415 officiales
480 2352 695 2435 egrederentur
713 2352 810 2414 liberi.
853 2353 1020 2435 Gregarius
1034 2354 1106 2416 vero
1124 2352 1209 2415 miles
1223 2353 1344 2415 traditis
1356 2352 1476 2416 vexillis
1488 2364 1521 2415 et
1592 2394 1593 2429 3

319 2450 415 2534 signis
425 2449 612 2531 equestribus
624 2449 763 2511 Cesarea
775 2460 951 2529 sequeretur
964 2444 1101 2532 imperia.

361 2544 432 2605 Nou
446 2541 542 2604 multb
555 2552 625 2603 aute
637 2540 717 2603 banc
726 2541 914 2603 obsidionem
926 2541 1222 2627 Lembergaquoque
1233 2544 1380 2606 Caesareis
1391 2564 1423 2605 se
1433 2543 1518 2606 dedi·

319 2640 416 2715 derat,
429 2638 604 2700 melioribus
616 2637 689 2699 sane
700 2638 792 2719 quim
809 2638 1004 2701 Sittavieuses
1016 2640 1249 2716 conditionibus,
1261 2641 1371 2722 quippe
1381 2640 1434 2722 qui
1445 2661 1516 2702 eum

319 2736 458 2798 omnibus
476 2734 704 2797 solennitatibus
720 2734 900 2797 militaribus
914 2746 982 2817 post
999 2736 1121 2798 tertium
1134 2737 1297 2799 obsidionis
1310 2737 1391 2799 diem
1404 2737 1517 2821 egressi

318 2842 399 2894 sunt.

361 2928 518 2992 Saxonieae
531 2928 604 2990 item
618 2927 713 3009 copie
726 2926 807 2989 circa
820 2927 886 2991 haec
899 2930 1034 3012 temp'ora
1048 2930 1220 2992 Laubeuam
1233 2930 1464 3013 interceperunt,
1479 2952 1515 2993 ac

319 3026 410 3109 paulb
429 3034 497 3107 post
515 3025 604 3087 etiam
621 3024 874 3087 nominatissimus
892 3046 976 3087 orces
997 3025 1151 3109 Saganam
1170 3037 1201 3089 et
1218 3027 1325 3089 Soram
1342 3026 1513 3090 obruerunt.

319 3124 430 3185 Comes
443 3122 580 3184 similiter
596 3123 761 3201 Bruaynus
778 3142 849 3183 cum
864 3122 1021 3185 Colonello
1033 3122 1199 3185 Transcbio
1216 3124 1255 3186 sd
1267 3125 1514 3208 Senlleubergam

318 3220 351 3281 in
366 3219 479 3281 Succos
496 3218 601 3293 morit,
619 3218 788 3299 multosque
805 3218 1010 3281 internecione
1024 3218 1137 3281 delevit
1150 3240 1186 3281 ac
1199 3218 1390 3283 Oolouellum
1410 3220 1514 3283 Oster-

317 3316 385 3399 liug
398 3336 468 3378 eum
478 3326 601 3378 centnm
614 3314 770 3395 sexaginta
782 3315 933 3397 equitibus
944 3316 1070 3377 abduxit
1082 3316 1246 3398 captivum.

360 3414 446 3476 Inter
455 3411 531 3488 hoec,
544 3411 653 3493 passim
663 3411 851 3473 mirabuntur
863 3430 976 3489 omnes,
989 3410 1260 3475 Doretenaohnium
1274 3434 1334 3476 uuu
1349 3414 1463 3478 moveri
1475 3416 1512 3477 ad

319 3508 492 3592 hujusmodi
516 3508 762 3594 expugnationes.
806 3508 869 3581 Qui
891 3508 982 3592 longe
1003 3518 1075 3571 tuuc
1101 3509 1161 3571 alia
1180 3510 1343 3595 cogitabat,
1364 3522 1455 3595 atque
1482 3514 1512 3575 iu
1592 3516 1593 3575 ζ

319 3606 492 3668 Holsatiam
513 3605 692 3667 moliebatur
714 3604 921 3686 irruptionem,
948 3615 979 3667 et
1004 3605 1168 3687 improviso
1190 3608 1272 3669 abiit.
1311 3610 1356 3671 Ac
1384 3610 1511 3691 primum

320 3704 426 3765 Kilam
442 3704 546 3765 urbem
561 3702 678 3765 obsedit
691 3723 751 3784 qua
764 3703 887 3765 obtenta
899 3701 1164 3786 Christiauopolim
1179 3706 1341 3768 exercitum
1359 3708 1513 3790 applicuit,
1592 3724 1593 3761 l
