3225 4700
494 325 904 396 ITINERARIUM.
1246 335 1289 397 65

133 481 217 564 cipes
232 480 386 544 Electores
405 480 524 542 Ducem
544 481 682 544 Saxoniae
696 492 726 544 et
739 482 949 544 Murchionem
963 482 1287 566 Brundenburgensem

133 579 292 640 conclusus
305 577 409 640 uolens
421 577 526 639 volens
539 577 668 640 ratificet
681 588 711 640 et
724 578 892 640 confirmet.

133 675 157 737 J
159 696 213 737 ure
236 674 321 755 quusi
344 693 400 736 suc
419 695 451 735 se
473 673 538 735 hsec
561 683 660 756 petere
682 676 805 756 putabat
829 674 1037 752 Wullensteiu,
1059 696 1115 737 nec
1135 677 1193 737 uisi
1216 697 1286 738 cum

91 771 214 832 summi
235 768 347 852 injurii
369 769 388 830 i
408 768 604 850 Principibus
625 771 718 832 abnui
738 791 824 851 posse
845 772 1001 833 credebat:
1037 773 1113 834 udeu
1134 771 1286 834 hominem

91 867 354 941 fistucsissimum
375 875 406 927 et
422 865 526 948 primm
545 886 608 928 suae
627 867 807 929 conditionis
826 868 1031 929 immemorem
1050 870 1220 952 subripuerat
1238 890 1286 930 su·

93 963 210 1043 perbiu,
229 971 260 1024 ut
280 961 409 1024 militum
426 982 501 1042 quos
517 963 559 1024 ud
579 974 687 1024 nutum
709 983 797 1024 suum
817 964 949 1044 regebat,
972 985 1136 1047 propensus
1156 966 1286 1027 unimus.

95 1059 146 1120 Nc
159 1067 260 1120 umen
273 1059 384 1140 sepius
396 1058 471 1120 dicti
485 1057 644 1140 Principes
658 1058 715 1120 sibi
729 1077 849 1139 quoque
861 1059 1007 1136 deessent,
1020 1081 1076 1122 sus
1090 1061 1180 1122 etium
1198 1070 1287 1142 pects

92 1155 214 1235 scriptis
227 1155 451 1236 consignarunt,
461 1164 493 1216 et
506 1155 543 1216 ud
557 1153 741 1216 Fridiuudioe
751 1153 871 1216 Ducem
884 1156 1095 1230 examinandis,
1107 1156 1286 1218 confirmen-

95 1251 194 1330 dsque
208 1250 362 1312 miseruut.

130 1346 195 1406 His
207 1347 346 1407 omnibus
360 1367 416 1427 pru
427 1366 459 1408 se
472 1356 503 1408 et
515 1368 569 1427 pro
581 1367 654 1428 pecu
666 1346 845 1409 stabiliendis
856 1347 1113 1410 iWullensteinio
1125 1348 1283 1430 propositis

92 1442 225 1524 punctis,
239 1450 270 1504 et
289 1442 427 1504 Sexuuiae
448 1442 530 1504 Duci
550 1442 782 1524 Murchiouique
802 1444 1070 1527 Breudenburgicc
1087 1445 1284 1520 Electurihus,

91 1537 202 1600 oblatis
218 1547 250 1600 et
271 1538 422 1613 discussis,
441 1539 498 1620 ipsi
517 1559 636 1620 quoque
657 1539 817 1621 Principes
833 1539 888 1601 hos
905 1541 946 1602 sd
962 1543 1161 1604 roborandum
1181 1562 1286 1623 pncem

91 1633 238 1696 nticuius
250 1654 288 1696 ex
299 1634 354 1696 sui
366 1644 450 1717 purte
463 1644 687 1717 proposuerunt.

268 1863 402 1930 Saxonis
415 1875 445 1929 et
459 1863 733 1953 Brundcnburgs'ci
749 1863 927 1931 Electorum
936 1863 1108 1951 postulatu.

178 2019 207 2081 1.
231 2019 293 2082 Suu
304 2019 443 2082 Cereres
460 2019 605 2102 Mujestus
622 2039 742 2084 omnum
760 2041 849 2082 suum
868 2019 996 2082 militem
1014 2027 1099 2082 extre
1119 2019 1285 2101 Imperium

132 2117 301 2179 deductum
314 2125 501 2198 quantocyus
514 2117 657 2179 dimittet.
1078 2203 1083 2216 Ι
1238 2182 1241 2186 1

178 2211 227 2273 II.
249 2212 541 2296 Mugdeburgeussm
553 2213 851 2296 Archiepisccputum
865 2234 935 2275 cum
950 2213 1218 2290 Hulberstudieusi,
1228 2235 1285 2276 nec

134 2329 192 2391 prs
202 2329 247 2384 se,
262 2329 318 2373 uec
332 2331 386 2393 pro
400 2310 593 2373 Sereuissimo
607 2309 671 2372 filio
683 2331 737 2373 suo
750 2331 882 2393 unquam
896 2319 1020 2393 repetet.

177 2406 246 2469 111.
269 2407 346 2491 Ligu
366 2408 524 2471 Catholicu
546 2407 626 2489 Regi
651 2408 779 2482 Sueciae,
800 2408 850 2470 vel
871 2408 969 2489 potius
988 2406 1078 2468 militi
1098 2408 1163 2490 ejus
1182 2427 1286 2469 omnes

131 2512 272 2585 sumptus
288 2503 345 2565 hoc
364 2504 442 2565 bello
461 2503 609 2584 impensos
628 2503 734 2581 solvet,
757 2524 793 2565 uc
817 2505 902 2566 bonis
919 2504 1026 2565 mediis
1042 2504 1175 2566 udducut
1191 2512 1227 2565 ut
1247 2524 1284 2564 er

133 2600 270 2682 Imperio
282 2600 416 2663 conteuti
429 2602 510 2663 unde
522 2609 666 2661 venerunt
679 2609 875 2663 revertuntur.

176 2696 235 2757 IV.
257 2697 281 2759 J
282 2698 390 2759 esuitus
404 2717 518 2770 omues,
531 2706 562 2759 et
574 2696 593 2757 i
607 2695 755 2773 Concilio,
771 2707 850 2758 etex
866 2697 999 2779 Imperio
1011 2704 1157 2758 amoveat.

175 2792 215 2853 V.
238 2793 302 2854 Pro
322 2794 488 2875 sumptibus
506 2793 537 2854 iu
557 2792 635 2855 bellu
654 2793 804 2873 praeterite
827 2793 895 2854 iss
913 2793 1066 2875 impensis,
1086 2802 1117 2854 et
1138 2794 1249 2855 damno
1267 2793 1285 2854 i

133 2890 322 2951 Caesureeuis
339 2890 433 2972 copiis
452 2890 576 2952 ducatui
596 2909 651 2951 suo
672 2888 762 2951 illutis
783 2888 881 2969 (quod
901 2890 982 2952 idem
1000 2909 1056 2970 pru
1074 2888 1286 2951 Murchicuutu

132 3008 189 3049 suo
214 2986 333 3066 petehut
358 2986 660 3069 Bruudeuburgicus)
687 2983 855 3066 Imperetur
880 2986 1000 3066 utrique
1026 2994 1118 3045 totum
1147 2984 1285 3047 Silesium

134 3083 260 3166 pendet.

175 3178 236 3242 VI.
260 3178 441 3241 libertatem
454 3178 607 3261 religionis
620 3178 730 3259 ubique
744 3178 907 3259 permittet.

170 3275 251 3339 VII.
273 3276 336 3337 Pru
349 3284 418 3337 octo
431 3274 496 3337 suri
510 3274 599 3348 nnsis,
607 3294 674 3355 quae
686 3294 740 3336 suu
749 3273 889 3335 Oeenses
897 3273 1041 3353 Mujestus
1052 3274 1189 3336 &nonin
1201 3274 1285 3336 Duci

133 3375 224 3436 debet
235 3372 418 3453 superiorem
436 3381 467 3433 et
482 3370 653 3432 inferiorem
675 3371 872 3446 Luusnitium‚
885 3380 917 3431 et
931 3370 1088 3432 dimidium
1107 3370 1208 3451 Regni
1222 3372 1285 3433 Bu-

131 3471 243 3532 hemici
257 3478 372 3551 purtem
386 3467 605 3529 hereditariam
620 3466 805 3529 mnscribnt.

173 3565 273 3627 VIII.
296 3565 444 3626 Electoris
469 3563 603 3625 Palatini
630 3563 873 3645 Primogeuitum
898 3561 1111 3646 Heidelbergoe
1136 3561 1283 3624 restituet.

132 3664 188 3726 Ad
200 3662 277 3737 huc,
290 3662 317 3723 si
330 3670 436 3723 renuet
450 3660 629 3744 Imperator,
641 3659 716 3721 Dux
730 3658 916 3721 Fridlundioe
928 3658 1079 3721 Ctesurem
1091 3668 1190 3740 coget.
