3225 4700
498 324 909 400 ITINERARIUM.
1239 339 1303 403 227

99 489 139 531 ac
154 469 186 531 in
201 470 341 534 tutiorem
349 482 513 539 marorum
523 476 624 541 locum
632 480 749 545 delatm
762 489 818 544 est.
853 480 999 547 Baithana
1008 482 1157 562 militaris,
1167 485 1299 569 gladius,

99 575 142 635 et,
151 586 237 629 mma
253 568 379 651 reliqua,
394 591 455 633 nna
472 592 543 635 cum
559 576 792 659 elegantioribus
804 577 936 640 vestibus
947 580 1014 660 jam
1026 579 1085 662 ipsi
1097 583 1136 645 ab
1150 582 1299 665 Hispania

98 670 237 725 extructa
253 665 428 748 sublataque
443 679 538 731 arant.
580 672 666 734 Hinc
682 693 754 735 mox
767 692 849 735 curae
867 674 1053 739 medicorum
1070 680 1297 742 commendatus

98 768 157 836 est,
171 761 226 842 qui
245 760 317 824 licet
336 763 484 827 indefesso
501 766 603 829 laboro
620 772 836 851 conspirarent,
849 789 889 831 ex
905 770 997 833 dictis
1010 781 1109 838 umen
1123 777 1298 839 vulneribus

99 860 251 942 respirare
268 862 443 944 neutiquam
461 884 557 946 posse,
570 863 663 927 libem
681 866 789 947 profati
802 874 886 937 sunt,
901 867 1034 932 maxima
1045 890 1116 933 cnm
1129 882 1190 935 tres
1205 882 1296 935 mata

97 955 184 1019 circa
196 957 284 1034 latus,
298 958 475 1041 spinamque
488 960 570 1023 dorsi
585 980 623 1023 ax
640 980 786 1043 equorum
805 960 863 1024 bac
879 960 950 1025 illac
963 964 1197 1029 discurrentium
1210 968 1296 1030 oolli-

97 1054 186 1117 siune
204 1074 240 1117 ac
256 1056 484 1119 conculcatione
500 1056 629 1141 diruptae
644 1066 745 1121 essent
760 1058 843 1121 unda
857 1058 952 1121 riam
967 1059 1036 1125 istic
1053 1083 1164 1144 ponere
1180 1065 1296 1127 debuit.

97 1150 201 1214 Fratri
215 1154 279 1234 ejus
292 1152 405 1217 couniti
418 1152 572 1217 Fridarico
586 1152 742 1217 Gulielmo
755 1174 833 1217 unns
850 1153 987 1237 alarque
1002 1156 1123 1238 gladius
1137 1159 1212 1221 dum
1228 1181 1292 1223 rem

96 1248 202 1311 casim
214 1249 351 1331 punctim
365 1249 430 1332 agit
442 1250 570 1325 fortiter,
584 1249 675 1312 hebes
687 1250 864 1333 inutilisque
875 1251 1012 1315 redditus
1024 1262 1079 1329 est,
1092 1254 1158 1317 sine
1166 1254 1291 1318 vulnere

97 1354 200 1407 tamen
214 1344 313 1407 minus
327 1346 544 1427 incolumisque
557 1345 662 1409 evasit.

137 1442 186 1504 Ut
198 1462 272 1525 ergo
286 1442 364 1505 vidit
378 1442 525 1525 Princeps
538 1442 690 1505 Auriacus
703 1441 760 1505 lroc
774 1443 841 1505 loco
857 1445 922 1508 sine
938 1446 1166 1530 incomparabili
1184 1449 1291 1531 praci-

94 1558 225 1621 puornm
239 1558 361 1601 suorum
375 1538 506 1601 militnm
519 1539 631 1601 damno
644 1538 719 1601 nibil
737 1539 844 1621 profici
860 1562 955 1624 posse,
971 1544 1125 1625 Hispanos
1137 1554 1239 1607 antam
1251 1565 1290 1607 ox

92 1632 237 1697 fortalitio
256 1635 280 1697 J
281 1634 396 1697 anstein
416 1654 453 1697 ac
467 1636 534 1718 ipsa
553 1636 626 1699 urbo
643 1635 787 1698 contiuud
805 1639 1033 1719 grandinatione
1049 1640 1196 1721 plumbeae
1212 1650 1287 1703 torn·

93 1730 218 1813 pestetis
230 1730 289 1792 sibi
302 1732 406 1793 damni
419 1731 583 1813 plurimum
597 1732 717 1808 inferre,
733 1733 787 1795 sub
801 1733 951 1797 decimam
964 1735 1062 1797 noctis
1075 1735 1181 1797 horam
1197 1737 1289 1800 forta·

92 1828 195 1889 litium
212 1827 331 1889 Sancta
345 1821 456 1905 hura,
479 1828 627 1891 universis
647 1828 778 1891 militum
798 1829 958 1911 tuguriolis
976 1829 1055 1892 male
1075 1831 1239 1893 materiatis
1256 1843 1287 1896 et

93 1934 208 1987 temere
230 1945 267 1987 ex
292 1926 432 1987 arborum
454 1927 610 1989 frondibus
633 1928 791 2004 contextis,
816 1936 850 1989 ut
875 1935 906 1991 et
929 1925 1126 1989 Nassouiensi
1148 1926 1288 1991 fortalitio

91 2022 245 2083 succensis
260 2022 401 2096 deservit,
423 2023 615 2106 Bergamque
630 2032 754 2085 suamet
772 2022 869 2086 cladis
888 2044 925 2085 ac
946 2022 1153 2105 turpitudinis,
1175 2022 1287 2105 Hispa-

91 2138 204 2179 norum
217 2138 287 2179 vero
300 2118 443 2181 animosae
456 2118 641 2182 fortitudinis
655 2119 783 2181 nuncius
797 2119 815 2179 ὲ
828 2117 957 2202 vestigio
970 2117 1117 2180 discessit.

135 2216 186 2275 Ex
209 2214 433 2277 Hollandorum
455 2215 590 2297 partibus
613 2224 742 2277 mortem
762 2215 820 2277 hac
844 2214 947 2298 pugni
970 2214 1161 2295 oppetierunt
1184 2213 1288 2296 Major

93 2310 210 2388 Keller,
225 2311 407 2395 capitaneus
419 2312 566 2388 Alberda,
580 2312 763 2395 capitaneus
777 2312 893 2388 wala,
907 2310 1080 2375 Colonellus
1092 2311 1285 2391 Marckuita,

91 2407 275 2491 cnpitaneus
295 2410 333 2471 de
354 2410 471 2487 Herm,
495 2409 663 2472 Praelectus
683 2409 820 2491 equitum
838 2407 1095 2489 Kranckenburg‚
1118 2408 1285 2472 Praefectus

90 2505 228 2588 equitnm
247 2505 410 2582 Bclswein‚
425 2507 537 2588 aliique
554 2505 677 2590 plurimi
693 2504 842 2568 inferioris
857 2503 1038 2566 conditionis
1055 2503 1196 2566 officiales
1212 2525 1282 2567 cum

89 2602 317 2685 quadringentis
330 2602 450 2665 circiter
463 2602 608 2666 militibus
619 2602 730 2684 partim
744 2601 895 2683 peditibus
908 2600 1018 2682 partim
1031 2600 1191 2682 equitibus.

129 2697 287 2762 vulnerati
308 2719 381 2761 uero
396 2699 506 2762 Comes
525 2699 679 2762 Henricus
695 2697 862 2760 Casirnirus
884 2697 989 2760 Prista
1011 2697 1214 2774 Gubernator,
1229 2700 1283 2781 qui

88 2816 150 2858 non
163 2795 258 2857 multo
270 2805 349 2877 post,
362 2815 400 2858 ex
413 2795 587 2858 vulneribus
600 2801 750 2876 (utsupra
762 2794 891 2869 dictum)
905 2793 1096 2878 Mittelburgi
1114 2795 1282 2858 Seelandiar

87 2893 190 2954 virere
203 2892 303 2968 desiit,
315 2892 499 2974 capitaneus
506 2893 585 2954 'item
599 2890 724 2968 Mullcr,
739 2888 924 2972 capitaneus
934 2890 1038 2953 Gulau
1050 2900 1176 2972 uterque
1188 2891 1283 2954 letha·

86 2989 156 3052 liter
185 2989 369 3066 uulneratus,
398 2989 582 3071 capitaneus
610 2987 842 3063 Hardebroeck,
870 2986 1046 3050 colonellas
1074 2988 1281 3052 locumteneus

42 3135 54 3160 ,
87 3085 229 3160 Poimen,
253 3085 379 3168 signifer
398 3084 557 3168 Capitanei
580 3083 734 3157 Groiinde,
758 3082 925 3146 Praefectus
947 3085 1082 3164 equiturn
1108 3084 1219 3167 Wargo
1238 3085 1280 3148 ad

85 3191 214 3244 mortem
224 3201 317 3262 usque
325 3181 483 3258 sauciatus,
493 3179 665 3243 colonellas
672 3179 808 3260 equiturn
818 3179 866 3241 La
873 3179 978 3252 Foroe,
987 3179 1136 3264 Magister
1143 3182 1279 3264 equiturn

86 3279 180 3341 Porta
192 3299 265 3340 curn
278 3299 332 3341 suo
344 3277 523 3341 vexillifero.

124 3375 217 3457 Capti
229 3376 359 3458 denique
373 3395 427 3438 seu
445 3374 557 3456 perditi
571 3373 753 3455 capitaneus
767 3373 946 3456 Wagcman,
959 3382 992 3436 at
1004 3371 1188 3455 capitaneus
1201 3376 1280 3439 Ien-

82 3473 218 3549 terbacb,
236 3493 364 3554 quorum
380 3481 507 3554 uterque
528 3471 619 3534 etiam
638 3490 721 3532 nuno
740 3469 926 3532 desideratur
946 3469 1119 3533 colonellus
1140 3471 1281 3556 cooring

83 3569 217 3632 wcundo
230 3578 344 3650 captus.
385 3567 498 3632 comiti
513 3566 670 3630 Priderico
680 3565 847 3642 Gulielmo,
857 3565 985 3629 Comitis
995 3567 1127 3630 Heurici
1136 3568 1280 3632 casimiri

84 3665 240 3728 Germano
250 3664 338 3728 fratri
350 3664 412 3728 duc
425 3663 496 3745 equi
505 3662 617 3745 quibus
629 3662 763 3726 insidens
774 3661 902 3724 militem
920 3663 962 3725 ad
976 3683 1110 3746 pugnam
1124 3663 1278 3726 animabat
