3225 4700
313 336 377 399 236
710 325 1114 395 ITINERARIUM.

315 482 472 566 perialium
485 482 602 543 urbium
616 480 758 563 delegati,
771 499 806 540 au
821 478 898 541 iuter
910 478 963 540 bos
976 478 1128 541 variomm
1141 478 1263 560 Regum
1276 497 1312 537 au
1325 475 1514 557 Principum

314 580 347 641 in
364 577 562 659 Imperatoria
578 576 647 639 aula
664 576 784 637 stabiles
797 574 950 648 Oratores,
969 595 1022 637 seu
1039 575 1185 657 Agentes,
1205 584 1258 636 aut
1271 573 1512 635 Procuratorem

316 695 392 756 quos
405 673 592 755 excipiebant
606 672 681 733 varii
700 672 836 744 Praeluti,
850 671 985 733 Comites
995 658 1034 733 ac
1048 671 1186 745 Domini,
1205 680 1235 732 et
1253 690 1323 732 oum
1339 669 1387 730 his
1399 670 1516 730 absen-

316 772 393 832 tium
414 770 570 851 Deputati,
590 780 624 830 ut
641 777 672 830 et
690 768 796 850 legati
813 776 874 829 tam
896 766 1175 829 Ecclesiastiuorum
1194 787 1286 848 quam
1307 764 1516 827 Sucularium

318 866 443 947 Imperii
457 866 648 946 Principum,
664 864 734 925 Suae
747 882 868 944 quoque
882 862 1035 945 Maiestati
1056 864 1075 926 a
1091 863 1220 925 Secretis
1236 874 1268 925 et
1285 862 1406 926 Aulicis
1421 862 1515 925 Con-

315 960 401 1037 siliis,
416 960 564 1023 Officiarii
575 961 649 1021 item
667 970 697 1022 et
710 960 899 1023 Cubicularii
916 981 987 1022 oum
1000 960 1119 1042 copiosa
1136 960 1227 1022 varioe
1242 959 1415 1022 Nobilitatis
1427 956 1516 1019 mul-

316 1057 455 1132 titudine,
470 1058 581 1137 absque
591 1056 674 1119 omui
686 1066 823 1137 respectu
831 1056 947 1118 ordinis
956 1067 987 1118 et
1000 1076 1204 1137 personarum.
1239 1056 1360 1117 Horum
1368 1055 1515 1116 omnium

315 1156 442 1239 vestigia
454 1156 628 1237 premebant
641 1154 859 1217 caduceatores
871 1162 941 1227 tres,
962 1153 1158 1236 Hungaricus
1170 1152 1312 1213 videlicet
1324 1150 1516 1213 Bolsemicus

315 1262 346 1314 et
364 1252 551 1323 Austriacus,
570 1271 625 1312 suo
642 1250 768 1331 quisque
785 1251 876 1332 juxta
896 1248 1028 1311 officium
1045 1269 1081 1311 ac
1099 1249 1249 1311 nationem
1267 1248 1381 1323 babitu,
1400 1249 1516 1329 singu-

315 1350 396 1431 lique
413 1348 514 1409 album
531 1347 638 1407 dextra
658 1345 782 1407 caducei
805 1345 871 1407 loco
888 1345 1086 1427 preferebant
1108 1345 1261 1407 bacillum.
1304 1346 1365 1407 His
1382 1345 1400 1406 b
1417 1356 1517 1425 tergo

316 1446 446 1507 instabat
460 1441 685 1503 Illustrissimus
700 1441 848 1522 Princeps
863 1450 894 1503 et
907 1440 1048 1503 Marcbio
1062 1442 1212 1503 Badensis
1225 1441 1405 1516 Gulielmus,
1419 1441 1517 1521 cujus

316 1542 467 1620 utrimque
478 1537 572 1599 lutera
584 1537 711 1620 stipabat
725 1558 778 1619 par
790 1538 905 1600 illustre
915 1538 1042 1601 fratrum
1055 1558 1094 1599 ex
1107 1536 1314 1601 Illustrissimo
1328 1538 1517 1619 Principum

317 1635 561 1697 Anholdinorum
583 1634 729 1717 sanguine
749 1634 930 1710 oriundum3
961 1633 1111 1697 Amatbeo
1129 1635 1259 1697 Ernesto
1281 1635 1379 1716 primo
1397 1654 1516 1696 nomeu

316 1744 379 1793 erat
393 1730 478 1793 alteri
493 1730 679 1793 Liebwerdo.
721 1730 798 1791 Post
811 1728 878 1791 illos
891 1730 976 1792 ibant
993 1730 1086 1792 trium
1104 1730 1368 1792 serenissimorum
1384 1730 1514 1791 Princi-

315 1847 388 1907 pum
402 1846 438 1887 ao
456 1826 653 1889 saecularium
669 1826 843 1887 Electorum
863 1847 900 1888 ac
920 1827 1043 1888 Ducum
1061 1827 1201 1889 Bavariae
1213 1827 1338 1900 scilicet,
1354 1827 1511 1901 Suuouiae,

314 1932 345 1984 et
364 1922 645 2005 Brandeburgeusis
664 1922 771 2005 legati
788 1923 980 2005 principales,
999 1932 1100 2005 utpote
1119 1923 1187 1985 loco
1206 1923 1321 1985 Bavari
1340 1924 1449 1986 Comes
1467 1925 1511 1985 de

319 2020 473 2104 Dbringb‚
488 2021 611 2081 nomine
625 2018 753 2081 Saxonis
767 2019 940 2083 Fridericus
954 2020 1075 2081 Metscb
1084 2022 1116 2082 in
1132 2018 1343 2101 Ringenbucb,
1358 2020 1423 2081 vioe
1436 2040 1516 2081 vero

317 2115 581 2197 Brundenburgici
592 2115 616 2177 J
618 2135 728 2176 oannes
744 2114 916 2177 Fridericus
929 2117 968 2178 de
987 2117 1109 2177 lowen
1151 2115 1299 2178 Ordinem
1312 2116 1422 2179 debinc
1434 2138 1511 2179 oon-

315 2214 473 2275 tinuabaut
493 2212 554 2273 duo
573 2211 699 2292 Imperii
718 2209 940 2273 eaduceatores
957 2211 989 2272 in
1006 2231 1062 2273 suo
1078 2223 1204 2293 uterque
1219 2233 1275 2294 pro
1287 2212 1379 2275 officii
1391 2214 1512 2275 ratione

315 2308 429 2384 babitu,
445 2328 548 2371 eorum
559 2328 630 2370 vero
641 2306 775 2390 vestigiis
785 2305 940 2369 insistebat
953 2307 1173 2372 Hureditarius
1184 2308 1311 2391 Imperii
1323 2310 1512 2373 Marescbal·

315 2407 362 2468 lus
372 2406 491 2488 Gaspar
501 2405 687 2468 Godesridus
696 2403 934 2486 bPuppenbeim
943 2405 1058 2466 nudum
1069 2405 1183 2468 Gaesari
1192 2405 1352 2488 preferens
1358 2407 1510 2489 gladium,

316 2503 399 2584 quod
411 2503 444 2564 iu
458 2501 585 2584 publicis
603 2501 664 2564 fers
678 2501 875 2564 conventibus
889 2503 1087 2564 communiter
1104 2503 1172 2566 lieri
1184 2504 1300 2566 assolet.
1340 2504 1426 2566 Tunc
1440 2515 1511 2566 tan-

316 2600 385 2660 dem
409 2618 462 2679 pro
485 2597 646 2680 Mujestate
668 2596 824 2678 Imperiali
844 2599 1023 2679 procedebat
1042 2598 1249 2662 Romanorum
1269 2601 1511 2684 Angustissimus

316 2693 418 2757 Ooesur
437 2693 515 2756 latus
535 2713 590 2775 pro
604 2695 823 2756 consuetudine
839 2696 979 2777 cingebat
994 2695 1139 2767 Quardiae
1157 2697 1326 2778 Imperialis
1340 2697 1511 2759 Praefectus

314 2790 425 2854 Comes
435 2791 529 2852 Lesle.
561 2791 712 2853 Caesarem
723 2790 743 2852 b
753 2801 837 2874 tergo
847 2792 942 2853 secuti
954 2803 1025 2854 suut
1039 2793 1184 2855 Primarii
1194 2794 1511 2856 Eminentissimorum

316 2889 490 2951 Elector-um
518 2887 797 2949 Ecclesiasticorum
827 2887 933 2970 Legati
963 2887 1085 2950 nomine
1116 2890 1240 2971 quidem
1266 2891 1508 2954 Eminentissimi

314 2985 469 3067 Principis
496 2983 643 3046 Electoris
668 2982 856 3065 Moguntini,
882 2983 977 3067 Hugo
1003 2984 1196 3048 Eberhardus
1219 2987 1311 3050 Orata
1333 2987 1443 3050 Comes
1465 2988 1508 3049 de

316 3080 568 3162 Scharpfeustein,
588 3098 714 3140 summu
734 3079 809 3140 tedis
826 3079 1018 3162 Moguntinae
1037 3081 1156 3155 Gustus,
1169 3083 1318 3165 juxtaque
1337 3085 1435 3165 ipsum
1452 3104 1509 3145 no-

314 3175 395 3237 mine
409 3175 648 3250 Eminentissimi
663 3175 817 3257 Principis
830 3176 979 3238 Electoris
992 3177 1179 3241 Coloniensis
1197 3180 1348 3242 Dominus
1367 3179 1508 3242 Bertbol·

314 3273 371 3334 dus
384 3271 493 3334 (lomes
510 3273 550 3334 de
569 3271 780 3354 Kbniugsuolr,
796 3272 1037 3355 Metropolitanus
1051 3275 1197 3339 Ecclesiae
1214 3277 1401 3340 coloniensis
1414 3277 1509 3340 Subo-

313 3368 444 3430 lastious.
465 3369 577 3445 (loom
588 3369 828 3430 Eminentissimi
837 3368 990 3451 Principis
1000 3372 1149 3435 Electoris
1159 3373 1344 3436 Trevireusis
1353 3375 1508 3451 vacabat)

314 3463 378 3526 Hic
396 3464 429 3524 in
447 3465 583 3527 ordinem
605 3465 722 3528 subibat
742 3465 944 3528 Serenissimoe
961 3470 1133 3532 Austrinos
1154 3471 1262 3533 domus
1282 3470 1423 3552 legatus,
1438 3469 1508 3531 Do·

313 3562 413 3623 minus
433 3559 583 3643 Georgius
597 3561 744 3624 Aebutius
764 3561 874 3624 Coma
890 3563 929 3624 de
948 3565 1133 3643 Iosensteiu‚
1147 3577 1178 3630 et
1196 3568 1318 3630 nomine
1332 3566 1507 3648 Arubiepis·

311 3669 433 3740 copatus
449 3655 694 3738 salisburgensis,
711 3658 863 3721 Dominus
877 3660 900 3723 J
902 3681 1013 3724 oannes
1025 3663 1229 3727 Theodosium
1244 3665 1326 3727 Baro
1339 3663 1378 3726 de
1393 3663 1507 3726 Mach-
