<?xml version="1.0" encoding="UTF-8"?>
<!DOCTYPE html PUBLIC "-//W3C//DTD XHTML 1.0 Transitional//EN"
    "http://www.w3.org/TR/xhtml1/DTD/xhtml1-transitional.dtd">
<html xmlns="http://www.w3.org/1999/xhtml" xml:lang="en" lang="en">
 <head>
  <title>
</title>
<meta http-equiv="Content-Type" content="text/html;charset=utf-8" />
  <meta name='ocr-system' content='tesseract 3.04.00' />
  <meta name='ocr-capabilities' content='ocr_page ocr_carea ocr_par ocr_line ocrx_word'/>
</head>
<body>
  <div class='ocr_page' id='page_1' title='image "./itinerariumthom00kerngoog_0599.png"; bbox 0 0 3225 4700; ppageno 0'>
   <div class='ocr_carea' id='block_1_1' title="bbox 501 322 1287 398">
    <p class='ocr_par' dir='ltr' id='par_1_1' title="bbox 501 322 1287 398">
     <span class='ocr_line' id='line_1_1' title="bbox 501 322 1287 398; baseline 0.01 -8"><span class='ocrx_word' id='word_1_1' title='bbox 501 322 907 390; x_wconf 79' lang='lat' dir='ltr'><em>ITINERARIUM.</em></span> <span class='ocrx_word' id='word_1_2' title='bbox 1224 333 1287 398; x_wconf 88' lang='lat'><strong>367</strong></span> 
     </span>
    </p>
   </div>
   <div class='ocr_carea' id='block_1_2' title="bbox 72 475 1289 1529">
    <p class='ocr_par' dir='ltr' id='par_1_2' title="bbox 72 475 1289 1529">
     <span class='ocr_line' id='line_1_2' title="bbox 72 475 1289 560; baseline 0.009 -26"><span class='ocrx_word' id='word_1_3' title='bbox 72 475 175 554; x_wconf 87' lang='lat' dir='ltr'><strong>qnod</strong></span> <span class='ocrx_word' id='word_1_4' title='bbox 195 476 369 539; x_wconf 83' lang='lat' dir='ltr'><strong>subodorati</strong></span> <span class='ocrx_word' id='word_1_5' title='bbox 388 477 602 560; x_wconf 86' lang='lat' dir='ltr'><strong>Friburgenses</strong></span> <span class='ocrx_word' id='word_1_6' title='bbox 622 477 758 538; x_wconf 91' lang='lat' dir='ltr'><strong>Ductore</strong></span> <span class='ocrx_word' id='word_1_7' title='bbox 777 477 928 539; x_wconf 80' lang='lat' dir='ltr'><strong>Colonelli</strong></span> <span class='ocrx_word' id='word_1_8' title='bbox 947 479 1097 542; x_wconf 84' lang='lat' dir='ltr'><strong>Praefecto</strong></span> <span class='ocrx_word' id='word_1_9' title='bbox 1117 481 1229 559; x_wconf 90' lang='lat' dir='ltr'><strong>Pollio,</strong></span> <span class='ocrx_word' id='word_1_10' title='bbox 1249 486 1289 546; x_wconf 82' lang='lat' dir='ltr'><strong>ud</strong></span> 
     </span>
     <span class='ocr_line' id='line_1_3' title="bbox 75 572 1289 656; baseline 0.008 -25"><span class='ocrx_word' id='word_1_11' title='bbox 75 572 247 654; x_wconf 76' lang='lat' dir='ltr'><strong>octoginta</strong></span> <span class='ocrx_word' id='word_1_12' title='bbox 257 575 378 637; x_wconf 83' lang='lat' dir='ltr'><strong>circiter</strong></span> <span class='ocrx_word' id='word_1_13' title='bbox 391 597 454 637; x_wconf 90' lang='lat' dir='ltr'><strong>sese</strong></span> <span class='ocrx_word' id='word_1_14' title='bbox 475 575 573 656; x_wconf 83' lang='lat' dir='ltr'>pridie</span> <span class='ocrx_word' id='word_1_15' title='bbox 585 576 641 635; x_wconf 90' lang='lat' dir='ltr'><strong>sub</strong></span> <span class='ocrx_word' id='word_1_16' title='bbox 656 595 810 655; x_wconf 81' lang='lat' dir='ltr'><strong>vesperam</strong></span> <span class='ocrx_word' id='word_1_17' title='bbox 825 574 856 634; x_wconf 94' lang='lat' dir='ltr'><strong>in</strong></span> <span class='ocrx_word' id='word_1_18' title='bbox 872 575 971 636; x_wconf 86' lang='lat' dir='ltr'><strong>vicino</strong></span> <span class='ocrx_word' id='word_1_19' title='bbox 985 579 1047 638; x_wconf 81' lang='lat' dir='ltr'><strong>urci</strong></span> <span class='ocrx_word' id='word_1_20' title='bbox 1067 578 1174 639; x_wconf 86' lang='lat' dir='ltr'><strong>horreo</strong></span> <span class='ocrx_word' id='word_1_21' title='bbox 1188 582 1289 643; x_wconf 88' lang='lat' dir='ltr'><strong>occul-</strong></span> 
     </span>
     <span class='ocr_line' id='line_1_4' title="bbox 73 670 1288 759; baseline 0.011 -31"><span class='ocrx_word' id='word_1_22' title='bbox 73 679 202 744; x_wconf 72' lang='lat' dir='ltr'><strong>tarunt,</strong></span> <span class='ocrx_word' id='word_1_23' title='bbox 218 672 318 750; x_wconf 85' lang='lat' dir='ltr'><strong>quoad</strong></span> <span class='ocrx_word' id='word_1_24' title='bbox 332 693 420 734; x_wconf 82' lang='lat' dir='ltr'><strong>mnne</strong></span> <span class='ocrx_word' id='word_1_25' title='bbox 435 672 557 752; x_wconf 86' lang='lat' dir='ltr'><strong>quidam</strong></span> <span class='ocrx_word' id='word_1_26' title='bbox 576 692 613 731; x_wconf 87' lang='lat' dir='ltr'><strong>ex</strong></span> <span class='ocrx_word' id='word_1_27' title='bbox 628 670 842 741; x_wconf 76' lang='lat' dir='ltr'><strong>Prresidiariis‚</strong></span> <span class='ocrx_word' id='word_1_28' title='bbox 856 673 949 733; x_wconf 80' lang='lat' dir='ltr'><strong>sacris</strong></span> <span class='ocrx_word' id='word_1_29' title='bbox 966 674 1150 751; x_wconf 84' lang='lat' dir='ltr'><strong>interfuturi,</strong></span> <span class='ocrx_word' id='word_1_30' title='bbox 1165 679 1288 759; x_wconf 87' lang='lat' dir='ltr'><strong>egrede-</strong></span> 
     </span>
     <span class='ocr_line' id='line_1_5' title="bbox 79 766 1287 856; baseline 0.01 -32"><span class='ocrx_word' id='word_1_31' title='bbox 79 776 206 842; x_wconf 84' lang='lat' dir='ltr'><strong>rentur,</strong></span> <span class='ocrx_word' id='word_1_32' title='bbox 227 768 258 827; x_wconf 93' lang='lat' dir='ltr'><strong>in</strong></span> <span class='ocrx_word' id='word_1_33' title='bbox 278 769 404 848; x_wconf 86' lang='lat' dir='ltr'><strong>quorum</strong></span> <span class='ocrx_word' id='word_1_34' title='bbox 421 769 521 829; x_wconf 87' lang='lat' dir='ltr'><strong>locum</strong></span> <span class='ocrx_word' id='word_1_35' title='bbox 535 768 568 828; x_wconf 93' lang='lat' dir='ltr'><strong>bi</strong></span> <span class='ocrx_word' id='word_1_36' title='bbox 581 767 680 828; x_wconf 87' lang='lat' dir='ltr'><strong>subito</strong></span> <span class='ocrx_word' id='word_1_37' title='bbox 698 778 728 829; x_wconf 92' lang='lat' dir='ltr'><strong>et</strong></span> <span class='ocrx_word' id='word_1_38' title='bbox 744 766 826 829; x_wconf 89' lang='lat' dir='ltr'><strong>velut</strong></span> <span class='ocrx_word' id='word_1_39' title='bbox 844 769 913 830; x_wconf 79' lang='lat' dir='ltr'><strong>dato</strong></span> <span class='ocrx_word' id='word_1_40' title='bbox 929 770 1017 852; x_wconf 83' lang='lat' dir='ltr'><strong>signo</strong></span> <span class='ocrx_word' id='word_1_41' title='bbox 1031 791 1066 831; x_wconf 83' lang='lat' dir='ltr'><strong>ex</strong></span> <span class='ocrx_word' id='word_1_42' title='bbox 1083 770 1203 834; x_wconf 79' lang='lat' dir='ltr'><strong>latebris</strong></span> <span class='ocrx_word' id='word_1_43' title='bbox 1220 795 1287 856; x_wconf 91' lang='lat' dir='ltr'><strong>pro·</strong></span> 
     </span>
     <span class='ocr_line' id='line_1_6' title="bbox 76 863 1288 948; baseline 0.008 -26"><span class='ocrx_word' id='word_1_44' title='bbox 76 863 228 936; x_wconf 88' lang='lat' dir='ltr'><strong>deuntes,</strong></span> <span class='ocrx_word' id='word_1_45' title='bbox 237 865 419 945; x_wconf 88' lang='lat' dir='ltr'><strong>irruperunt,</strong></span> <span class='ocrx_word' id='word_1_46' title='bbox 427 886 483 926; x_wconf 90' lang='lat' dir='ltr'><strong>nec</strong></span> <span class='ocrx_word' id='word_1_47' title='bbox 494 864 555 926; x_wconf 90' lang='lat' dir='ltr'><strong>ullo</strong></span> <span class='ocrx_word' id='word_1_48' title='bbox 569 885 689 925; x_wconf 89' lang='lat' dir='ltr'><strong>suorum</strong></span> <span class='ocrx_word' id='word_1_49' title='bbox 705 864 874 926; x_wconf 83' lang='lat' dir='ltr'><strong>desiderato</strong></span> <span class='ocrx_word' id='word_1_50' title='bbox 883 885 951 926; x_wconf 82' lang='lat' dir='ltr'><strong>arce</strong></span> <span class='ocrx_word' id='word_1_51' title='bbox 965 867 1052 948; x_wconf 90' lang='lat' dir='ltr'><strong>potiti</strong></span> <span class='ocrx_word' id='word_1_52' title='bbox 1066 878 1146 930; x_wconf 89' lang='lat' dir='ltr'><strong>sunt.</strong></span> <span class='ocrx_word' id='word_1_53' title='bbox 1169 870 1288 934; x_wconf 82' lang='lat' dir='ltr'><strong>Praeter</strong></span> 
     </span>
     <span class='ocr_line' id='line_1_7' title="bbox 78 959 1286 1046; baseline 0.009 -27"><span class='ocrx_word' id='word_1_54' title='bbox 78 959 361 1043; x_wconf 83' lang='lat' dir='ltr'><strong>frumenticopium</strong></span> <span class='ocrx_word' id='word_1_55' title='bbox 371 962 544 1037; x_wconf 81' lang='lat' dir='ltr'><strong>maximum,</strong></span> <span class='ocrx_word' id='word_1_56' title='bbox 555 962 1286 1046; x_wconf 79' lang='lat' dir='ltr'><strong>ermaquoqueobtinueruutplurimc,etomnem</strong></span> 
     </span>
     <span class='ocr_line' id='line_1_8' title="bbox 77 1058 1286 1142; baseline 0.01 -27"><span class='ocrx_word' id='word_1_57' title='bbox 77 1068 265 1138; x_wconf 82' lang='lat' dir='ltr'><strong>apparatum</strong></span> <span class='ocrx_word' id='word_1_58' title='bbox 280 1058 433 1133; x_wconf 90' lang='lat' dir='ltr'><strong>bellicum,</strong></span> <span class='ocrx_word' id='word_1_59' title='bbox 445 1078 499 1139; x_wconf 91' lang='lat' dir='ltr'><strong>pro</strong></span> <span class='ocrx_word' id='word_1_60' title='bbox 513 1058 623 1119; x_wconf 82' lang='lat' dir='ltr'><strong>tuendo</strong></span> <span class='ocrx_word' id='word_1_61' title='bbox 635 1078 704 1118; x_wconf 81' lang='lat' dir='ltr'><strong>arce</strong></span> <span class='ocrx_word' id='word_1_62' title='bbox 718 1061 928 1134; x_wconf 83' lang='lat' dir='ltr'><strong>necessarium,</strong></span> <span class='ocrx_word' id='word_1_63' title='bbox 944 1059 975 1121; x_wconf 90' lang='lat' dir='ltr'><strong>in</strong></span> <span class='ocrx_word' id='word_1_64' title='bbox 989 1060 1089 1142; x_wconf 86' lang='lat' dir='ltr'><strong>plures</strong></span> <span class='ocrx_word' id='word_1_65' title='bbox 1103 1083 1210 1125; x_wconf 82' lang='lat' dir='ltr'><strong>annos:</strong></span> <span class='ocrx_word' id='word_1_66' title='bbox 1233 1087 1286 1127; x_wconf 83' lang='lat' dir='ltr'><strong>sex</strong></span> 
     </span>
     <span class='ocr_line' id='line_1_9' title="bbox 78 1153 1284 1238; baseline 0.008 -26"><span class='ocrx_word' id='word_1_67' title='bbox 78 1153 162 1213; x_wconf 86' lang='lat' dir='ltr'><strong>item</strong></span> <span class='ocrx_word' id='word_1_68' title='bbox 176 1164 324 1216; x_wconf 74' lang='lat' dir='ltr'><strong>tormenta</strong></span> <span class='ocrx_word' id='word_1_69' title='bbox 336 1175 429 1216; x_wconf 83' lang='lat' dir='ltr'><strong>aenea.</strong></span> <span class='ocrx_word' id='word_1_70' title='bbox 471 1155 549 1226; x_wconf 81' lang='lat' dir='ltr'><strong>Quae</strong></span> <span class='ocrx_word' id='word_1_71' title='bbox 567 1155 668 1216; x_wconf 81' lang='lat' dir='ltr'><strong>omnic</strong></span> <span class='ocrx_word' id='word_1_72' title='bbox 683 1163 801 1236; x_wconf 89' lang='lat' dir='ltr'><strong>postero</strong></span> <span class='ocrx_word' id='word_1_73' title='bbox 816 1155 863 1216; x_wconf 93' lang='lat' dir='ltr'><strong>die</strong></span> <span class='ocrx_word' id='word_1_74' title='bbox 881 1157 1016 1217; x_wconf 87' lang='lat' dir='ltr'><strong>curribus</strong></span> <span class='ocrx_word' id='word_1_75' title='bbox 1034 1159 1183 1238; x_wconf 81' lang='lat' dir='ltr'><strong>imposita,</strong></span> <span class='ocrx_word' id='word_1_76' title='bbox 1199 1161 1284 1222; x_wconf 86' lang='lat' dir='ltr'><strong>Prae·</strong></span> 
     </span>
     <span class='ocr_line' id='line_1_10' title="bbox 78 1249 1286 1335; baseline 0.009 -26"><span class='ocrx_word' id='word_1_77' title='bbox 78 1249 187 1310; x_wconf 79' lang='lat' dir='ltr'><strong>fectus</strong></span> <span class='ocrx_word' id='word_1_78' title='bbox 205 1251 344 1334; x_wconf 83' lang='lat' dir='ltr'><strong>legionis</strong></span> <span class='ocrx_word' id='word_1_79' title='bbox 361 1251 463 1313; x_wconf 90' lang='lat' dir='ltr'><strong>Pollio</strong></span> <span class='ocrx_word' id='word_1_80' title='bbox 479 1252 663 1334; x_wconf 86' lang='lat' dir='ltr'><strong>Friburgum</strong></span> <span class='ocrx_word' id='word_1_81' title='bbox 681 1253 793 1316; x_wconf 84' lang='lat' dir='ltr'><strong>abduci</strong></span> <span class='ocrx_word' id='word_1_82' title='bbox 813 1253 941 1327; x_wconf 83' lang='lat' dir='ltr'><strong>curavit,</strong></span> <span class='ocrx_word' id='word_1_83' title='bbox 960 1253 1021 1314; x_wconf 78' lang='lat' dir='ltr'><strong>unb</strong></span> <span class='ocrx_word' id='word_1_84' title='bbox 1039 1275 1109 1316; x_wconf 88' lang='lat' dir='ltr'><strong>cum</strong></span> <span class='ocrx_word' id='word_1_85' title='bbox 1131 1276 1238 1335; x_wconf 89' lang='lat' dir='ltr'><strong>pecore</strong></span> <span class='ocrx_word' id='word_1_86' title='bbox 1256 1270 1286 1320; x_wconf 86' lang='lat' dir='ltr'><strong>ct</strong></span> 
     </span>
     <span class='ocr_line' id='line_1_11' title="bbox 78 1347 1285 1432; baseline 0.007 -26"><span class='ocrx_word' id='word_1_87' title='bbox 78 1347 175 1426; x_wconf 84' lang='lat' dir='ltr'><strong>equis</strong></span> <span class='ocrx_word' id='word_1_88' title='bbox 188 1348 302 1410; x_wconf 85' lang='lat' dir='ltr'><strong>ibidem</strong></span> <span class='ocrx_word' id='word_1_89' title='bbox 316 1349 452 1430; x_wconf 85' lang='lat' dir='ltr'><strong>repertis.</strong></span> <span class='ocrx_word' id='word_1_90' title='bbox 495 1350 607 1409; x_wconf 83' lang='lat' dir='ltr'><strong>Arcem</strong></span> <span class='ocrx_word' id='word_1_91' title='bbox 622 1350 693 1410; x_wconf 82' lang='lat' dir='ltr'><strong>verb</strong></span> <span class='ocrx_word' id='word_1_92' title='bbox 712 1350 784 1432; x_wconf 82' lang='lat' dir='ltr'><strong>igue</strong></span> <span class='ocrx_word' id='word_1_93' title='bbox 796 1349 907 1430; x_wconf 91' lang='lat' dir='ltr'><strong>injecto</strong></span> <span class='ocrx_word' id='word_1_94' title='bbox 922 1350 1079 1412; x_wconf 83' lang='lat' dir='ltr'><strong>succendit</strong></span> <span class='ocrx_word' id='word_1_95' title='bbox 1092 1371 1127 1411; x_wconf 81' lang='lat' dir='ltr'><strong>ac</strong></span> <span class='ocrx_word' id='word_1_96' title='bbox 1144 1352 1285 1428; x_wconf 91' lang='lat' dir='ltr'><strong>deseruit,</strong></span> 
     </span>
     <span class='ocr_line' id='line_1_12' title="bbox 79 1443 1276 1529; baseline 0.007 -25"><span class='ocrx_word' id='word_1_97' title='bbox 79 1443 124 1505; x_wconf 84' lang='lat' dir='ltr'><strong>eb</strong></span> <span class='ocrx_word' id='word_1_98' title='bbox 139 1446 222 1525; x_wconf 89' lang='lat' dir='ltr'><strong>quod</strong></span> <span class='ocrx_word' id='word_1_99' title='bbox 237 1446 388 1529; x_wconf 77' lang='lat' dir='ltr'><strong>Friburgc</strong></span> <span class='ocrx_word' id='word_1_100' title='bbox 401 1447 516 1507; x_wconf 82' lang='lat' dir='ltr'><strong>abesset</strong></span> <span class='ocrx_word' id='word_1_101' title='bbox 529 1445 649 1528; x_wconf 81' lang='lat' dir='ltr'><strong>longius</strong></span> <span class='ocrx_word' id='word_1_102' title='bbox 662 1456 692 1508; x_wconf 89' lang='lat' dir='ltr'><strong>et</strong></span> <span class='ocrx_word' id='word_1_103' title='bbox 705 1446 777 1508; x_wconf 90' lang='lat' dir='ltr'><strong>inde</strong></span> <span class='ocrx_word' id='word_1_104' title='bbox 789 1447 946 1508; x_wconf 76' lang='lat' dir='ltr'><strong>commode</strong></span> <span class='ocrx_word' id='word_1_105' title='bbox 958 1446 1082 1508; x_wconf 81' lang='lat' dir='ltr'><strong>defendi</strong></span> <span class='ocrx_word' id='word_1_106' title='bbox 1095 1466 1155 1508; x_wconf 88' lang='lat' dir='ltr'><strong>uon</strong></span> <span class='ocrx_word' id='word_1_107' title='bbox 1170 1459 1276 1529; x_wconf 87' lang='lat' dir='ltr'><strong>posset.</strong></span> 
     </span>
    </p>
   </div>
   <div class='ocr_carea' id='block_1_3' title="bbox 114 1731 1250 2160">
    <p class='ocr_par' dir='ltr' id='par_1_3' title="bbox 114 1731 1250 2160">
     <span class='ocr_line' id='line_1_13' title="bbox 114 1731 1250 1908; baseline 0.008 -10"><span class='ocrx_word' id='word_1_108' title='bbox 114 1731 1250 1908; x_wconf 50' lang='lat' dir='ltr'><strong>&amp;ffifflffifflffiffi</strong></span> 
     </span>
     <span class='ocr_line' id='line_1_14' title="bbox 538 2083 826 2160; baseline 0.003 -2"><span class='ocrx_word' id='word_1_109' title='bbox 538 2083 713 2160; x_wconf 86' lang='lat' dir='ltr'><strong>CAPUT</strong></span> <span class='ocrx_word' id='word_1_110' title='bbox 745 2085 826 2160; x_wconf 89' lang='lat' dir='ltr'><strong>LX.</strong></span> 
     </span>
    </p>
   </div>
   <div class='ocr_carea' id='block_1_4' title="bbox 128 2269 1246 2446">
    <p class='ocr_par' dir='ltr' id='par_1_4' title="bbox 128 2269 1246 2446">
     <span class='ocr_line' id='line_1_15' title="bbox 128 2269 1246 2365; baseline 0.007 -33"><span class='ocrx_word' id='word_1_111' title='bbox 128 2269 229 2337; x_wconf 86' lang='lat' dir='ltr'><strong>Vario</strong></span> <span class='ocrx_word' id='word_1_112' title='bbox 243 2273 415 2358; x_wconf 84' lang='lat' dir='ltr'><strong>Portenta,</strong></span> <span class='ocrx_word' id='word_1_113' title='bbox 428 2275 627 2365; x_wconf 83' lang='lat' dir='ltr'><strong>Infortunio,</strong></span> <span class='ocrx_word' id='word_1_114' title='bbox 641 2287 672 2340; x_wconf 86' lang='lat' dir='ltr'><strong>et</strong></span> <span class='ocrx_word' id='word_1_115' title='bbox 689 2275 789 2342; x_wconf 81' lang='lat' dir='ltr'><strong>Cotus</strong></span> <span class='ocrx_word' id='word_1_116' title='bbox 803 2275 972 2365; x_wconf 76' lang='lat' dir='ltr'><strong>Lupnbres,</strong></span> <span class='ocrx_word' id='word_1_117' title='bbox 986 2275 1027 2342; x_wconf 81' lang='lat' dir='ltr'><strong>ob</strong></span> <span class='ocrx_word' id='word_1_118' title='bbox 1041 2277 1136 2341; x_wconf 83' lang='lat' dir='ltr'><strong>Anno</strong></span> <span class='ocrx_word' id='word_1_119' title='bbox 1154 2277 1246 2342; x_wconf 84' lang='lat'>1642.</span> 
     </span>
     <span class='ocr_line' id='line_1_16' title="bbox 535 2380 833 2446; baseline 0 -2"><span class='ocrx_word' id='word_1_120' title='bbox 535 2380 580 2444; x_wconf 85' lang='lat' dir='ltr'><strong>od</strong></span> <span class='ocrx_word' id='word_1_121' title='bbox 594 2380 721 2445; x_wconf 81' lang='lat' dir='ltr'><strong>Antrum</strong></span> <span class='ocrx_word' id='word_1_122' title='bbox 739 2382 833 2446; x_wconf 85' lang='lat'>1643.</span> 
     </span>
    </p>
   </div>
   <div class='ocr_carea' id='block_1_5' title="bbox 95 2592 1280 2777">
    <p class='ocr_par' dir='ltr' id='par_1_5' title="bbox 88 2583 1280 2790">
     <span class='ocr_line' id='line_1_17' title="bbox 112 2592 1280 2695; baseline 0.001 -38.986"><span class='ocrx_word' id='word_1_123' title='bbox 112 2637 131 2668; x_wconf 72' lang='grc'><strong>«</strong></span> <span class='ocrx_word' id='word_1_124' title='bbox 144 2592 256 2695; x_wconf 38' lang='grc' dir='ltr'><strong>ἣν)</strong></span> <span class='ocrx_word' id='word_1_125' title='bbox 266 2614 320 2694; x_wconf 90' lang='lat'><em>3</em></span> <span class='ocrx_word' id='word_1_126' title='bbox 338 2596 402 2658; x_wconf 93' lang='lat' dir='ltr'><strong>UB</strong></span> <span class='ocrx_word' id='word_1_127' title='bbox 417 2596 573 2658; x_wconf 86' lang='lat' dir='ltr'><strong>exordium</strong></span> <span class='ocrx_word' id='word_1_128' title='bbox 587 2595 659 2656; x_wconf 85' lang='lat' dir='ltr'><strong>unni</strong></span> <span class='ocrx_word' id='word_1_129' title='bbox 674 2595 908 2669; x_wconf 76' lang='lat' dir='ltr'><strong>M.DC,XLII.</strong></span> <span class='ocrx_word' id='word_1_130' title='bbox 925 2596 1047 2659; x_wconf 85' lang='lat' dir='ltr'><strong>inferior</strong></span> <span class='ocrx_word' id='word_1_131' title='bbox 1062 2596 1194 2659; x_wconf 73' lang='lat' dir='ltr'><strong>saxonia</strong></span> <span class='ocrx_word' id='word_1_132' title='bbox 1206 2597 1280 2657; x_wconf 89' lang='lat' dir='ltr'><strong>omi-</strong></span> 
     </span>
     <span class='ocr_line' id='line_1_18' title="bbox 95 2679 1280 2777; baseline -0.004 -18.029"><span class='ocrx_word' id='word_1_133' title='bbox 95 2704 134 2776; x_wconf 52' lang='grc' dir='ltr'><strong>[ζ</strong></span> <span class='ocrx_word' id='word_1_134' title='bbox 182 2695 184 2701; x_wconf 67' lang='lat'><em>&#39;</em></span> <span class='ocrx_word' id='word_1_135' title='bbox 209 2685 244 2759; x_wconf 71' lang='grc' dir='ltr'><strong><em>ἒ</em></strong></span> <span class='ocrx_word' id='word_1_136' title='bbox 259 2679 328 2773; x_wconf 59' lang='grc' dir='ltr'><strong>Ῡ,’“</strong></span> <span class='ocrx_word' id='word_1_137' title='bbox 357 2696 436 2757; x_wconf 89' lang='lat' dir='ltr'><strong>uosis</strong></span> <span class='ocrx_word' id='word_1_138' title='bbox 463 2695 609 2777; x_wconf 82' lang='lat' dir='ltr'><strong>prodigiis</strong></span> <span class='ocrx_word' id='word_1_139' title='bbox 631 2694 712 2758; x_wconf 78' lang='lat' dir='ltr'><strong>varie</strong></span> <span class='ocrx_word' id='word_1_140' title='bbox 739 2714 885 2755; x_wconf 81' lang='lat' dir='ltr'><strong>concusso</strong></span> <span class='ocrx_word' id='word_1_141' title='bbox 906 2703 969 2770; x_wconf 80' lang='lat' dir='ltr'><strong>est3</strong></span> <span class='ocrx_word' id='word_1_142' title='bbox 1004 2715 1075 2755; x_wconf 84' lang='lat' dir='ltr'><strong>num</strong></span> <span class='ocrx_word' id='word_1_143' title='bbox 1102 2693 1179 2756; x_wconf 85' lang='lat' dir='ltr'><strong>coelc</strong></span> <span class='ocrx_word' id='word_1_144' title='bbox 1204 2714 1280 2754; x_wconf 88' lang='lat' dir='ltr'><strong>sere·</strong></span> 
     </span>
    </p>
   </div>
   <div class='ocr_carea' id='block_1_6' title="bbox 88 2776 1279 2882">
    <p class='ocr_par' dir='ltr' id='par_1_6' title="bbox 88 2776 1279 2882">
     <span class='ocr_line' id='line_1_19' title="bbox 88 2776 1279 2882; baseline -0.007 -23"><span class='ocrx_word' id='word_1_145' title='bbox 88 2813 92 2822; x_wconf 83' lang='grc'><strong>“</strong></span> <span class='ocrx_word' id='word_1_146' title='bbox 159 2854 189 2870; x_wconf 27' lang='lat'><strong>,2</strong></span> <span class='ocrx_word' id='word_1_147' title='bbox 218 2776 223 2780; x_wconf 13' lang='lat' dir='ltr'><strong>i</strong></span> <span class='ocrx_word' id='word_1_148' title='bbox 262 2780 326 2882; x_wconf 23' lang='grc' dir='ltr'><strong>μ’]</strong></span> <span class='ocrx_word' id='word_1_149' title='bbox 360 2793 492 2867; x_wconf 90' lang='lat' dir='ltr'><strong>nissimo,</strong></span> <span class='ocrx_word' id='word_1_150' title='bbox 508 2792 656 2873; x_wconf 91' lang='lat' dir='ltr'><strong>plenoque</strong></span> <span class='ocrx_word' id='word_1_151' title='bbox 674 2791 734 2867; x_wconf 94' lang='lat' dir='ltr'><strong>die,</strong></span> <span class='ocrx_word' id='word_1_152' title='bbox 754 2800 896 2873; x_wconf 86' lang='lat' dir='ltr'><strong>vergente</strong></span> <span class='ocrx_word' id='word_1_153' title='bbox 913 2800 979 2871; x_wconf 88' lang='lat' dir='ltr'><strong>post</strong></span> <span class='ocrx_word' id='word_1_154' title='bbox 997 2790 1151 2851; x_wconf 88' lang='lat' dir='ltr'><strong>meridiem</strong></span> <span class='ocrx_word' id='word_1_155' title='bbox 1170 2790 1231 2852; x_wconf 89' lang='lat' dir='ltr'><strong>sole</strong></span> <span class='ocrx_word' id='word_1_156' title='bbox 1248 2790 1279 2851; x_wconf 92' lang='lat' dir='ltr'><strong>in</strong></span> 
     </span>
    </p>
   </div>
   <div class='ocr_carea' id='block_1_7' title="bbox 77 3079 1280 3745">
    <p class='ocr_par' dir='ltr' id='par_1_7' title="bbox 77 3079 1280 3745">
     <span class='ocr_line' id='line_1_20' title="bbox 80 3079 1279 3164; baseline 0 -23"><span class='ocrx_word' id='word_1_157' title='bbox 80 3104 185 3144; x_wconf 81' lang='lat' dir='ltr'><strong>versus</strong></span> <span class='ocrx_word' id='word_1_158' title='bbox 205 3085 376 3146; x_wconf 84' lang='lat' dir='ltr'><strong>Murcbiam</strong></span> <span class='ocrx_word' id='word_1_159' title='bbox 401 3084 570 3164; x_wconf 83' lang='lat' dir='ltr'><strong>Antiquom</strong></span> <span class='ocrx_word' id='word_1_160' title='bbox 597 3082 839 3164; x_wconf 82' lang='lat' dir='ltr'><strong>protendebatur.</strong></span> <span class='ocrx_word' id='word_1_161' title='bbox 883 3079 1026 3141; x_wconf 86' lang='lat' dir='ltr'><strong>Exercuit</strong></span> <span class='ocrx_word' id='word_1_162' title='bbox 1049 3090 1200 3141; x_wconf 89' lang='lat' dir='ltr'><strong>ostentum</strong></span> <span class='ocrx_word' id='word_1_163' title='bbox 1222 3080 1279 3141; x_wconf 93' lang='lat' dir='ltr'><strong>hoc</strong></span> 
     </span>
     <span class='ocr_line' id='line_1_21' title="bbox 79 3176 1280 3261; baseline -0.001 -23"><span class='ocrx_word' id='word_1_164' title='bbox 79 3188 318 3242; x_wconf 85' lang='lat' dir='ltr'><strong>astronomorum</strong></span> <span class='ocrx_word' id='word_1_165' title='bbox 332 3193 362 3243; x_wconf 93' lang='lat' dir='ltr'><strong>et</strong></span> <span class='ocrx_word' id='word_1_166' title='bbox 382 3180 554 3243; x_wconf 88' lang='lat' dir='ltr'><strong>divinorum</strong></span> <span class='ocrx_word' id='word_1_167' title='bbox 569 3179 699 3261; x_wconf 84' lang='lat' dir='ltr'><strong>ingenia,</strong></span> <span class='ocrx_word' id='word_1_168' title='bbox 714 3178 767 3259; x_wconf 94' lang='lat' dir='ltr'><strong>qui</strong></span> <span class='ocrx_word' id='word_1_169' title='bbox 785 3186 819 3237; x_wconf 91' lang='lat' dir='ltr'><strong>ut</strong></span> <span class='ocrx_word' id='word_1_170' title='bbox 838 3176 1078 3258; x_wconf 81' lang='lat' dir='ltr'><strong>probabilitatem</strong></span> <span class='ocrx_word' id='word_1_171' title='bbox 1097 3178 1280 3259; x_wconf 88' lang='lat' dir='ltr'><strong>conjecturis</strong></span> 
     </span>
     <span class='ocr_line' id='line_1_22' title="bbox 79 3272 1277 3356; baseline 0 -22"><span class='ocrx_word' id='word_1_172' title='bbox 79 3276 141 3335; x_wconf 90' lang='lat' dir='ltr'><strong>suis</strong></span> <span class='ocrx_word' id='word_1_173' title='bbox 155 3276 353 3353; x_wconf 72' lang='lat' dir='ltr'><strong>adstruerent,</strong></span> <span class='ocrx_word' id='word_1_174' title='bbox 370 3277 464 3337; x_wconf 81' lang='lat' dir='ltr'><strong>multa</strong></span> <span class='ocrx_word' id='word_1_175' title='bbox 477 3297 514 3336; x_wconf 88' lang='lat' dir='ltr'><strong>ex</strong></span> <span class='ocrx_word' id='word_1_176' title='bbox 528 3277 653 3356; x_wconf 73' lang='lat' dir='ltr'><strong>antiqua</strong></span> <span class='ocrx_word' id='word_1_177' title='bbox 665 3274 799 3347; x_wconf 82' lang='lat' dir='ltr'><strong>historia,</strong></span> <span class='ocrx_word' id='word_1_178' title='bbox 815 3274 909 3335; x_wconf 79' lang='lat' dir='ltr'><strong>multu</strong></span> <span class='ocrx_word' id='word_1_179' title='bbox 926 3295 962 3335; x_wconf 86' lang='lat' dir='ltr'><strong>ex</strong></span> <span class='ocrx_word' id='word_1_180' title='bbox 974 3273 1165 3354; x_wconf 81' lang='lat' dir='ltr'><strong>antiquorum</strong></span> <span class='ocrx_word' id='word_1_181' title='bbox 1180 3272 1277 3356; x_wconf 92' lang='lat' dir='ltr'><strong>philo·</strong></span> 
     </span>
     <span class='ocr_line' id='line_1_23' title="bbox 79 3370 1277 3453; baseline -0.001 -21"><span class='ocrx_word' id='word_1_182' title='bbox 79 3372 238 3453; x_wconf 87' lang='lat' dir='ltr'><strong>sophorum</strong></span> <span class='ocrx_word' id='word_1_183' title='bbox 254 3373 347 3448; x_wconf 87' lang='lat' dir='ltr'><strong>scitis,</strong></span> <span class='ocrx_word' id='word_1_184' title='bbox 357 3373 453 3433; x_wconf 83' lang='lat' dir='ltr'><strong>multa</strong></span> <span class='ocrx_word' id='word_1_185' title='bbox 463 3373 593 3452; x_wconf 88' lang='lat' dir='ltr'><strong>denique</strong></span> <span class='ocrx_word' id='word_1_186' title='bbox 607 3392 645 3432; x_wconf 86' lang='lat' dir='ltr'><strong>ex</strong></span> <span class='ocrx_word' id='word_1_187' title='bbox 654 3371 767 3453; x_wconf 90' lang='lat' dir='ltr'><strong>proprii</strong></span> <span class='ocrx_word' id='word_1_188' title='bbox 782 3371 977 3432; x_wconf 81' lang='lat' dir='ltr'><strong>foecunditate</strong></span> <span class='ocrx_word' id='word_1_189' title='bbox 992 3370 1104 3452; x_wconf 90' lang='lat' dir='ltr'><strong>judicii</strong></span> <span class='ocrx_word' id='word_1_190' title='bbox 1114 3371 1277 3432; x_wconf 90' lang='lat' dir='ltr'><strong>commenti</strong></span> 
     </span>
     <span class='ocr_line' id='line_1_24' title="bbox 78 3464 1275 3551; baseline 0 -24"><span class='ocrx_word' id='word_1_191' title='bbox 78 3480 158 3530; x_wconf 86' lang='lat' dir='ltr'><strong>sunt.</strong></span> <span class='ocrx_word' id='word_1_192' title='bbox 200 3469 378 3531; x_wconf 87' lang='lat' dir='ltr'><strong>Communis</strong></span> <span class='ocrx_word' id='word_1_193' title='bbox 389 3468 602 3551; x_wconf 84' lang='lat' dir='ltr'><strong>sapientiorum</strong></span> <span class='ocrx_word' id='word_1_194' title='bbox 614 3489 716 3530; x_wconf 90' lang='lat' dir='ltr'><strong>sensus</strong></span> <span class='ocrx_word' id='word_1_195' title='bbox 730 3467 780 3529; x_wconf 90' lang='lat' dir='ltr'><strong>hic</strong></span> <span class='ocrx_word' id='word_1_196' title='bbox 790 3467 858 3541; x_wconf 80' lang='lat' dir='ltr'><strong>fuit,</strong></span> <span class='ocrx_word' id='word_1_197' title='bbox 870 3467 939 3528; x_wconf 92' lang='lat' dir='ltr'><strong>Deo</strong></span> <span class='ocrx_word' id='word_1_198' title='bbox 950 3464 1130 3528; x_wconf 80' lang='lat' dir='ltr'><strong>mirabilium</strong></span> <span class='ocrx_word' id='word_1_199' title='bbox 1143 3468 1275 3528; x_wconf 89' lang='lat' dir='ltr'><strong>omnium</strong></span> 
     </span>
     <span class='ocr_line' id='line_1_25' title="bbox 77 3550 1277 3646; baseline 0.001 -22"><span class='ocrx_word' id='word_1_200' title='bbox 77 3564 212 3626; x_wconf 83' lang='lat' dir='ltr'><strong>effectori</strong></span> <span class='ocrx_word' id='word_1_201' title='bbox 225 3566 431 3646; x_wconf 80' lang='lat' dir='ltr'><strong>reliquendum</strong></span> <span class='ocrx_word' id='word_1_202' title='bbox 443 3586 506 3626; x_wconf 86' lang='lat' dir='ltr'><strong>esse</strong></span> <span class='ocrx_word' id='word_1_203' title='bbox 521 3586 622 3625; x_wconf 89' lang='lat' dir='ltr'><strong>rerum</strong></span> <span class='ocrx_word' id='word_1_204' title='bbox 637 3566 761 3626; x_wconf 81' lang='lat' dir='ltr'><strong>istorum</strong></span> <span class='ocrx_word' id='word_1_205' title='bbox 771 3575 802 3626; x_wconf 91' lang='lat' dir='ltr'><strong>et</strong></span> <span class='ocrx_word' id='word_1_206' title='bbox 812 3550 981 3625; x_wconf 80' lang='lat' dir='ltr'><strong>futurorum</strong></span> <span class='ocrx_word' id='word_1_207' title='bbox 1000 3574 1160 3626; x_wconf 86' lang='lat' dir='ltr'><strong>eventuum</strong></span> <span class='ocrx_word' id='word_1_208' title='bbox 1175 3564 1277 3645; x_wconf 89' lang='lat' dir='ltr'><strong>dispo·</strong></span> 
     </span>
     <span class='ocr_line' id='line_1_26' title="bbox 79 3661 991 3745; baseline -0.003 -22"><span class='ocrx_word' id='word_1_209' title='bbox 79 3664 217 3724; x_wconf 89' lang='lat' dir='ltr'><strong>sitionem</strong></span> <span class='ocrx_word' id='word_1_210' title='bbox 230 3664 295 3724; x_wconf 89' lang='lat' dir='ltr'><strong>sine</strong></span> <span class='ocrx_word' id='word_1_211' title='bbox 307 3663 395 3745; x_wconf 85' lang='lat' dir='ltr'><strong>eujus</strong></span> <span class='ocrx_word' id='word_1_212' title='bbox 409 3674 484 3725; x_wconf 92' lang='lat' dir='ltr'><strong>nutu</strong></span> <span class='ocrx_word' id='word_1_213' title='bbox 500 3684 555 3723; x_wconf 86' lang='lat' dir='ltr'><strong>nec</strong></span> <span class='ocrx_word' id='word_1_214' title='bbox 570 3661 696 3742; x_wconf 85' lang='lat' dir='ltr'><strong>capillus</strong></span> <span class='ocrx_word' id='word_1_215' title='bbox 710 3662 748 3723; x_wconf 90' lang='lat' dir='ltr'><strong>de</strong></span> <span class='ocrx_word' id='word_1_216' title='bbox 763 3662 860 3742; x_wconf 84' lang='lat' dir='ltr'><strong>capite</strong></span> <span class='ocrx_word' id='word_1_217' title='bbox 875 3662 991 3722; x_wconf 89' lang='lat' dir='ltr'><strong>defluit.</strong></span> 
     </span>
    </p>
   </div>
   <div class='ocr_carea' id='block_1_8' title="bbox 0 0 1618 4700">
    <p class='ocr_par' dir='ltr' id='par_1_8' title="bbox 0 0 1618 4700">
     <span class='ocr_line' id='line_1_27' title="bbox 0 0 1618 4700; baseline 0 0"><span class='ocrx_word' id='word_1_218' title='bbox 0 0 1618 4700; x_wconf 95' lang='lat' dir='ltr'><strong> </strong></span> 
     </span>
    </p>
   </div>
  </div>
 </body>
</html>
