3225 4700
496 329 912 400 ITINERARIUM.
1265 334 1329 400 407

35 469 39 472 ’
128 487 230 548 biliter
242 485 407 568 prefuisse,
422 491 453 548 et
466 484 649 547 confidimus
662 503 724 544 uon
737 483 955 565 permissurum
969 491 1002 546 ut
1016 481 1055 546 ad
1065 483 1215 566 ejusmodi
1226 486 1331 547 munia

13 572 15 601 ³
127 583 249 666 indigni
270 585 514 665 promoveantur)
535 581 617 642 viros
637 581 743 642 doctos
762 580 883 642 virtutis
903 581 1232 663 studiosos,'imprimis
1255 585 1330 645 vero

130 680 233 742 Deum
247 681 387 742 timentes
400 680 526 763 deligat.

169 778 250 840 Cum
263 777 336 838 vero
349 777 439 838 etism
454 797 491 837 ex
504 772 662 836 occasione
677 774 868 854 quorundum
882 793 1054 838 sermonum
1067 777 1180 838 temere
1194 775 1329 858 profuso·

127 893 196 937 rum
214 895 276 934 uon
290 874 333 936 its
348 875 466 954 pridem
483 872 581 934 coacti
594 871 740 932 fuerimus
754 872 923 933 Dominum
938 873 975 934 de
990 872 1218 935 Chastcauneuf
1231 874 1330 936 officio

127 970 277 1054 sigilliferi
290 971 419 1051 privare,
438 989 568 1051 eumque
588 969 621 1029 in
641 979 773 1030 cestrum
796 967 1025 1051 Engolismense
1045 969 1202 1052 ablegare:
1225 971 1330 1051 praeci·

128 1069 238 1151 pimus,
266 1077 301 1129 ut
327 1067 391 1149 ipss
418 1068 531 1129 ibidem
556 1075 702 1139 servetur,
730 1063 830 1147 quoad
858 1087 917 1148 pax
945 1065 1094 1148 generalis
1120 1065 1327 1142 concludatur,

127 1167 252 1247 quando
261 1184 317 1246 pro
330 1165 520 1246 beneplacito
529 1163 658 1246 Reginae
669 1173 699 1224 et
707 1163 947 1224 consiliariorum
958 1165 1106 1225 sententia
1115 1164 1140 1224 si
1152 1174 1232 1226 certa
1243 1167 1329 1226 sedes

127 1264 179 1325 vel
193 1265 224 1324 in
241 1263 290 1324 vel
308 1274 393 1324 extre
406 1282 532 1343 regnum
547 1261 701 1342 designari
718 1261 828 1342 poterit
844 1261 875 1321 ln
894 1279 953 1341 quo
967 1280 998 1320 se
1015 1258 1054 1320 ad
1069 1259 1133 1320 <lies
1147 1260 1216 1320 vitae
1234 1261 1328 1322 conti·

127 1371 215 1422 neat*
250 1359 436 1421 Maudamus
445 1360 536 1420 etiam
550 1367 586 1419 ut
596 1356 728 1419 Ducissu
741 1358 780 1419 de
790 1357 962 1419 Cherreuse
972 1357 1010 1417 ob
1019 1357 1200 1439 justissimas
1213 1377 1341 1429 causas„

126 1477 221 1540 regno
235 1456 357 1527 Galliae,
380 1475 474 1537 usque
494 1456 533 1517 ad
553 1455 700 1517 bellorum
721 1455 816 1516 linem
836 1454 947 1542 exulet.
989 1454 1139 1516 Volumus
1156 1475 1275 1537 quoque
1295 1468 1329 1520 ut

126 1573 183 1614 nec
196 1573 271 1634 psce
284 1553 437 1627 conclusa,
452 1553 511 1614 nisi
525 1571 562 1614 ex
576 1553 673 1635 grstia
684 1553 813 1636 Reginae
828 1553 859 1614 in
872 1571 997 1634 regnum
1009 1553 1122 1627 redeat,
1134 1554 1182 1615 vel
1193 1555 1218 1615 si
1232 1555 1329 1616 redire

125 1651 347 1732 contingatur
367 1649 418 1710 vel
434 1669 526 1732 prope
544 1650 647 1710 aulum
666 1650 843 1731 hospitetur.
887 1649 971 1722 Quin
985 1671 1040 1712 nec
1054 1651 1120 1712 eliis
1135 1652 1243 1713 nostris
1257 1654 1328 1713 suh·

126 1747 211 1820 ditis,
224 1747 277 1828 qui
291 1745 372 1807 ultro
384 1767 416 1807 sa
432 1746 534 1808 Gallis
542 1745 592 1807 vel
606 1765 645 1806 ex
658 1746 748 1807 cartis
762 1747 860 1808 causis
874 1747 1099 1822 submoverunt,
1111 1749 1328 1830 cujuscumque

13 1888 14 1893 η
127 1843 310 1905 conditionis
329 1843 374 1903 illi
394 1843 518 1917 luerint,
537 1844 653 1905 reditus
670 1845 701 1903 in
721 1863 850 1926 regnum
864 1842 1035 1906 ullomodo
1055 1846 1254 1927 permittetur,
1268 1848 1328 1908 nisi

127 1961 197 2000 cum
213 1941 285 2022 ipsis
299 1939 435 2001 unanimi
447 1961 595 2001 consensu
608 1941 684 2001 dicti
698 1940 863 2002 consiliarii
877 1942 1082 2003 decernerent.

170 2037 313 2117 Denique
322 2038 465 2118 jubemus
479 2048 513 2098 ut
531 2039 564 2098 in
582 2038 649 2098 hmo
666 2037 769 2098 omnia
782 2047 894 2119 puncta
904 2049 1062 2119 postremae
1077 2038 1250 2111 voluntatis,
1265 2050 1326 2102 tum

12 2174 17 2181 -
127 2133 250 2216 Regina
266 2133 437 2215 gubernans
454 2135 567 2215 conjux
584 2144 696 2209 nostra,
717 2145 747 2196 et
764 2133 898 2196 filiorum
919 2147 1088 2196 nostrorum
1110 2148 1215 2212 mater,
1236 2157 1326 2218 quam

126 2230 220 2292 frater
239 2241 339 2291 noster
358 2231 431 2291 Dux
451 2231 678 2292 Aurelianensis
696 2240 728 2292 et
747 2232 899 2314 principes
918 2233 1207 2315 sanguinis,'duces,
1229 2255 1325 2316 pares,

126 2326 315 2389 mareschalli
332 2338 364 2390 et
381 2327 522 2390 officiales
536 2327 622 2411 regui
636 2329 738 2390 sancte
746 2329 862 2410 jurent,
879 2330 960 2411 quod
977 2331 1078 2392 omnia
1095 2329 1161 2393 haec
1175 2332 1328 2394 decretae

126 2425 213 2485 nobis
221 2424 416 2507 integerrima
423 2425 484 2486 lide
495 2424 708 2487 inviolabiliter
717 2446 836 2487 servsre
845 2437 875 2488 et
884 2428 1052 2489 executioni
1064 2428 1205 2490 mandare
1214 2429 1326 2491 velint:

126 2523 268 2603 inquom
288 2520 380 2583 finem
401 2522 500 2605 primo
519 2542 638 2603 quoque
662 2533 794 2605 tempore
815 2544 869 2605 per
893 2524 979 2605 regni
1001 2526 1172 2605 provincias
1193 2526 1327 2608 publicu-

127 2620 249 2680 huntur.
725 2618 743 2653 '·

168 2717 248 2778 Hoec
267 2717 370 2778 omnia
386 2738 479 2778 manu
496 2728 598 2781 nostra
613 2719 788 2802 scripsimus
806 2732 837 2782 ct
851 2721 1065 2785 subscribenda
1083 2723 1148 2785 aliis
1162 2724 1328 2786 communi·

126 2814 263 2876 cavimus
276 2815 484 2896 subscribique
492 2817 639 2898 jussimus
649 2838 702 2899 per
713 2818 864 2900 Reginam
878 2820 1038 2901 conjugem
1052 2832 1195 2893 nostram,
1207 2822 1327 2883 Ducem

126 2911 387 2985 Aurelianum,
403 2922 433 2971 et
449 2914 640 2974 secretarium
661 2925 765 2988 status,
779 2916 945 2997 sigillisque
963 2917 1146 2979 munivimus
1159 2926 1189 2979 et
1207 2920 1327 2979 roboru-

125 3008 225 3069 vimus
237 3008 278 3069 ad
293 3008 440 3069 Sanctum
455 3010 655 3087 Germanum,
670 3031 771 3073 mense
785 3013 898 3094 Aprili,
913 3015 985 3074 anni
1007 3016 1094 3074 1643.
1134 3018 1227 3077 Anno
1240 3016 1326 3099 regni

126 3106 220 3167 nostri
234 3106 391 3186 trigesimo
404 3106 502 3167 tertio.

168 3202 229 3263 His
242 3202 419 3283 subscriptis
431 3212 459 3264 et
473 3224 527 3284 per
539 3204 732 3267 Parlamentu
742 3207 912 3290 publicatis,
928 3208 1075 3290 vigesimo
1089 3210 1187 3290 primo
1202 3212 1324 3273 tandem

125 3299 238 3359 mensis
256 3298 374 3379 Aprilis
393 3298 510 3380 Regius
530 3301 678 3383 Princeps
697 3304 924 3387 Primogenitus
945 3326 997 3366 seu
1012 3306 1183 3388 Delphinus
1198 3308 1326 3370 Parisiis

124 3394 273 3475 baptismo
292 3395 431 3457 admotus
451 3408 506 3458 est.
548 3397 648 3469 Quem
669 3400 737 3461 Rex
757 3414 844 3482 pater
864 3403 902 3465 de
921 3423 975 3464 suo
992 3398 1113 3465 nomine
1135 3405 1325 3469 Ludovicum

124 3490 270 3572 appellari
291 3490 398 3554 voluit.
444 3493 472 3552 E
492 3512 578 3556 sucro
598 3494 719 3557 lavacro
739 3518 808 3559 eum
830 3512 1023 3581 susceperuut
1045 3503 1168 3564 nomine
1193 3503 1325 3565 Romani

124 3586 285 3649 Pontificis
298 3588 472 3651 Cardinslis
486 3590 672 3670 Matutinus,
686 3614 723 3656 sc
741 3596 863 3657 nomine
883 3596 1103 3679 Hispaniarum
1123 3599 1217 3682 Regis
1234 3599 1325 3661 Prin·

122 3708 193 3769 ceps
206 3687 340 3762 imminu,
355 3688 482 3751 Condoei
495 3693 616 3773 conjux.
