3225 4700
502 349 912 418 ITINERARIUM.
1233 354 1297 419 263

86 484 156 556 bat,
169 503 231 548 non
241 495 358 568 poterat
366 495 428 550 tarn
438 488 537 552 subito
546 510 630 553 arma
640 509 792 572 capessere
801 491 866 552 sine
876 496 1024 572 presente
1033 487 1181 570 periculo,
1193 486 1296 572 itaque

89 581 199 664 fugam
213 583 392 648 tutissimam
405 587 531 669 quisque
544 597 580 651 ut
592 597 657 650 orat
669 588 719 651 val
732 588 808 650 semi
820 587 946 650 uestitus
958 586 1009 649 val
1022 585 1053 647 ia
1067 585 1190 649 indusio
1204 585 1298 647 rima·

90 689 156 755 tur,
178 689 212 742 ut
227 681 334 746 saltam
352 683 445 746 vitam
462 686 559 748 salvet
575 685 601 749 si
619 706 690 767 opes
707 685 840 767 pendan
858 691 993 766 cogatur.
1035 682 1115 745 Haec
1132 683 1206 746 dum
1221 683 1300 745 finnt

89 776 196 839 adbuc
209 780 467 862 erautpotissimsr
479 791 588 844 turma
605 793 675 844 aute
692 791 804 862 portas,
824 780 908 861 quod
924 779 1118 862 conspicatus
1133 779 1313 861 predictus*

90 871 301 938 locumtenens
315 875 662 962 Coningsteinianorum,
675 877 769 940 mittit
780 876 834 959 qui
854 876 1009 939 securibus
1021 876 1140 938 aditum
1150 877 1296 958 aperiant,

91 981 171 1032 tuno
185 972 368 1036 unanimiter
377 975 419 1038 ad
431 975 537 1056 templi
551 975 674 1051 atrium,
687 973 721 1038 in
734 975 817 1056 qnod
829 973 986 1057 potissima
998 993 1069 1056 pars
1081 972 1174 1036 hostis
1192 994 1224 1036 se
1237 972 1300 1038 ool·

92 1066 212 1150 legerat
227 1069 315 1146 itum,
330 1071 517 1154 petitumque
529 1073 663 1134 vitamne
676 1071 790 1135 salvam
804 1071 911 1146 velint,
925 1081 957 1134 et
968 1070 1093 1133 vincula
1104 1091 1158 1132 seu
1171 1071 1300 1152 captivi·

92 1172 189 1226 tatem
202 1165 313 1241 subire,
327 1169 411 1249 quod
422 1189 482 1231 non
496 1168 587 1232 iuviti
599 1178 770 1232 mouerunt
785 1168 944 1250 precipui,
964 1167 1070 1251 positis
1087 1167 1190 1249 itaqua
1207 1168 1299 1230 armis

94 1281 161 1324 sese
173 1261 282 1326 victori
294 1263 385 1328 militi
398 1265 549 1329 dederuut
560 1267 615 1347 qui
630 1267 710 1349 ipsos
722 1266 840 1348 pedites
853 1266 1024 1329 Hoohstam
1034 1265 1171 1328 deduxit.

138 1360 188 1422 De
202 1361 307 1443 praeda
320 1361 509 1446 singolorum
526 1383 587 1426 non
604 1349 649 1426 est
663 1363 751 1426 facila
770 1363 974 1437 scribendum,
987 1382 1058 1424 cum
1067 1362 1209 1444 jamdum
1227 1380 1299 1423 con·

94 1463 164 1526 stat,
177 1475 269 1537 quam
287 1457 414 1541 quisque
432 1479 487 1522 sus
504 1460 602 1542 spolia
618 1459 786 1542 supprimat
801 1469 857 1522 ant
875 1468 1026 1534 extenuet,
1045 1457 1143 1521 solent
1163 1457 1246 1520 enim
1266 1457 1299 1518 in

94 1550 272 1634 hujusmodi
291 1555 497 1618 occasionibus
515 1555 619 1618 omnia
636 1555 669 1618 in
689 1556 824 1622 madium
842 1555 980 1638 proferri,
1001 1566 1032 1617 et
1051 1555 1146 1637 aequis
1165 1555 1300 1637 partibus

94 1647 175 1710 inter
188 1649 319 1730 equales
331 1652 457 1733 periculi
471 1653 578 1730 socios,
592 1674 648 1736 pro
663 1654 813 1736 dignitate
831 1654 966 1736 cujusvis
984 1652 1142 1716 distribui:
1163 1651 1220 1714 hoc
1233 1661 1300 1714 tan-

95 1755 162 1807 tum
176 1747 260 1826 quod
273 1757 356 1812 certo
368 1759 555 1832 compertum
565 1761 609 1814 est
620 1751 760 1825 scribam,
772 1771 865 1814 unum
876 1750 975 1814 solum
984 1749 1131 1811 rusticum
1142 1749 1298 1838 ductorpm
1406 1777 1413 1784 ·

95 1842 246 1905 militibus
258 1845 445 1928 assignatum
459 1848 601 1910 eximiam
615 1868 737 1931 prorsus
750 1849 914 1912 obtinuisse
920 1848 1070 1931 predam,
1082 1846 1198 1908 scilicet
1210 1846 1300 1907 nnius

97 1961 135 2002 ex
150 1941 242 2022 primi
254 1942 370 2005 ordinis
380 1944 556 2008 officialium
569 1945 729 2021 sarcinam,
743 1945 776 2008 iu
789 1964 850 2026 qna
863 1945 1008 2026 reperisse
1020 1942 1134 2006 dicitnr
1145 1941 1229 2004 mille
1242 1943 1300 2004 du·

96 2049 192 2113 catos,
209 2039 342 2102 studiose
360 2041 512 2104 involutos
529 2041 561 2104 in
579 2040 733 2104 baltheum
751 2042 924 2113 militarem,
937 2040 1099 2104 duodecim
1115 2039 1238 2101 collaria
1253 2059 1300 2102 rs·

96 2155 172 2196 oens
185 2143 295 2218 empta,
309 2157 438 2218 qaorum
451 2139 573 2220 singula
587 2139 696 2222 viginti
710 2149 837 2221 quatuor
850 2137 1054 2221 imperialibus
1068 2146 1140 2199 sunt
1154 2135 1302 2198 oestimats

96 2230 233 2312 aliasque
253 2233 369 2295 reculas
388 2253 451 2296 non
470 2234 556 2316 parvi
576 2235 681 2317 precii.
724 2236 766 2299 Et
784 2234 858 2299 licet
877 2232 970 2298 homo
988 2234 1072 2296 valer
1091 2253 1246 2315 nunquam
1261 2233 1301 2294 de

97 2326 184 2391 mille
202 2328 320 2393 ducatis
337 2329 425 2393 fateri
444 2330 582 2408 voluerit,
604 2331 644 2394 do
662 2330 782 2395 baltheo
797 2353 871 2395 raro
888 2341 920 2396 at
936 2331 1099 2395 collaribus
1117 2330 1211 2392 libere
1230 2350 1301 2392 con·

97 2425 194 2487 fessus
210 2425 261 2501 sit,
274 2427 430 2490 convictus
447 2438 547 2491 nmen
565 2438 611 2492 est
629 2429 786 2512 ipsiusmet
803 2428 948 2491 Praefecti
961 2429 1134 2511 vigiliarum
1150 2447 1300 2489 assevera-

97 2522 192 2597 tione,
205 2524 259 2606 qui
276 2522 375 2606 palam
393 2526 495 2588 aiebat
510 2535 607 2590 semet
623 2526 677 2588 bos
694 2527 778 2589 mille
797 2525 923 2589 dromos
939 2526 982 2588 ita
996 2524 1114 2588 baltheo
1127 2523 1300 2599 involvisse,

99 2629 136 2682 ut
149 2619 233 2683 salva
246 2621 306 2683 tela
317 2622 399 2686 intra
411 2633 472 2686 tam
483 2624 574 2685 breve
585 2628 704 2703 tempus
713 2621 812 2683 evolvi
822 2641 883 2683 non
894 2624 1055 2702 potuerint.
1077 2619 1188 2694 Quoad
1198 2638 1302 2701 equos,

98 2736 205 2777 omnes
217 2718 421 2791 obtinuerunt.
436 2726 638 2802 putanturque
652 2719 834 2801 quingentos
847 2718 1017 2781 excessisse.
1161 2734 1164 2745 ·

140 2814 191 2874 Ex
214 2814 348 2878 hostibus
368 2815 460 2879 occisi
483 2825 555 2879 sunt
574 2835 635 2878 non
656 2816 714 2879 nisi
733 2829 849 2897 septem
868 2824 985 2890 octove,
1006 2817 1024 2876 ὲ
1044 2812 1206 2876 Wolfianis
1226 2812 1302 2887 dno,

97 2930 239 2999 unusque
250 2910 327 2973 civis
340 2912 525 2986 vulneratus,
538 2911 649 2994 reliqui
665 2932 771 2973 omues
786 2912 826 2973 da
842 2911 939 2985 hoste,
952 2909 1090 2992 pauculis
1101 2908 1235 2991 exceptis
1248 2908 1303 2989 qui

98 3026 154 3087 per
167 3008 280 3071 moenia
294 3008 468 3071 clanculum
487 3030 519 3071 se
534 3009 722 3071 demiserunt
736 3008 836 3090 capti:
857 3008 1032 3090 etquidem
1051 3006 1084 3067 hi
1102 3006 1182 3069 inter
1195 3005 1301 3087 prasci·

98 3104 1173 3189 puosnominatimMajorKord‘supremusequitumsigiliisproetectus.
1197 3102 1302 3185 Major

99 3198 298 3283 Oelschleger
307 3222 463 3284 supremus
474 3203 547 3265 item
560 3203 742 3285 Drsgonum
750 3201 865 3286 vigiliis
873 3203 1043 3284 praefectus,
1054 3201 1205 3285 Magister
1217 3200 1302 3280 equi·

100 3303 167 3357 tum
192 3296 392 3371 Kalthausen‚
418 3299 602 3381 capitaneus
624 3298 846 3372 Sansenwindt‚
863 3299 926 3361 duo
946 3299 1209 3375 locumteneates,
1230 3300 1301 3362 Ma·

98 3392 194 3473 gistsr
213 3394 453 3469 Quarteriorum,
471 3394 620 3459 vexilit'eri
639 3394 764 3477 aliquot,
782 3395 1014 3458 &musanus
1028 3394 1165 3484 quidam,
1177 3406 1302 3459 centum

14 3516 17 3545 t
100 3498 134 3550 et
145 3489 251 3553 dacem
265 3492 391 3573 equites,
406 3492 563 3555 desultorii
575 3492 740 3575 octoginta,
753 3500 864 3575 praroer
875 3491 994 3555 calones
1003 3501 1037 3554 ct
1049 3492 1180 3557 caculas
1236 3566 1242 3577 Ι

145 3588 210 3651 Iter
222 3588 393 3651 Hdcbstam
404 3608 506 3652 versus
519 3608 624 3652 omncs
636 3609 732 3670 nsque
744 3589 784 3652 ad
798 3608 963 3671 supremos,
973 3590 1088 3673 pedites
1100 3590 1179 3655 inire
1191 3588 1303 3651 debue-

103 3696 184 3763 runt,
200 3706 237 3749 eo
255 3685 338 3767 quod
354 3685 425 3769 equi
433 3685 500 3768 jsrn
518 3694 618 3748 essem
633 3686 791 3768 praemissi,
808 3705 881 3749 cum
897 3695 999 3749 nmen
1016 3690 1111 3770 prope
1130 3684 1302 3749 Hochstam
