3225 4700
341 329 406 394 364
728 319 754 382 Ι
762 319 865 387 TIN
870 319 1059 388 ERARI
1067 321 1153 387 UM.

343 481 453 542 educat
469 497 572 538 secum
590 493 770 556 quacunque
787 473 903 534 ratione
920 495 973 535 sen
992 474 1089 556 palam
1108 495 1161 536 sen
1180 474 1259 536 clam
1278 474 1359 536 cives
1377 475 1555 538 Marcodu-

345 597 456 647 renses‚
470 573 609 635 antelios
623 591 818 653 quoscunque
834 571 887 651 qui
902 571 1012 632 milites
1026 592 1085 632 non
1101 581 1180 647 sunt,
1192 572 1338 633 militibus
1352 573 1553 653 permisceat.

385 673 442 733 IV.
465 671 576 732 Nullos
591 668 746 730 cuniculos
758 667 807 728 vel
821 679 954 749 tempore
964 669 1128 730 obsidionis
1139 669 1264 730 velante
1278 670 1389 750 positos
1404 671 1555 732 celabunt

343 791 397 852 per
410 788 486 849 quos
500 765 715 828 incommodari
728 765 845 826 civitati
859 775 967 847 posset.

383 866 423 926 V.
446 865 593 946 Obligant
609 883 640 924 se
658 862 748 922 ambo
763 862 928 924 Generales
945 863 1119 944 presidium
1135 863 1297 924 Wesaliam
1313 884 1410 944 usqne
1426 863 1552 926 salvum

342 963 520 1024 conducere.
563 961 601 1019 ln
627 959 717 1020 fidem
739 972 895 1040 pactorum
917 962 980 1022 duo
1004 961 1140 1042 exempla
1160 961 1295 1043 ejusdem
1316 961 1432 1022 tenoris
1461 983 1552 1042 expe·

343 1061 408 1122 dita
421 1071 501 1135 sunt,
521 1070 553 1120 et
567 1059 718 1136 utrimque
730 1057 896 1138 subscripta
918 1056 1085 1139 sigillisque
1099 1057 1225 1119 munita.
1263 1059 1378 1120 Actum
1392 1056 1424 1118 in
1443 1060 1552 1119 castris

345 1167 414 1219 ante
430 1157 650 1219 Marcodurnm
663 1156 714 1213 23.
730 1152 872 1217 Octobris
886 1155 970 1214 Anni
987 1153 1073 1214 1642.

783 1268 834 1345 (L.
851 1267 899 1344 s.)

699 1399 880 1460 'Mancaroa
894 1396 1089 1458 Hsrzsannr.

905 1527 956 1606 (L.
972 1527 1021 1604 s.)

786 1663 810 1724 J
812 1683 931 1724 osenna
947 1661 1159 1723 Canrsrunns
1173 1660 1282 1723 Conso
1297 1683 1338 1723 nn
1352 1663 1468 1726 Wrnr„

982 1791 1034 1868 (L.
1050 1789 1098 1868 s.)

967 1919 1159 1982 Faunorseus
1174 1920 1421 1984 Baoncrrsoasr.

427 2202 609 2265 MNIBUS
622 2202 704 2263 bunc
715 2202 745 2262 in
758 2201 882 2262 rnodum
898 2198 1071 2281 compositis
1085 2219 1238 2281 egressum
1250 2213 1408 2282 expectant
1421 2215 1451 2265 et
1461 2225 1546 2286 spec-

454 2309 519 2361 tant
536 2298 675 2360 victores.
695 2298 836 2379 Cumque
853 2297 956 2358 multis
973 2295 1120 2378 capitibus
1133 2308 1220 2378 pacta
1232 2299 1338 2361 violari
1352 2299 1544 2363 animadver-

344 2408 412 2460 tunt
425 2397 527 2475 (multi
549 2398 660 2457 etenim
679 2396 854 2457 ardentibus
876 2394 1039 2470 fomitibus,
1055 2404 1083 2455 et
1095 2394 1229 2455 silicibus
1243 2397 1282 2457 ad
1295 2397 1476 2461 bombardae
1491 2402 1545 2461 ad·

343 2497 443 2557 ductis
458 2495 700 2576 egrediebantur,
715 2514 798 2553 arma
816 2492 887 2553 item
901 2492 1039 2553 curribus
1053 2492 1194 2573 imposita
1205 2493 1385 2571 evehebant,
1396 2494 1544 2557 famosum

343 2595 433 2653 etiam
448 2590 663 2672 exploratorem
680 2589 899 2651 Gubernatoris
913 2609 1002 2650 curru
1016 2588 1126 2664 (inscio
1140 2597 1252 2659 tamen,
1266 2602 1300 2651 ut
1314 2593 1541 2671 protestabatur,

346 2688 601 2761 Brunclsborstio)
618 2688 816 2758 occultarant,
833 2686 1001 2767 pluresque,
1021 2686 1073 2766 qui
1092 2684 1201 2747 milites
1215 2697 1382 2762 nouerant,
1396 2687 1542 2751 militibus

343 2787 535 2855 miscuerant,
555 2805 592 2845 ac
611 2784 742 2865 denique
761 2784 867 2857 multa,
887 2802 956 2864 quae
977 2782 1140 2843 obsidionis
1158 2791 1290 2863 tempore
1309 2784 1401 2844 sacris
1421 2783 1496 2847 locis
1513 2800 1541 2847 et

344 2882 506 2964 prophanis
518 2881 712 2953 abstulerant,
726 2900 829 2941 secum
841 2880 1045 2954 abducebant)
1056 2878 1255 2960 permiserunt
1268 2890 1340 2940 tunc
1350 2880 1472 2960 quidem
1487 2885 1539 2943 iter

344 2978 376 3038 in
394 2979 564 3060 proximum
585 2979 717 3062 Pagunr,
732 2979 785 3039 sed
807 2978 951 3059 postridie
968 2975 987 3037 b
1004 2975 1233 3057 superveniente
1251 2975 1346 3037 milite
1366 2978 1478 3060 egressi
1497 2992 1537 3040 at·

343 3076 487 3147 tinentur‚
508 3086 538 3136 et
556 3096 624 3156 qnae
642 3089 747 3137 contra
764 3086 854 3157 pacta
871 3075 1019 3145 fecissent,
1040 3072 1235 3153 objiciuntur,
1252 3074 1404 3155 praecipue
1419 3077 1492 3136 verb
1509 3086 1537 3137 et

344 3172 431 3242 illud,
445 3173 528 3252 qnbd
541 3173 663 3252 quidem
678 3172 822 3253 promissa
836 3182 911 3232 esset
927 3170 958 3230 in
973 3168 1196 3231 conditionibus
1209 3170 1351 3231 deductio
1365 3170 1535 3249 Wesaliarn,

343 3269 396 3328 sed
417 3288 485 3348 quae
501 3268 555 3330 ille
573 3269 706 3330 Wesalia
723 3268 798 3330 soret
818 3267 952 3349 superior
972 3286 1010 3326 an
1033 3264 1167 3339 inferior,
1187 3286 1247 3326 non
1265 3286 1327 3327 esse
1346 3280 1532 3343 conventum,

341 3365 420 3425 unde
435 3385 525 3446 penes
544 3365 710 3427 Generales
726 3376 803 3427 stare
824 3363 1052 3425 definitionem:
1073 3370 1104 3421 et
1120 3360 1191 3423 licet
1208 3364 1362 3444 probabile
1380 3366 1430 3433 sit,
1443 3366 1533 3427 victos

341 3461 504 3521 Wesaliam
528 3461 752 3523 Hollandornm
771 3461 964 3537 intellexisse,
981 3457 1063 3541 quod
1079 3467 1179 3519 tamen
1201 3460 1233 3520 id
1253 3462 1348 3542 pactis
1365 3483 1530 3544 expressum

340 3579 400 3618 non
421 3569 507 3628 esset,
525 3559 565 3619 ad
581 3558 659 3619 nibil
675 3580 706 3620 se
723 3558 828 3630 teneri,
844 3558 925 3619 uude
942 3575 1072 3618 errorem
1092 3574 1155 3618 sure
1175 3556 1367 3639 negligentia
1386 3560 1530 3621 adscribe-

340 3665 415 3714 rent.
459 3653 489 3714 H
494 3674 537 3716 aec
551 3656 625 3715 dum
639 3657 791 3737 utrimque
800 3656 889 3717 latius
902 3655 1117 3735 disceptantur,
1129 3654 1316 3716 redeundum
1330 3675 1400 3717 oum
1413 3655 1530 3737 impedi·
