3225 4700
488 363 892 432 ITINERA-RIUM.
1223 365 1288 430 259

85 533 162 575 num
174 513 232 576 sibi
245 511 371 591 bmtem,
385 516 527 596 quonism
540 526 641 580 temen
655 538 725 580 eum
735 527 840 600 aperte
851 519 883 580 vi
897 516 1008 599 pellere
1020 515 1093 580 inde
1102 535 1163 579 nou
1174 526 1284 598 posset,

85 611 233 691 tantisper
243 611 379 684 sustinet,
392 615 494 695 quoad
507 613 671 698 Moguntia
682 615 834 696 suppetias
847 613 1032 703 obtinuisset.

132 706 208 770 Erat
228 715 301 769 tunc
315 707 391 772 torre
405 710 518 772 ibidem
531 711 579 774 vir
591 731 697 794 sagax,
709 732 766 773 neo
781 712 921 775 Suedicae
933 710 1057 773 iactiom
1069 711 1199 773 multam
1212 708 1287 770 emi·

88 825 153 879 cus,
178 803 233 886 qui
256 825 328 866 oum
348 805 549 887 (lapitaneum
569 827 661 889 quam
682 807 858 889 longissimi
881 808 984 871 abesse
1007 805 1109 882 vellet,
1133 805 1285 887 quidquid

87 900 240 984 Epsteinii
252 915 391 984 ageretur
404 923 458 986 per
475 903 636 970 fidissimos
654 904 782 966 nuncios
801 903 968 967 identidem
981 902 1136 986 significet
1147 903 1284 984 Coning-

6 1069 7 1074 γ
87 1001 243 1076 steininm,
266 1003 449 1084 tandemque
468 1000 599 1064 faciebat
618 1022 702 1084 spem
718 1002 809 1064 facile
826 1001 1038 1083 intercipiendi
1053 1000 1196 1082 panemos
1210 1001 1284 1064 istos

6 1127 7 1167 1
87 1099 210 1176 milites,
232 1101 433 1182 horrenmque
456 1099 592 1161 vicinum
612 1099 810 1180 Epsteiniano
827 1108 927 1161 castro
946 1098 1132 1181 designabat,
1150 1096 1184 1158 ln
1200 1098 1283 1178 quod

88 1198 246 1260 commode
258 1197 371 1259 milites
384 1196 439 1259 sub
452 1215 549 1258 seram
558 1205 677 1258 uocum
690 1195 909 1271 occulereotur,
922 1215 1102 1276 omnemque
1111 1195 1288 1276 opportuni·

88 1305 182 1358 tutem
196 1295 333 1357 irruendi
346 1294 537 1356 rimarentur.
580 1293 703 1356 Placuit
723 1293 884 1356 eonsilium
902 1294 1038 1356 Domino
1053 1290 1285 1355 commendanti

89 1390 377 1474 Coningsteiniensi,
391 1389 581 1470 destinatque
599 1409 671 1452 oum
690 1389 875 1474 Mogontino
892 1390 987 1453 milita
1006 1391 1045 1453 de
1062 1386 1287 1452 animosissimis

88 1507 212 1550 suorum
225 1487 361 1560 selectos,
373 1487 428 1568 qui
441 1494 559 1568 postero
572 1487 623 1548 die
636 1487 791 1570 negotium
800 1489 1044 1571 aggrederentur.
1087 1487 1133 1550 Hi
1143 1507 1214 1548 cum
1224 1504 1285 1546 noo

89 1584 196 1666 procul
209 1583 368 1668 Epsteinio
380 1583 527 1655 abessent,
540 1581 690 1665 variisque
702 1584 933 1666 cogitationibus
946 1585 965 1646 l
978 1605 1010 1646 se
1027 1595 1132 1646 mutuo
1149 1581 1286 1645 dimede-

88 1681 202 1744 reatin
216 1701 343 1763 sequens
357 1699 445 1741 mane
455 1681 495 1742 ob
508 1677 592 1741 uaris
605 1681 822 1762 impedimenta
833 1683 989 1766 negotium
1003 1681 1111 1744 confici
1124 1700 1186 1742 non
1200 1699 1286 1762 posse

88 1779 345 1842 animadvertunt.
387 1777 434 1838 Ea
447 1785 568 1860 propter
581 1777 696 1840 interea
709 1778 748 1840 de
761 1799 842 1842 nova
853 1778 976 1862 stropha
987 1777 1169 1843 consultant.
1211 1777 1288 1840 Erat

87 1875 165 1939 forte
179 1877 232 1959 qui
242 1885 305 1936 arte
318 1874 474 1936 venatoria
482 1873 648 1956 jaculando
660 1874 731 1936 ieris
744 1895 797 1958 per
809 1877 912 1956 sylvas
925 1880 1009 1957 (quse
1019 1874 1083 1936 istis
1095 1873 1169 1936 locis
1182 1892 1287 1934 occur·

89 1981 162 2034 runt
180 1971 364 2053 frequentes)
386 1969 594 2033 insidiabatur.
629 1971 694 2034 Hic
714 1982 881 2055 opportune
898 1972 1060 2035 hinnulum
1078 1991 1132 2033 seu
1149 1989 1287 2052 capream

87 2068 266 2149 sylvestrem
281 2077 436 2139 straverat,
451 2088 520 2130 enm
535 2067 589 2130 uni
608 2068 740 2132 militum
758 2070 815 2132 sub
832 2080 916 2133 veste
934 2070 1047 2132 rustica
1063 2067 1168 2130 latenti
1185 2067 1217 2129 in
1230 2067 1288 2128 hu·

88 2185 189 2227 meme
202 2165 322 2239 tollunt,
336 2165 583 2247 praemittuutque
603 2187 673 2228 cum
693 2167 811 2229 dnobus
824 2167 892 2230 aliis
908 2167 1055 2229 militibus
1073 2164 1166 2228 simili
1182 2164 1289 2226 habitu

87 2261 218 2334 vestitis,
239 2262 292 2342 qui
317 2261 584 2324 hebdomadarium
605 2263 765 2344 pecuniam
792 2283 825 2325 se
846 2263 924 2326 ierre
944 2263 1092 2325 militibus
1114 2261 1288 2324 comminis-

88 2368 216 2422 cantur:
247 2359 363 2422 dietum
388 2358 523 2421 iactum:
553 2358 614 2422 itur
634 2360 674 2422 ad
695 2361 826 2443 primam
847 2371 963 2442 portam
983 2362 1072 2436 arcis,
1092 2361 1144 2422 ubi
1161 2360 1289 2421 interro·

6 2490 7 2495 κ
88 2464 202 2539 gantur
223 2457 305 2518 unde
325 2454 457 2530 veniant,
474 2455 589 2537 quidve
606 2457 727 2519 velintl
755 2458 931 2540 Respondet
947 2458 1030 2541 prior
1046 2476 1078 2520 se
1097 2457 1193 2519 feram
1210 2455 1287 2518 banc

88 2550 286 2633 (monstrabat
299 2555 449 2634 capream)
457 2554 578 2635 jussum
591 2573 655 2615 esee
671 2562 790 2635 portare
805 2554 983 2636 capitaneo,
1001 2554 1133 2636 reliquos
1148 2555 1225 2617 duos
1236 2574 1289 2635 pe·

87 2650 197 2714 eunias
209 2660 310 2733 pectas
321 2651 399 2713 ferre
407 2671 417 2727 3
438 2660 527 2733 atque
540 2652 585 2713 ita
597 2651 695 2733 primo
707 2650 793 2714 aditu
805 2651 978 2714 admittitur
994 2652 1022 2713 is
1036 2651 1090 2733 qui
1108 2651 1202 2715 serum
1220 2670 1290 2733 por-

87 2750 183 2822 tabat,
200 2768 290 2829 quem
309 2768 380 2810 uum
397 2747 416 2809 b
434 2758 519 2830 tergo
534 2758 730 2829 sequerentur
747 2748 799 2811 alii
817 2749 889 2824 dno,
908 2748 1127 2831 prohibuerant
1140 2749 1287 2822 excubiae,

89 2845 172 2907 unde
184 2858 251 2907 orta
263 2844 365 2926 aliqua
377 2845 540 2920 eontentio,
555 2845 726 2907 excubitare
740 2846 904 2918 resistente,
918 2845 1115 2909 renitentibus
1124 2845 1289 2928 personatis

88 2942 220 3005 rusticis.
262 2942 341 3005 Haec
355 2943 431 3005 dum
444 2941 532 3017 liunt,
547 2943 665 3025 abjecto
677 2943 732 3024 qui
744 2941 907 3004 hinnulum
918 2943 1033 3008 serebat
1044 2962 1145 3017 onere,
1159 2942 1288 3003 securim

88 3056 180 3120 quam
194 3038 318 3121 cingulo
330 3040 473 3101 insertam
484 3040 620 3122 gestabat
629 3040 714 3121 qnasi
724 3039 809 3101 litem
818 3040 1033 3122 diremptums,
1043 3039 1146 3101 valido
1155 3038 1187 3100 in
1198 3046 1289 3120 caput

88 3136 273 3197 excubitoris
286 3137 349 3197 ictu
360 3136 498 3218 impegit,
512 3145 546 3197 ut
559 3156 614 3218 pro
632 3146 750 3198 mortuo
770 3136 801 3198 in
819 3147 932 3199 terram
948 3135 1155 3212 collaberetur,
1174 3135 1289 3197 interea

90 3252 128 3293 ex
141 3232 267 3295 latibulo
281 3241 490 3315 prorepserunt
502 3232 670 3295 ebsoonditi
683 3232 794 3295 milites
809 3233 922 3310 ceteri,
941 3233 1091 3315 simulque
1101 3232 1191 3315 pleno
1203 3232 1288 3295 aditu

89 3338 192 3409 portas
204 3338 364 3411 occupant,
383 3330 427 3391 its
443 3338 479 3391 ut
496 3349 585 3390 nemo
601 3350 639 3390 ex
658 3329 767 3392 vicima
785 3329 949 3412 majoribus
966 3328 1101 3391 excubiis
1117 3349 1150 3391 se
1168 3349 1289 3391 movere

89 3424 225 3487 auderet.
268 3425 354 3489 Hine
373 3426 552 3488 rusticorum
570 3426 711 3509 princeps
727 3425 853 3491 ulterius
865 3428 994 3510 mum
1013 3438 1178 3509 promovet,
1198 3438 1229 3490 et
1243 3428 1290 3489 iu·

6 3520 11 3549 ⁸
90 3522 173 3583 dicio
186 3523 272 3604 pueri
292 3523 382 3585 discit
399 3523 542 3587 conclave
560 3523 731 3605 capitanei,
750 3524 781 3585 in
799 3525 882 3606 quod
900 3524 1006 3587 babitu
1025 3526 1161 3609 agrestia
1178 3526 1290 3609 proies·

90 3620 173 3681 sione
184 3619 381 3694 miles,mann
390 3629 533 3694 armatus,
543 3620 651 3702 mem
662 3620 827 3702 impetuose
837 3621 938 3696 insert,
948 3631 1079 3704 comque
1085 3621 1289 3705 capitaneum

91 3717 258 3779 etiamnum
271 3716 350 3781 lecto
363 3716 559 3781 inhaerentem
573 3716 725 3781 contuitus
738 3728 823 3796 esset,
843 3738 913 3779 mox
932 3718 1019 3801 petiit
1036 3718 1127 3781 vellet
1144 3740 1183 3781 ne
1195 3720 1289 3783 vitem
