3225 4700
493 349 901 418 lTlNERAlilUM.
1221 353 1285 416 265

36 497 219 578 pusiones
235 506 266 561 et
283 518 375 580 prope
393 497 522 562 infantes
540 522 642 564 secum
661 503 868 579 abduxerunt3
889 501 1054 582 exquibus
1072 522 1167 564 unum
1181 501 1281 564 Hom·

37 594 153 674 burgi
185 595 266 657 dato
289 595 359 657 litro
386 597 516 658 duorum
542 598 750 680 Imperialium
772 599 795 662 J
797 599 887 674 ndei,
912 598 1168 660 commiseratione
1192 599 1278 678 pueri

38 691 146 762 tanti,
170 691 389 769 redemerunt3
425 714 480 774 pro
501 695 594 757 altero
617 695 727 758 trienni
748 705 871 759 centum
895 694 1076 756 Dalerorum
1097 695 1277 757 solutionem

41 786 170 866 inique
194 787 404 869 postularunt;
426 791 617 853 duodennem
630 811 703 853 vero
721 792 815 853 alium
829 793 930 856 viduo
948 790 1046 853 lilium
1065 791 1204 855 ducentis
1223 792 1278 852 im·

42 878 239 960 perialibus
256 881 453 958 estimarunt,
466 883 515 945 vel
535 893 614 946 certe
632 886 810 947 commutari
828 907 898 949 cum
916 908 1008 970 puero
1030 887 1182 970 Majorem
1203 886 1276 950 Oel-

46 977 213 1060 scbleger
227 979 396 1042 voluerunt.

98 1073 218 1146 Quam
237 1075 302 1138 baec
319 1077 419 1139 omnia
439 1086 531 1156 recte,
550 1099 642 1159 quam
658 1081 675 1141 ὲ
690 1079 815 1142 militari
833 1081 945 1165 agendi
962 1079 1089 1153 ratione,
1106 1080 1276 1144 consideret

49 1173 204 1254 prudens
224 1173 340 1254 quiris:
373 1183 404 1236 et
421 1183 521 1236 tamen
541 1175 581 1237 ad
601 1185 663 1238 tam
683 1176 788 1258 iniqua
811 1179 960 1240 Ductores
983 1177 1084 1253 silent,
1107 1176 1274 1258 approbant

50 1288 130 1348 quae
146 1269 264 1330 merito
280 1270 419 1332 detestari
437 1271 591 1345 deberent,
604 1271 789 1355 militemque
806 1274 946 1357 ignarum
959 1273 1002 1336 ita
1014 1274 1046 1335 in
1059 1271 1207 1334 sententia
1219 1292 1274 1334 sua

53 1363 265 1440 confirmant,
280 1374 314 1426 ut
327 1387 359 1428 se
373 1366 536 1430 rectissime
549 1367 655 1450 egisse,
669 1378 737 1450 post
750 1369 806 1432 bac
820 1379 914 1452 putet.

502 2051 694 2128 CAPUT
731 2051 838 2126 LVI.

188 2229 295 2321 Binqa
303 2257 365 2322 per
377 2235 602 2304 marescallum
620 2237 733 2326 Campi
749 2236 914 2304 Gelenium
930 2247 1140 2324 recuperetur.

80 2415 98 2482 [²
143 2401 303 2512 “hl
319 2425 485 2489 ANDEM
502 2428 665 2511 aliquando
680 2428 758 2491 seria
774 2438 878 2491 contra
895 2429 1059 2491 Wimarios
1076 2428 1108 2490 in
1126 2428 1268 2511 Bingano

80 2491 174 2590 i'll
210 2492 308 2670 'pk'
338 2525 478 2607 praesidio
494 2526 685 2589 subsistentes
702 2536 783 2589 mota
801 2537 872 2589 sunt
886 2545 980 2597 arma,
993 2546 1061 2608 quae
1075 2545 1136 2588 non
1150 2527 1193 2588 ita
1205 2526 1267 2607 pri-

108 2645 122 2682 f
149 2617 168 2678 ᾧ
219 2569 303 2710 gfff(
339 2622 408 2685 dem
417 2622 585 2704 jocularem
602 2624 634 2686 in
653 2624 776 2684 modum
798 2644 835 2684 eo
847 2622 933 2704 quasi
950 2624 1105 2685 admoveri
1119 2624 1185 2685 visa
1201 2622 1266 2684 sue-

96 2785 104 2800 s
133 2741 168 2798 „a
226 2727 236 2790 ζ,
265 2712 291 2788 'l
338 2728 415 2780 rant.
455 2720 535 2783 Cum
552 2720 633 2781 enim
648 2720 730 2782 locus
741 2720 796 2783 iste
807 2719 979 2802 Moguntiae
993 2720 1121 2781 nimium
1136 2719 1264 2793 vicinus,

108 2801 145 2838 ¹⁶³
159 2799 168 2816 Ὗ
184 2849 204 2864 ν
225 2795 298 2868 r's‘fif
337 2814 416 2877 hosti
433 2816 549 2878 animos
565 2816 700 2889 adderet,
720 2816 923 2896 Rhenumque
941 2814 1042 2896 aliquo
1062 2816 1151 2877 modo
1171 2815 1264 2896 impe·

77 2911 171 2975 ditum
184 2912 330 2985 redderet,
338 2920 457 2974 maturo
469 2912 595 2975 consilio
608 2913 663 2975 diu
673 2910 871 2974 deliberatum
885 2912 991 2987 fuerat,
1003 2914 1055 2993 qul
1067 2912 1107 2973 ad
1117 2911 1265 2973 Dominos

77 3008 204 3091 proprios
221 3008 319 3071 redire
332 3018 445 3091 posset:
468 3029 597 3091 cumque
610 3030 680 3071 eum
697 3009 728 3071 in
744 3008 837 3071 finem
853 3009 1051 3090 undequaque
1067 3028 1104 3069 ex
1117 3006 1264 3088 praesidiis

79 3118 138 3168 tam
152 3106 290 3168 Caesareis
303 3126 393 3188 quam
405 3106 580 3188 Hispanicis
594 3107 726 3168 collectae
737 3116 836 3167 essent
848 3114 955 3167 turmae
966 3105 1095 3166 militum
1105 3102 1261 3185 pluscule,

81 3204 148 3264 Dux
159 3203 207 3285 qui
215 3212 308 3265 totum
319 3202 482 3265 obsidionis
492 3201 644 3283 negotium
656 3200 800 3282 dirigeret
810 3198 973 3260 destinatus
984 3210 1028 3258 est
1038 3198 1109 3257 Don
1117 3196 1262 3278 Verdugo

84 3300 235 3382 Hispanus,
253 3299 375 3361 nomine
394 3300 542 3381 majorum
561 3306 591 3358 et
608 3296 692 3359 canis
710 3295 816 3378 capitis
834 3314 923 3376 quam
946 3295 1038 3355 armis
1061 3292 1261 3375 spectabilior.

84 3396 138 3457 llic
155 3404 301 3478 postquam
324 3415 392 3457 cum
415 3394 531 3457 delecto
551 3393 667 3474 sibique
689 3392 810 3453 subdito
830 3390 926 3453 milite
950 3390 1084 3473 Bingam
1107 3389 1262 3451 obsidione

85 3491 220 3567 cinxisset,
229 3492 383 3555 tormentis
393 3490 508 3554 bellicis
521 3499 644 3571 quatere
658 3489 750 3570 coepit
764 3487 886 3559 moenia,
896 3508 932 3549 ac
942 3486 1023 3548 felici
1033 3506 1172 3548 successu
1185 3486 1263 3567 ejus·

85 3588 158 3649 modi
166 3588 241 3650 brevi
254 3587 370 3649 hiatum
383 3586 511 3669 aperuit,
521 3595 555 3649 ut
568 3583 665 3646 facilis
677 3594 753 3645 esset
767 3583 953 3666 irrumpendi
967 3583 1092 3655 modus;
1108 3603 1164 3643 nec
1175 3580 1261 3642 miles

87 3704 148 3746 sane
160 3686 192 3752 ab
209 3684 373 3749 incursione
392 3684 507 3746 alienus
525 3691 599 3755 erat,
613 3690 701 3761 atque
711 3682 777 3762 jam
794 3700 847 3741 suo
860 3700 951 3763 prope
967 3679 1081 3759 impetu
1100 3678 1259 3753 ferebatur,

629 3798 653 3838 u
669 3797 693 3837 u
773 3795 776 3801 ·
