3225 4700
332 350 392 415 124
719 343 742 407 I
749 342 804 406 TI
810 336 1026 405 NERARI
1036 332 1120 401 UM.

327 509 398 560 sunt
414 518 494 559 nono
507 498 625 558 decimo
640 496 816 556 Decembris
831 494 911 555 intro
923 500 1058 553 octavam
1072 496 1103 548 et
1115 502 1223 547 nouem
1231 480 1409 542 matutinum
1419 476 1533 558 quud·

327 592 661 676 ringentisenimilites,
669 590 890 671 quinquaginta
896 587 969 668 aegri
977 605 1045 647 cum
1054 580 1252 643 novendecim
1260 575 1388 649 uexillis,
1397 584 1535 655 septus·

327 690 411 771 gints
437 689 531 770 equis,
551 688 665 749 duabus
679 687 779 758 mulis,
804 706 856 746 sex
884 682 993 752 rhedis,
1014 680 1108 741 tribus
1130 675 1276 749 curribus,
1294 671 1368 753 aegri
1388 670 1535 750 senique

326 785 485 865 separatim
500 784 625 846 diversis
642 782 778 856 navibus,
797 778 997 863 Argentincm
1017 794 1118 837 versus
1134 771 1265 834 mcundo
1276 767 1383 829 Rheno
1391 764 1535 828 deducti

326 890 406 941 sunt.

375 975 414 1035 In
436 996 556 1059 egressu
578 975 652 1035 Dux
670 973 836 1035 Wimcrius
858 972 1008 1033 Barouem
1029 966 1068 1029 de
1086 962 1222 1027 Reiuuoh
1235 962 1290 1023 sub
1303 958 1389 1041 porti
1405 958 1534 1020 acriter

326 1071 509 1151 perstrinxit,
532 1070 677 1153 oinciens
698 1078 763 1128 tum
784 1068 941 1128 berberem
955 1086 990 1127 cc
1009 1064 1102 1125 ferum
1119 1059 1335 1122 immanitatem
1351 1058 1383 1117 in
1402 1056 1533 1117 milites

184 1204 191 1213 κ
325 1168 517 1246 quantumvis
530 1164 713 1229 adversarios
725 1164 757 1223 in
770 1182 889 1223 carcere
902 1162 1079 1223 exercitum:
1100 1157 1150 1219 cui
1163 1156 1340 1217 excusandus
1361 1154 1440 1233 quid
1459 1170 1533 1213 res-

325 1262 456 1341 pondere
469 1263 571 1343 possit,
585 1280 616 1320 se
629 1258 752 1339 quidem
765 1257 854 1338 plene
868 1278 928 1317 uon
941 1258 1054 1318 videre.
1095 1254 1155 1315 eui
1171 1254 1252 1313 Baro
1260 1251 1297 1313 de
1308 1248 1447 1311 Reinecb
1455 1268 1529 1309 non

324 1353 415 1414 lutere
428 1373 512 1415 susm
526 1350 755 1422 celsitudinem,
768 1349 897 1411 similem
906 1349 1067 1430 contigisse
1076 1370 1178 1409 cusum
1186 1350 1218 1409 in
1229 1348 1382 1409 obsidione
1392 1347 1529 1427 Augus-

323 1449 405 1521 tuni,
419 1450 451 1509 in
464 1470 525 1528 que
536 1448 673 1509 similiter
686 1466 791 1508 cernes
803 1446 941 1507 humente
955 1446 987 1507 iu
997 1444 1108 1507 delitiis
1118 1444 1239 1519 fuerint,
1254 1445 1380 1523 ideoque
1389 1462 1422 1503 se
1432 1450 1529 1502 extra

324 1544 444 1622 culpem
457 1564 531 1616 esse,
542 1544 568 1604 si
583 1544 686 1625 inopis
703 1553 734 1605 et
749 1543 900 1606 horrende
915 1541 1008 1602 fames
1024 1542 1064 1602 ed
1081 1540 1114 1601 id
1126 1540 1229 1602 delicti
1246 1539 1355 1600 milites
1366 1538 1522 1620 adegerit.

324 1636 416 1709 Quod
429 1638 499 1699 verb
514 1640 576 1719 ipse
585 1660 635 1699 eos
644 1639 676 1699 in
689 1638 811 1700 vincula
818 1638 1009 1719 compegerit,
1021 1636 1104 1699 uliud
1114 1637 1275 1718 prudenter
1284 1656 1315 1696 se
1325 1635 1423 1695 fecere
1433 1633 1522 1695 baud

323 1734 464 1814 potuisse,
473 1754 541 1794 cum
554 1735 634 1795 enim
648 1734 758 1815 captivi
769 1734 866 1795 indies
874 1733 1011 1795 elabendi
1018 1741 1185 1814 quaerereut
1194 1732 1392 1805 occasionem,
1402 1750 1440 1791 cc
1448 1731 1523 1812 jsm
1599 1736 1603 1865 p

323 1829 468 1890 vidissent
480 1850 539 1910 quo
552 1850 599 1890 res
613 1830 804 1891 Brisaceuses
818 1830 884 1891 loco
897 1838 1002 1903 essent,
1012 1830 1105 1891 dubio
1112 1828 1216 1910 procul
1224 1828 1257 1889 id
1265 1828 1305 1889 cd
1314 1847 1383 1887 snos
1391 1826 1522 1887 relaturi
1602 1888 1603 1891 ,

322 1924 463 1986 luissent:
485 1935 520 1987 ut
532 1946 603 2008 ergo
624 1926 738 2007 majore
757 1926 819 1986 suis
833 1926 943 1987 demna
956 1935 1085 2002 caveret,
1100 1926 1183 1986 seed
1198 1924 1272 1986 illud
1286 1922 1421 1984 medium
1432 1942 1519 1982 com·
1600 1892 1604 2019 l

323 2020 441 2103 pulsum
455 2042 525 2082 esse.
566 2021 616 2082 De
629 2022 695 2083 cibo
702 2022 791 2103 porro
810 2022 883 2103 ipsis
898 2024 1048 2083 subtracto
1063 2022 1095 2082 in
1111 2040 1240 2093 carcere,
1250 2020 1284 2081 id
1300 2019 1423 2099 quidem
1431 2018 1521 2079 salui
1601 2046 1604 2077 t

324 2117 421 2177 Ducis
438 2117 535 2191 venii,
553 2120 654 2198 aperte
674 2118 782 2179 fulsum
800 2138 874 2193 esse,
888 2138 957 2178 cum
971 2118 1042 2198 ipsis
1057 2136 1160 2178 cernes
1177 2116 1294 2197 equinoe
1315 2114 1426 2176 fuerint
1446 2116 1520 2176 sub-

323 2213 508 2287 ministrate,
522 2221 583 2274 mm
596 2214 650 2274 diu
664 2214 760 2275 donec
772 2208 803 2274 u
816 2212 877 2273 suis
894 2212 954 2273 illus
973 2212 1132 2288 defuerint,
1151 2212 1278 2293 ideoque
1297 2231 1328 2272 se
1342 2230 1393 2273 eos
1410 2212 1520 2273 mitius

321 2316 448 2370 tructsre
460 2316 533 2370 tunc
546 2328 600 2389 pro
613 2309 753 2390 temporis
764 2308 876 2391 injurii
888 2329 948 2370 non
962 2309 1102 2391 potuisse.

356 2402 432 2465 Post
441 2404 643 2466 Reinochium
651 2405 837 2466 Brisecensis
846 2405 1061 2478 Oencellsrius,
1075 2406 1225 2468 Dominus
1233 2403 1405 2466 Volmurius
1422 2405 1519 2486 pullis
1604 2349 1606 2452 l

322 2501 453 2562 vestibus
470 2501 604 2575 indutus,
619 2499 763 2562 bacillum
780 2521 872 2562 msnu
887 2501 1046 2582 praeferens
1064 2504 1104 2564 ed
1117 2502 1236 2563 Ducem
1250 2501 1381 2577 occessit,
1396 2501 1518 2583 ipsique
1603 2481 1606 2594 l

322 2604 367 2656 ter
379 2596 412 2656 in
428 2616 526 2678 genus
540 2596 714 2678 provolutus
728 2597 854 2678 supplex
869 2597 964 2658 fuctus
980 2606 1034 2672 est,
1043 2597 1186 2678 petiitque
1202 2597 1258 2658 sibi
1278 2596 1395 2678 ignosci
1412 2599 1518 2660 nescio

322 2711 389 2772 quae
397 2691 488 2752 verbu
496 2692 606 2753 temere
614 2701 644 2753 et
653 2692 858 2773 imprudenter
868 2693 899 2754 in
912 2695 1031 2755 Ducem
1040 2704 1150 2775 egestu.
1173 2692 1322 2755 CuiDux.
1345 2693 1516 2774 Sequidem
1603 2641 1606 2746 l

322 2787 634 2849 sufficientemhebere
644 2808 775 2864 cuumm,
786 2789 885 2850 acrius
893 2789 925 2849 in
936 2789 1034 2869 ipsum
1043 2789 1516 2862 animadvertendisedsemodo

320 2884 484 2966 ignoscere,
494 2885 611 2946 videret
617 2884 705 2966 porrb
716 2885 779 2965 ipse
790 2894 825 2946 ut
832 2885 1024 2966 imposterum
1032 2887 1148 2948 cautius
1155 2887 1193 2947 de
1206 2885 1400 2966 Principibus
1410 2887 1515 2968 loque·

321 2990 413 3042 retur.
454 2980 643 3042 Colonellum
665 3000 783 3061 quoque
798 2981 913 3042 Escher
926 2981 1058 3062 aliosque
1068 2983 1226 3043 nonnullos
1236 2981 1460 3063 perhumaniter
1470 2995 1516 3046 cst

322 3075 479 3153 allocutus,
498 3077 693 3139 constantium
713 3086 744 3139 et
760 3077 967 3139 fortitudinem
985 3097 1087 3138 eorum
1108 3079 1138 3139 in
1157 3077 1239 3139 tenti
1253 3097 1353 3138 rernm
1376 3081 1514 3142 omnium

322 3171 447 3251 penurid
460 3170 648 3233 vehementer
658 3173 795 3234 laudens.

359 3266 520 3328 Tormenta
526 3269 870 3351 mcjorebelliccquoeiu
884 3269 1156 3344 urberelictusuut,
1166 3279 1287 3332 centnm
1297 3270 1407 3352 viginti
1425 3273 1514 3351 quin·

322 3382 380 3443 que
393 3360 525 3434 luerunt,
534 3372 734 3444 praetereeex
743 3365 851 3446 quibus
861 3365 949 3446 igniti
958 3363 1040 3447 globi
1048 3365 1144 3426 emitti
1154 3375 1381 3428 consueverunt.
1404 3365 1513 3437 Quoad

322 3457 476 3539 pulverem
504 3458 624 3538 pyrium
645 3459 798 3540 aliumque
816 3469 992 3540 apparatum
1008 3461 1161 3536 bellicum,
1177 3462 1268 3522 nullis
1288 3461 1347 3523 luit
1365 3463 1508 3534 delectus,

321 3551 543 3632 suffecissctque
554 3553 831 3634 adprotrehendsm
842 3555 1022 3618 deditionem
1039 3557 1069 3618 iu
1079 3556 1188 3620 multos
1196 3557 1295 3620 sdhuo
1303 3577 1428 3620 menses.
1438 3556 1511 3618 Sole

320 3650 406 3730 penis
418 3657 636 3712 commeetusve
648 3651 773 3732 penurie
785 3670 852 3713 eom
864 3652 1070 3733 precipitavit.
