3225 4700
346 284 411 349 362
724 292 1139 360 ITINERARIUM.

351 439 432 519 quod
452 450 487 502 ut
500 444 642 507 viderunt
656 447 795 508 mulieres
807 447 965 509 confestim
980 447 1055 508 duas
1069 447 1147 507 areis
1160 454 1259 526 portas
1275 453 1306 504 nt
1320 449 1498 523 potuerunt
1509 441 1558 500 ob

352 533 519 599 firmarunt.
562 539 622 601 Sed
640 542 760 618 frustra,
776 543 971 623 nequeenim
989 543 1135 624 impedire
1152 541 1281 623 amplius
1299 540 1396 613 licuit,
1411 539 1500 618 quin
1519 560 1560 598 ar·

351 633 424 693 mati
432 645 632 714 penetrarent,
647 651 678 700 et
690 660 760 700 arce
771 641 949 721 potirentur.
985 639 1175 721 Repereruut
1185 639 1215 698 in
1227 658 1295 698 arce
1305 645 1417 718 praeter
1426 646 1560 696 tenuem

351 741 719 806 commeatum,tormenta
728 757 813 798 oenea
823 738 937 818 majora
947 737 1123 817 minoraque
1134 734 1312 796 octodecim.
1342 732 1439 805 Quod
1449 742 1561 792 utres

350 823 426 886 civit
436 825 629 892 Gubernator
641 833 872 896 Hoentwilanus
885 835 1106 916 quamprimum
1121 831 1275 913 sexaginta
1289 828 1410 902 milites,
1424 840 1457 890 et
1468 849 1560 889 com·

351 931 482 983 meatum
496 946 565 987 cnm
579 928 663 990 salvo
676 931 829 992 conductu
839 931 982 1012 equestri,
994 931 1066 992 illuc
1076 929 1211 992 dimisit:
1234 929 1347 989 sciebat
1356 928 1442 988 enim
1459 929 1559 1006 qndm

350 1035 404 1075 arx
418 1017 470 1080 illa
483 1022 544 1083 suis
559 1025 661 1086 usibus
674 1040 752 1088 esset
764 1029 957 1103 conueniens,
972 1028 1083 1109 quippe
1097 1037 1160 1088 arte
1174 1036 1204 1086 et
1219 1035 1326 1086 natura
1342 1024 1559 1084 munitissima

349 1122 380 1174 et
393 1114 470 1177 hosti
484 1139 576 1200 prope
594 1121 840 1203 impenetrabilis,
858 1146 950 1207 quum
969 1124 1174 1207 parcissimum
1193 1121 1365 1203 praesidium
1384 1123 1557 1182 commode

348 1223 454 1274 contra
467 1215 616 1298 integrum
630 1221 796 1282 exercitum
810 1223 885 1284 tueri
901 1232 1008 1303 posset.
1050 1220 1259 1300 Praeterqnam
1272 1217 1355 1299 qudd
1365 1216 1555 1278 facillimum

348 1311 405 1370 sibi
419 1324 496 1374 esset
509 1314 581 1376 iude
594 1317 765 1379 exactiones
778 1319 904 1380 Ulmum
917 1339 1011 1400 usque
1025 1317 1213 1399 protendere.

389 1409 497 1471 Mense
511 1414 650 1493 Augusto
662 1415 753 1476 rediit
766 1415 888 1477 fortuna
903 1416 941 1477 ad
954 1415 1116 1478 Caesareos.
1158 1413 1220 1486 Qui
1234 1433 1303 1474 curn
1319 1411 1553 1474 Gallo-Wims-

348 1505 461 1567 rienses
479 1519 547 1588 post
566 1509 712 1571 desertam
733 1512 987 1574 Iechnichensem
1004 1512 1188 1573 obsidionem
1207 1510 1260 1588 (de
1281 1529 1342 1590 qua
1361 1509 1455 1591 pauld
1476 1523 1551 1572 ante

348 1604 553 1682 meminimus)
569 1606 735 1668 Novesium
754 1609 843 1670 ivisse
856 1609 1082 1691 comperissent,
1101 1607 1264 1669 emiserunt
1281 1607 1305 1668 J
1307 1627 1436 1668 munem
1456 1607 1550 1669 Wer-

348 1698 456 1772 thium,
472 1701 598 1763 militem
617 1704 766 1784 imprimis
786 1706 970 1786 expeditum,
990 1725 1059 1766 cnm
1080 1703 1163 1766 mille
1177 1703 1296 1764 circiter
1309 1703 1474 1784 equitibus,
1495 1702 1547 1763 hic

345 1795 524 1877 intempesta
536 1810 624 1862 nocte
637 1801 742 1862 accitis
755 1802 838 1863 mille
848 1803 996 1863 sexcentis
1007 1802 1158 1884 peditibus
1165 1801 1292 1876 selectis,
1301 1799 1414 1862 nullius
1425 1799 1546 1861 indicio

344 1895 494 1973 promovit
508 1897 540 1956 in
550 1897 677 1977 sylvam,
687 1897 768 1960 baud
780 1899 884 1979 procul
898 1899 1145 1960 Wimariensibus
1155 1897 1261 1959 castris
1271 1895 1416 1957 dissitam.
1443 1896 1544 1968 Hinc,

342 1994 377 2047 ut
400 1986 521 2064 diluxit,
541 1991 641 2050 emisit
660 1991 831 2072 expeditam
854 1992 988 2073 equitum
1010 2002 1149 2066 turmam,
1175 2001 1216 2064 ut,
1239 2009 1307 2071 quae
1329 1998 1414 2050 extra
1440 1998 1544 2050 castra

342 2082 508 2164 reperirent
523 2105 633 2164 pecora
650 2096 681 2147 et
699 2107 792 2167 equos
805 2088 836 2148 iu
851 2087 980 2168 pascuis,
994 2088 1159 2170 abigerent,
1174 2108 1235 2148 non
1249 2086 1382 2148 tulerunt
1397 2087 1539 2167 rapinam

341 2180 447 2240 bancd
461 2181 574 2242 vicinia
586 2193 753 2263 spectantes
767 2183 992 2254 Wimarienses,
1008 2185 1060 2244 sed
1074 2183 1170 2245 multo
1183 2183 1303 2265 agmine
1317 2193 1541 2263 persequuntur

341 2277 541 2357 predatores:
562 2277 637 2338 dnm
650 2281 721 2341 verb
735 2281 854 2364 longius
868 2282 886 2341 d
899 2282 1005 2342 castris
1017 2281 1079 2342 suis
1092 2280 1247 2355 recedunt,
1262 2279 1299 2341 de
1312 2278 1402 2339 nullis
1416 2279 1539 2340 insidiis
1587 2285 1588 2310 l

340 2370 471 2448 solliciti,
493 2373 647 2438 Werthius
666 2398 736 2438 cum
755 2378 871 2459 reliquo
890 2380 1022 2460 equitatu
1044 2379 1175 2440 reditum
1193 2374 1376 2451 intercludit,
1395 2377 1486 2437 eredit
1505 2386 1536 2438 et

339 2468 484 2547 plurimos
498 2473 558 2531 und
571 2494 640 2534 cum
655 2474 737 2535 mille
747 2474 835 2537 facile
845 2477 1003 2559 capitibus,
1014 2477 1123 2557 partim
1136 2494 1293 2555 equorum,
1309 2472 1416 2554 partim
1427 2474 1531 2546 boum,

338 2566 473 2645 captivos
480 2568 613 2630 abducit.
649 2571 698 2631 Ex
710 2570 847 2633 Hassicis
857 2573 961 2654 copiis,
971 2592 1039 2654 quse
1053 2571 1141 2633 simul
1152 2582 1312 2653 eruperant
1323 2571 1531 2631 intercaeteros

338 2660 511 2723 vulneratus
529 2676 574 2725 est
591 2666 701 2727 Comes
718 2668 841 2748 quidam
861 2670 897 2731 de
914 2668 1123 2750 Witgeustein.
1167 2667 1246 2729 Hac
1263 2688 1364 2729 mense
1382 2668 1527 2749 Augusto.

338 2756 506 2838 Septembri
518 2762 588 2823 verb
599 2763 665 2845 pari
679 2763 819 2826 felicitate
833 2776 938 2827 contra
948 2764 1097 2827 Colonelli
1107 2764 1359 2826 locumtenentem
1370 2764 1527 2825 Iatomum

336 2865 437 2916 movet
450 2855 625 2920 Colouellus
643 2859 747 2941 Spurr,
761 2864 814 2943 qui
833 2883 904 2923 cum
923 2860 1125 2933 intellexisset,
1145 2861 1257 2922 dietum
1280 2860 1439 2921 Latomum
1456 2880 1525 2921 oum

335 2952 431 3032 copiis
444 2953 695 3033 perJuliacenses
708 2966 802 3017 terras
812 2957 945 3038 pradum
957 2978 1055 3039 agere,
1064 2956 1256 3018 tumultuarii
1270 2954 1409 3017 collectos
1419 2955 1526 3017 milites

334 3049 444 3124 emisit,
458 3052 511 3130 qui
524 3052 712 3115 obsisterent.
756 3053 801 3114 Hi
816 3055 889 3116 dum
904 3054 1011 3114 incerti
1023 3064 1182 3135 vagantur,
1193 3074 1252 3113 non
1264 3052 1359 3113 multd
1370 3062 1436 3134 post
1448 3053 1524 3115 intra

336 3142 531 3207 Holtzweiler
545 3156 575 3207 et
592 3147 758 3210 Erclselens
778 3171 881 3231 pagos,
895 3150 1012 3210 dictum
1030 3149 1189 3210 Latomum
1210 3148 1437 3229 deprehendunt
1454 3170 1521 3211 cum

332 3240 404 3312 suis,
420 3254 588 3322 opportuno
605 3242 672 3305 loco
689 3245 878 3321 adoriuntur,
893 3246 1050 3326 ipsumque
1069 3245 1225 3306 ductorem
1242 3265 1313 3305 cnm
1327 3265 1465 3327 supremo
1478 3246 1522 3307 ri·

330 3335 413 3417 giliis
435 3336 595 3413 Praefccto,
613 3340 746 3421 primurn
763 3352 910 3413 sternunt,
927 3342 1036 3423 quibus
1052 3344 1146 3414 cesis,
1167 3342 1267 3403 cateri
1284 3363 1315 3403 se
1332 3343 1519 3419 dediderunt,

328 3452 404 3512 qnos
417 3433 551 3514 captivos
564 3435 687 3496 domum
702 3438 894 3500 reduxerunt.

369 3528 487 3591 Eodem
508 3552 610 3592 mense
628 3551 681 3592 arx
701 3532 984 3608 Wildensteiniana‚
1003 3556 1095 3618 quoru
1113 3547 1324 3621 stratagemate
1344 3548 1460 3619 captam
1481 3542 1516 3601 ub

328 3624 550 3689 Hodntwilanis
559 3627 649 3709 paulb
658 3639 727 3689 ante
739 3630 906 3703 retulimus,
917 3632 957 3693 ad
969 3632 1134 3697 Bavaricos
1143 3636 1240 3697 rediit.
1272 3634 1425 3697 Videbunt
1438 3636 1512 3696 enirn
