3225 4700
497 353 899 422 ITINERARIUM.
1226 350 1291 418 385

16 506 164 579 &tabem
184 506 344 569 Generalis
360 507 471 571 Comes
491 509 530 571 de
551 508 718 585 Guebrian,
739 508 861 590 quando
881 507 989 569 urbani
1009 507 1115 568 eodem
1135 503 1290 566 machiner

16 598 27 644 t
86 604 469 681 snasdirexeruntfortitis,
481 617 556 668 etex
564 607 726 688 improviso
734 605 874 668 tormenti
885 605 948 668 ictu
957 605 1122 666 secundum
1132 601 1289 665 brachium

17 693 292 764 tl'tctzrmlneraruut
306 702 437 777 Ducem,
451 704 599 785 planeque
611 712 791 778 straverunt,
806 704 882 765 adeo
898 712 931 764 nt
943 723 1012 764 cum
1027 702 1158 762 anterior
1171 719 1239 782 pars
1252 717 1288 759 ex

16 795 158 857 mesols
174 809 244 859 cute
260 799 405 880 quassatis
424 801 539 862 ossibus
557 801 710 882 penderet,
724 801 844 882 penitus
864 800 1028 862 resecanda
1045 799 1145 860 luerit.
1188 796 1236 856 Ex
1253 815 1289 856 eo

16 889 217 958 meminere
239 898 380 980 egregius
401 899 608 981 campiductor
634 919 696 960 non
719 897 816 959 multo
840 907 907 979 post
932 895 1076 977 occupati
1103 892 1234 956 Rotwila
1255 893 1287 954 in

79 991 158 1073 ipsd
172 995 245 1055 urbe
255 995 407 1058 extinctus
420 1006 475 1058 est.

16 1089 67 1148 uri
131 1088 211 1152 Post
231 1104 389 1173 acceptum
409 1092 521 1154 vulnus
544 1093 741 1155 nihilominus
763 1092 950 1155 obsidionem
976 1090 1095 1152 strenue
1118 1086 1288 1150 continuari

19 1204 41 1241 n
50 1209 70 1246 s„
81 1185 199 1261 voluit,
214 1196 244 1248 et
256 1188 391 1249 obsessos
409 1189 449 1249 ad
464 1190 653 1252 conditiones
669 1189 842 1272 perurgeri:
865 1208 933 1269 quas
950 1207 1010 1248 non
1025 1185 1120 1247 multd
1134 1193 1201 1266 post
1213 1183 1288 1244 civi·

16 1284 52 1343 ‘sin
61 1309 71 1345 r
79 1281 145 1342 tati
159 1283 231 1344 sane
244 1282 419 1346 honorificae
432 1286 592 1366 propositae
605 1297 675 1348 sunt
686 1295 717 1348 et
727 1286 878 1366 utrimque
891 1282 976 1345 nulli
988 1280 1109 1363 dempti
1116 1289 1288 1360 acceptatur.

18 1402 70 1441 or:-
83 1377 208 1441 Earum
221 1401 369 1442 summam
384 1381 433 1443 hic
445 1402 604 1465 apponam.

17 1482 56 1540 sie
130 1475 162 1536 1.
176 1474 1286 1564 Civesetciritesantiquasuaprivilegiaimmunitates,etconsuetudines,

26 1581 59 1659 Ην
81 1593 124 1633 ac
136 1573 219 1652 jura,
233 1575 386 1656 praecipue
395 1577 466 1636 rerd
480 1575 672 1638 catholicum
686 1576 856 1660 Religionis
869 1576 1044 1638 exercitium
1059 1571 1287 1635 conservabunt.

18 1679 62 1736 ι’,εν
84 1669 234 1732 Civitatis
246 1671 337 1733 etiem
349 1671 517 1734 archivium
531 1693 592 1734 non
607 1683 724 1735 tentum
737 1673 795 1734 hdo
807 1673 874 1734 vice
888 1673 942 1734 sed
959 1691 1076 1754 semper
1091 1670 1124 1732 iu
1138 1678 1287 1752 posterum

19 1779 59 1835 ,η
83 1766 242 1828 illibatum
256 1767 451 1849 relinquetur.
640 1753 644 1758 ’

23 1897 58 1953 524·
130 1863 182 1923 ΙΙ.
202 1863 408 1927 Ecclesiastici
421 1877 483 1927 tam
497 1867 578 1928 intra
587 1887 679 1948 qnam
689 1876 774 1929 extra
784 1867 906 1937 moenis,
918 1865 1029 1947 templa
1039 1869 1121 1939 item,
1133 1872 1163 1924 et
1173 1862 1287 1924 ordinis

17 1951 55 2030 tgr
83 1962 236 2041 equestris
250 1961 283 2023 S.
300 1962 324 2023 J
325 1964 431 2023 oannis
449 1964 569 2038 domus,
589 1965 721 2048 religiosi
741 1985 861 2046 quoque
880 1973 911 2026 et
930 1963 1046 2026 nobiles
1063 1962 1232 2024 libertatem
1251 1979 1287 2022 ac

17 2072 55 2128 ¹135„-
85 2059 170 2118 bona
183 2078 238 2119 sua
248 2068 281 2119 ut
294 2057 369 2120 alids
383 2060 570 2123 obtinebunt.

20 2191 51 2226 νς
131 2153 203 2214 ΙΙΙ.
224 2154 366 2217 Civitatis
377 2155 520 2218 officiales
532 2177 602 2218 cum
619 2157 716 2219 milite
729 2158 823 2220 libere
840 2158 1060 2230 commeabunt,
1077 2175 1133 2217 nec
1150 2156 1182 2217 in
1201 2157 1286 2218 bonis

33 2239 37 2247 ¹
85 2251 154 2313 suis
167 2251 335 2332 quidquam
353 2251 515 2334 patientur.
557 2254 621 2326 Qui
634 2255 707 2316 vero
726 2255 894 2316 securitatis
907 2273 997 2315 causa
1010 2253 1041 2313 in
1058 2254 1163 2314 urbem
1182 2255 1286 2316 consu·

17 2365 45 2422 pq.
85 2359 211 2431 gerunt,
225 2369 286 2410 non
297 2357 414 2411 tantum
426 2350 526 2431 quoad
536 2371 765 2433 persuasurum,
776 2354 830 2414 sed
840 2352 930 2414 etiam
942 2350 1042 2433 quoad
1055 2352 1133 2411 bona
1142 2363 1172 2411 et
1182 2349 1286 2412 domos

20 2480 44 2519 :;·
84 2459 153 2509 tam
167 2447 199 2507 in
214 2448 298 2522 urbe,
313 2446 404 2527 quim
419 2448 452 2509 iu
465 2448 552 2531 pagis
564 2449 662 2510 securi
676 2450 858 2531 perstabunt.

18 2562 41 2619 εὲ;Ι
127 2543 185 2605 Iv.
202 2544 333 2606 Omnem
340 2556 541 2607 commeatum
552 2546 642 2607 militi
652 2546 815 2620 Germano,
829 2546 882 2628 qui
892 2545 1024 2628 praesidii
1034 2544 1287 2618 locourbemtue·

86 2642 183 2717 bitur,
196 2642 227 2703 in
237 2652 387 2723 posterum
397 2644 517 2705 curabit
526 2644 677 2705 Dominus
689 2645 728 2706 de
741 2643 907 2706 Guebrian.
942 2644 1058 2705 Civitas
1068 2641 1160 2704 semel
1169 2652 1285 2704 tantum

19 2778 34 2813 5
85 2760 146 2819 pro
159 2760 277 2820 semper
290 2740 401 2821 pendet
410 2740 501 2802 militi
511 2741 624 2802 centies
633 2740 716 2803 mille
728 2740 820 2803 libras
834 2741 929 2823 panis,
938 2740 1047 2822 quibus
1059 2740 1190 2821 acceptis
1204 2760 1286 2801 exer·

19 2880 25 2913 s
85 2838 168 2899 citus
180 2836 240 2898 alil>
254 2837 352 2917 primo
365 2857 484 2918 quoque
496 2847 631 2920 tempore
644 2838 821 2900 deducetur.

18 2974 27 3010 3
130 2934 172 2996 V.
193 2935 289 2994 Arma
316 2946 459 2997 consueta
478 2945 540 2997 tam
564 2936 682 2997 senatui
702 2936 794 3017 quim
816 2936 933 2997 civibus
957 2934 1172 3015 relinquentur,
1196 2934 1286 2995 modd

18 3067 24 3110 ν,
87 3031 266 3112 spondeant,
283 3032 365 3111 quod
375 3042 480 3093 contm
492 3032 664 3114 presidium
676 3032 753 3093 nihil
768 3031 875 3094 hostile
889 3042 1002 3093 tentare
1010 3030 1114 3092 velint.
1144 3029 1293 3092 Liberum¹

87 3147 210 3209 qnoque
232 3128 290 3189 erit
310 3128 514 3209 juramentum
540 3128 692 3190 fidelitatis
717 3128 797 3210 Regi
819 3127 929 3189 Gallice
955 3137 1105 3209 prestare.
1148 3126 1286 3198 Quodsi

87 3224 243 3285 videbitur
267 3244 353 3286 arms
374 3225 489 3286 civium
513 3225 545 3286 in
568 3225 833 3287 armamentarium
857 3224 1003 3297 conferre,
1032 3243 1070 3284 ne
1098 3242 1158 3303 qna
1184 3222 1287 3304 populi

85 3322 147 3383 faex
162 3320 200 3381 iis
211 3321 362 3397 abutatur,
376 3340 451 3382 cura
463 3320 627 3383 claudendi
640 3332 672 3383 et
684 3321 874 3383 custodiendi
884 3320 941 3383 erit
954 3340 1044 3401 penes
1057 3319 1275 3402 magistratum.

128 3419 189 3480 VI.
212 3418 283 3481 Non
303 3429 419 3500 petetur
438 3419 457 3480 a
476 3418 593 3481 civibus
610 3418 744 3501 precium
765 3417 997 3492 incendiarium,
1015 3436 1072 3478 nec
1091 3416 1287 3478 estimabitur

85 3516 219 3579 civitatis
232 3516 414 3578 indemnitas
426 3518 465 3577 sb
477 3517 629 3590 incendio,
644 3516 707 3577 ullo
720 3517 832 3598 precio.

129 3612 210 3674 VII.
231 3612 315 3675 Casu
335 3633 397 3693 quo
419 3614 544 3693 quidam
564 3613 679 3675 civium
698 3613 747 3673 vel
763 3614 831 3695 jam
851 3612 964 3685 statim,
984 3611 1033 3673 rel
1054 3620 1157 3693 postea
1175 3630 1207 3671 se
1226 3608 1287 3671 alid

21 3751 22 3754 =
88 3709 251 3772 transferre
264 3730 334 3772 cum
348 3710 411 3772 suis
420 3709 545 3783 vellent,
559 3710 749 3772 dimittentur
761 3730 832 3772 cam
844 3708 985 3772 omnibus
997 3708 1059 3771 suis
1071 3707 1169 3770 bonis.

663 3810 682 3867 3
705 3828 724 3867 u
