3225 4700
351 315 417 379 402
744 303 1168 374 ITINERARIUM.

297 445 299 450 Ι
354 466 603 538 accommodatas,
621 484 692 526 cum
709 462 849 525 omuibus
865 461 927 523 fere
941 460 1166 542 impedimentis
1181 480 1216 522 ac
1231 469 1400 522 commeatu
1413 457 1563 522 obtinuit.
1596 503 1597 518 2

356 567 472 626 Eadem
485 563 643 624 occasione
656 560 748 622 ctiam
763 559 953 621 Moutorium
965 558 1207 620 Florentinumm
1218 557 1359 640 potestati
1368 578 1398 618 se
1408 555 1564 638 permisit.

396 662 582 735 Quaerebant
594 657 742 742 pontificii
761 656 1016 739 opportunitatem
1030 656 1068 716 dc
1084 654 1169 716 hoste
1181 675 1237 717 ιιιο
1249 675 1281 716 se
1296 653 1475 716 vindicandi
1489 673 1565 734 quae

354 761 426 821 sane
440 779 501 818 non
516 758 570 818 diu
586 756 701 817 abfuit:
721 755 858 816 exierant
873 753 1041 814 Florentini
1058 753 1159 814 nescio
1176 753 1381 832 cujus-ductu,
1394 763 1427 813 ut
1440 751 1566 811 molen·
1596 769 1597 772 ¹

354 855 461 916 diuum
475 854 600 932 aliquod
613 853 695 932 quod
711 851 905 913 Moutecorni
919 851 1082 921 visebatur,
1096 850 1259 913 diruerent.
1302 849 1395 921 Quod
1408 859 1443 911 ut
1458 849 1567 928 ponti-
1596 903 1597 906 ,

352 950 417 1011 ficii
437 950 641 1030 explorarunt,
658 969 728 1010 cum
745 968 906 1010 numeroso
927 946 1022 1008 milite
1040 947 1193 1009 irruerunt
1209 968 1245 1008 aa
1263 957 1418 1008 sexcentos
1434 948 1566 1008 circiter

353 1057 555 1128 peremerunt,
570 1045 835 1128 quingentosverd
850 1044 924 1104 alios
937 1044 968 1104 in
985 1041 1106 1104 vincula
1119 1044 1278 1118 dederunt,
1293 1065 1330 1105 ex
1346 1055 1413 1106 octo
1431 1045 1564 1125 insuper

353 1145 520 1217 tormentis,
540 1163 611 1224 quse
633 1143 800 1204 Florentini
820 1141 1021 1214 adduxerant,
1035 1141 1229 1204 medietatem
1242 1142 1366 1203 omnino
1386 1143 1560 1224 intercepe-

353 1251 433 1302 runt.

393 1337 461 1399 Nec
469 1337 628 1418 iniquiore,
640 1336 773 1397 feliciore
787 1336 858 1396 saue
869 1333 971 1396 Marte
982 1334 1252 1416 pugnaruutGalli
1266 1335 1305 1396 ad
1317 1335 1535 1396 Pontesturam
1549 1357 1558 1395 ε

353 1443 508 1515 postquam
521 1433 604 1493 enim
619 1433 746 1494 Octobri
759 1453 860 1494 mense
874 1431 956 1492 hunc
970 1430 1080 1503 locum,
1092 1451 1163 1492 cum
1174 1431 1319 1493 tredecim
1330 1433 1459 1493 millium
1471 1453 1562 1494 exer·

352 1532 416 1592 citu
436 1531 600 1592 cinxissent
619 1541 650 1591 et
668 1541 817 1592 tormenta
837 1529 968 1590 sedecim
990 1539 1035 1589 ter
1057 1529 1187 1611 geminis
1207 1531 1316 1611 spaciis
1336 1529 1563 1602 distinxissent‚

352 1627 618 1702 maximininum,
630 1639 660 1688 at
668 1627 820 1688 continuis
830 1635 1046 1688 tormentorum
1059 1625 1237 1707 impulsibus
1247 1627 1364 1688 connisi
1374 1639 1447 1689 sunt
1455 1628 1562 1709 primo

354 1744 474 1804 quoque
489 1735 622 1804 tempore
638 1724 823 1785 deditionem
843 1743 1014 1804 procurare,
1028 1722 1172 1784 videbant
1189 1724 1270 1784 euim
1291 1725 1364 1784 verb
1379 1725 1562 1804 quantinus

353 1822 518 1892 interesset,
530 1832 565 1881 ut
578 1821 690 1882 securis
703 1821 807 1883 liceret
822 1821 999 1892 Taurinum,
1019 1820 1184 1892 Oasselam,
1201 1831 1231 1882 et
1245 1822 1306 1883 alia
1323 1822 1438 1882 circum
1454 1822 1562 1883 vicina
1596 1877 1597 1884 ,

352 1915 420 1978 loca
438 1937 616 1979 commeare.
658 1918 726 1979 Nec
743 1920 825 1980 certe
840 1919 973 1980 consiliis
987 1919 1083 1980 defuit
1100 1919 1231 1995 fortuna,
1246 1919 1326 1980 intra
1345 1938 1458 1999 paucos
1472 1919 1561 1979 euim

352 2013 418 2076 dics
427 2014 467 2074 ad
477 2015 557 2094 ipsas
568 2035 662 2095 usque
672 2015 766 2076 fossas
781 2025 985 2096 penetrarunt,
1000 2025 1090 2097 atque
1102 2015 1174 2076 hinc
1188 2016 1284 2078 latum
1298 2036 1351 2096 per
1362 2016 1477 2077 moeuia
1491 2017 1562 2078 adi-

353 2120 418 2172 tum
432 2112 634 2191 adperuerunt
646 2112 691 2172 ita
703 2123 737 2172 ut
749 2111 860 2174 obsessi
874 2113 936 2173 suis
949 2113 1065 2174 viribus
1078 2113 1180 2187 diffisi,
1196 2113 1227 2173 iu
1241 2132 1340 2174 arcem
1359 2133 1392 2176 sa
1410 2113 1563 2194 colligere

352 2207 450 2268 coacti
469 2207 591 2269 fuerint.
636 2207 699 2268 Ubi
718 2209 857 2288 equidem
880 2229 941 2270 nou
960 2209 1106 2272 defuisset
1121 2210 1240 2272 suimus
1263 2209 1411 2290 Hispanis
1427 2209 1563 2270 viriliter

352 2325 442 2387 porro
453 2303 628 2377 obsistendi,
639 2306 730 2367 modo
744 2305 792 2367 vel
805 2305 959 2367 levissima
971 2306 1099 2368 subsidii
1112 2327 1179 2390 spes
1192 2305 1362 2383 affulsisset,
1376 2327 1469 2387 quam
1485 2307 1564 2389 quia

352 2403 471 2484 penitus
490 2403 646 2463 evanuisse
668 2404 811 2473 sciebant,
826 2423 895 2465 cum
917 2403 1017 2465 Gallis
1038 2405 1160 2466 tandem
1180 2404 1292 2485 pacisci
1310 2425 1342 2465 se
1355 2403 1557 2465 resolverunt.

353 2499 568 2580 sedquoniam
578 2511 665 2581 pacta
673 2510 879 2582 protraxerant
888 2500 1015 2571 diutule,
1025 2499 1201 2561 immitiores
1210 2499 1556 2582 repereruutGallorum

352 2594 532 2670 voluntates,
547 2616 604 2656 nec
617 2598 698 2658 enim
712 2596 795 2658 aliud
811 2599 970 2679 impetrare
985 2606 1156 2679 potuerant,
1170 2597 1262 2678 qudm
1279 2608 1314 2659 ut
1328 2618 1399 2659 eum
1413 2596 1488 2657 solis
1502 2620 1555 2657 en-

250 2730 257 2737 ·
352 2691 435 2754 sibus
457 2693 682 2773 egrederentur.
724 2694 915 2775 Repcrerunt
944 2695 1135 2760 Pontesturm
1154 2695 1284 2756 victores
1308 2694 1473 2756 duodecim
1496 2706 1555 2755 tor-

353 2801 457 2850 menta
469 2791 657 2871 campestria,
672 2792 801 2853 ducents
814 2792 937 2874 pulvere
951 2795 1060 2855 referta
1070 2812 1152 2866 vasa,
1164 2793 1210 2853 bis
1224 2791 1307 2853 mille
1316 2790 1421 2874 globos
1433 2792 1556 2861 ferreus,

350 2896 552 2947 commeatum
564 2886 595 2947 in
606 2897 735 2967 quatuor
746 2908 862 2949 menses
871 2888 1077 2961 sufficientem,
1087 2889 1196 2951 exinde
1205 2910 1236 2949 se
1246 2888 1330 2951 Galli
1342 2888 1496 2969 bipartitis
1504 2910 1555 2970 ag·

352 2982 671 3059 minibusdiviseruut,
682 2984 1345 3065 parsquidemaliamobsidionemmolitaest,
1356 2986 1506 3065 paravero
1515 2984 1555 3046 ad

351 3080 469 3160 praedas
479 3100 533 3161 per
544 3080 805 3143 Mediolanensem
816 3092 846 3143 et
858 3082 1078 3143 Navarrensem
1093 3082 1276 3155 districtum,
1287 3102 1370 3143 more
1384 3082 1511 3143 militari
1523 3102 1554 3143 se
1596 3142 1597 3169 ,

351 3174 469 3237 effudit.
513 3176 634 3239 Gallica
646 3197 766 3258 quoque
779 3179 812 3239 iu
826 3178 1008 3241 catalaunia
1021 3198 1090 3239 cum
1104 3180 1251 3260 Hispanis
1264 3179 1391 3241 dissidia
1402 3180 1555 3241 ferventer
1592 3186 1597 3253 l

351 3274 527 3335 continuata
539 3284 611 3335 suut
660 3274 868 3337 Numerabant
882 3275 910 3335 in
925 3296 980 3337 suo
994 3276 1127 3337 exercitu
1143 3276 1274 3357 Hispani
1288 3296 1398 3337 novem
1415 3277 1553 3357 peditum

350 3379 381 3430 et
396 3372 453 3430 tria
468 3370 602 3451 equitum
617 3392 679 3431 uon
694 3372 823 3453 amplius
844 3372 949 3447 millia,
965 3393 1035 3433 cum
1056 3373 1167 3453 quibus
1187 3372 1416 3454 Balaquierium
1434 3384 1553 3435 tentare

350 3467 579 3541 constituerant,
597 3467 746 3533 fisiGalli
766 3470 926 3549 cujusdam
943 3470 1048 3533 militis
1066 3470 1164 3535 serbis
1183 3490 1253 3531 cum
1269 3490 1330 3549 quo
1347 3471 1550 3551 proditionem

350 3565 535 3647 pepigerant
578 3566 619 3626 Et
633 3565 704 3629 licet
716 3565 766 3627 hic
784 3579 853 3629 ants
867 3567 930 3648 ipse
949 3568 1084 3647 proditus
1097 3566 1199 3640 fuerit,
1214 3577 1244 3629 et
1257 3568 1288 3628 in
1303 3566 1426 3629 vincula
1439 3568 1550 3649 impor-

349 3660 422 3719 tune
435 3662 599 3742 conjectus,
611 3664 702 3741 qdam
716 3682 763 3723 res
775 3660 917 3725 effectum
931 3663 1097 3739 sortiretur,
1112 3672 1211 3726 umen
1222 3664 1370 3747 progressi
1382 3674 1463 3727 sunt.
1487 3666 1549 3727 Sed
1595 3658 1597 3667 ’
