3225 4700
512 323 535 390 I
542 323 917 391 TINERARIUM.
1243 323 1306 388 413

113 472 214 544 Quem
235 473 267 533 in
290 472 383 534 finem
403 484 507 534 secuta
525 473 668 534 conclusa
688 491 768 534 auno
790 473 951 534 millesimo
973 472 1188 536 sexcentesimo
1211 475 1308 554 quad-

113 569 264 652 ragesimo
289 571 388 651 primo
414 572 453 630 25
484 570 663 631 Decembris
692 570 771 632 inter
797 569 973 631 conradum
1001 570 1038 631 de
1066 570 1187 632 Lutzaw
1214 591 1307 632 sacroe

111 665 261 728 Caesareae
276 667 444 748 Majestatis
452 677 483 728 et
494 665 663 728 Galliarum
675 665 898 746 succorumque
908 667 1075 748 deputatos,
1086 671 1125 726 22
1134 667 1157 728 J
1160 666 1213 728 ulii
1226 688 1306 729 anuo

114 763 351 826 M.DG.XLII.
366 783 403 825 ex
417 785 472 825 sua
490 773 573 845 parte
586 761 798 824 confirmavitr
820 762 862 823 ita
874 762 963 823 etiam
978 763 1133 826 accuravit
1144 773 1180 824 ut
1194 764 1306 846 Hispa·

111 861 234 921 uiarum
248 860 343 943 Regis
356 861 514 934 ratificato,
533 858 756 940 quamprimum
770 857 838 920 fieri
850 868 948 940 posset
965 861 1148 922 obtineretur
1160 882 1228 942 quae
1242 863 1307 945 ipsa

111 981 174 1020 non
188 969 303 1020 tantum
318 959 350 1020 iu
363 960 462 1042 specie
475 958 567 1020 allata
579 967 625 1018 est
640 956 693 1018 sed
711 957 771 1017 alia
786 957 907 1039 insuper
917 956 1132 1039 plenipotentia
1148 960 1234 1040 cujus
1247 960 1307 1021 rir-

112 1066 178 1117 tute
188 1057 214 1116 si
228 1076 296 1137 quar
310 1056 505 1138 imposterum
516 1055 708 1116 difficultates
725 1055 755 1115 iu
775 1065 890 1136 puncto
907 1053 1154 1135 proeliminarium
1169 1075 1306 1116 occurre·

112 1153 253 1214 rentsiue
262 1174 384 1214 recursu
395 1153 435 1214 ad
447 1153 563 1234 Regem
573 1150 765 1213 Catholicum
775 1150 910 1211 absolute
921 1151 1039 1211 tractari
1050 1161 1156 1230 posset,
1169 1152 1229 1211 uni
1237 1172 1305 1212 curn

111 1249 204 1311 salvis
217 1251 353 1331 passibus
365 1271 417 1311 scu
432 1248 610 1332 passapcrtis
627 1247 666 1308 ad
680 1246 834 1308 Caesareos
851 1247 965 1329 legatos
984 1247 1196 1330 Hamhurgum
1211 1257 1306 1310 mans-

112 1347 204 1408 missa
216 1356 270 1409 est.
307 1347 485 1430 Eopropter
496 1347 522 1407 si
536 1346 694 1406 doctorum
708 1359 909 1405 conventuum
925 1344 1137 1406 universalium
1154 1345 1305 1406 Monaste·

111 1445 219 1506 riensis
241 1444 384 1506 videlicet
406 1456 437 1505 et
460 1443 701 1525 osnabrugensis
722 1441 842 1504 initium
866 1443 1000 1503 dandum
1020 1453 1107 1513 esset,
1132 1442 1305 1505 hauddubie

111 1541 202 1603 valde
215 1542 354 1623 expediet
367 1561 421 1623 pro
433 1539 703 1603 communicatione
716 1540 782 1600 istic
796 1549 931 1600 actorum
948 1559 1016 1600 cum
1032 1539 1131 1600 Gallis
1147 1551 1177 1602 et
1191 1539 1304 1614 Scaeis,

110 1639 283 1720 principum
297 1652 328 1700 et
340 1648 470 1700 statuum
485 1638 597 1720 legatos
610 1635 700 1696 simul
713 1635 763 1696 hic
775 1655 839 1697 esse
852 1645 1058 1718 congregatos.

154 1735 233 1797 Haec
246 1737 348 1797 omnia
365 1735 565 1817 propositione
579 1733 674 1794 isthoc
693 1733 805 1807 nostri,
825 1733 987 1794 electorum
1001 1733 1183 1815 principum,
1196 1753 1233 1795 ac
1245 1745 1305 1795 sta·

109 1840 197 1892 tuum
211 1831 317 1914 legatis
328 1843 358 1893 et
371 1831 558 1903 consiliariis,
575 1829 617 1890 uti
631 1829 837 1898 conveniebat,
848 1828 1030 1910 significare,
1042 1849 1155 1910 nosque
1169 1831 1304 1892 omnium

109 1928 189 1989 sacri
210 1928 340 1989 Romani
365 1929 490 2010 Imperii
510 1927 682 2001 electorum,
700 1925 871 2007 principum
892 1926 997 2006 gratim
1017 1926 1237 2002 commendare,
1254 1948 1304 1988 eo·

107 2025 239 2086 rundem
253 2025 325 2086 reri
338 2025 479 2101 dominis,
493 2022 600 2106 legatis
613 2023 745 2084 officiosa
759 2033 862 2084 nostra
875 2023 1017 2103 obsequia
1029 2023 1060 2083 in
1080 2021 1194 2105 optimi
1207 2023 1304 2086 forma

111 2121 227 2182 deferre
242 2121 400 2183 voluimus.

154 2217 306 2280 Haesere
319 2217 441 2279 fuerunt
454 2237 523 2298 quar
536 2217 575 2278 ad
588 2217 755 2298 ingressum
774 2216 865 2298 hujus
884 2227 1050 2279 conventus
1067 2217 1227 2299 propositae
1240 2218 1303 2280 fue-

109 2324 193 2387 runt,
207 2325 238 2377 st
250 2315 494 2398 gravissimarum
507 2333 606 2376 reruni
621 2312 854 2375 consultationes
866 2313 980 2375 aditum
994 2325 1184 2396 aperuerunt.

154 2412 215 2485 Qui
232 2433 322 2495 porro
339 2413 371 2473 in
390 2422 540 2474 conventu
561 2410 822 2472 Francoforrlieusi
839 2411 930 2493 legati
950 2413 1172 2495 comparuerint
1185 2413 1243 2475 huc
1258 2436 1304 2476 re·

108 2511 188 2573 serre
201 2511 394 2572 commodum
407 2509 588 2590 putavimus.

153 2609 253 2670 Sacrae
266 2607 414 2669 Caesareae
428 2604 597 2686 Majestatis
610 2604 732 2665 nomine
746 2603 919 2679 adfuerunt,
931 2605 974 2666 D.
989 2604 1132 2666 Ernestus
1142 2604 1252 2667 Comes
1265 2606 1303 2667 de

111 2705 276 2787 Oettingeu
288 2702 420 2764 Romani
432 2701 625 2782 Imperatoris
636 2701 825 2762 consiliarius
838 2702 953 2763 aulicus
963 2714 994 2762 et
1003 2701 1193 2763 camerarius.
1224 2702 1302 2763 Item

112 2802 263 2862 Dominus
291 2801 315 2862 J
317 2820 427 2863 oannes
457 2798 691 2880 christophorus
719 2799 859 2881 Metzger
879 2798 996 2880 jurium
1024 2799 1138 2873 doctor,
1166 2799 1302 2879 ejusdem

109 2900 258 2962 Caesareoe
272 2896 441 2979 Mojestatis
453 2896 640 2957 consiliarius
652 2895 779 2956 aulicus.

153 2994 300 3056 Electoris
314 2992 491 3075 Mogontini
504 2995 625 3054 nomine
639 2992 681 3053 D.
697 2992 873 3055 Gernardus
888 2991 1048 3075 Philippus
1063 2992 1081 3054 a
1096 2992 1301 3069 Solrwulbach‚

109 3091 346 3174 metropolitanae
367 3090 502 3151 ecclesiae
524 3090 715 3173 Moguntiuae
736 3102 846 3166 custos,
869 3091 935 3167 lto,
964 3091 1110 3154 Caesareae
1134 3092 1302 3174 Majestatis

109 3189 297 3252 consiliarius
312 3198 343 3249 et
360 3188 506 3248 Electoris
525 3187 702 3269 Moguntini
720 3187 909 3249 consiliarius
930 3188 1064 3265 intimus,
1085 3190 1126 3249 D.
1148 3189 1302 3252 Hanricus

111 3284 499 3349 Brombserilliedesheim
508 3284 696 3345 consiliarius
704 3294 734 3345 et
743 3284 964 3346 vice-domiuus
974 3285 1184 3367 Moguntiuus‚
1194 3287 1236 3348 D.
1245 3288 1276 3350 N
1278 3288 1302 3348 i·

109 3383 212 3446 colaus
226 3382 377 3463 Georgius
392 3380 627 3463 Reigersperger
640 3400 741 3460 eques,
757 3380 904 3443 Caesareae
920 3382 1088 3464 Majestatis
1102 3384 1300 3463 consiliarius,

111 3479 258 3541 Electoris
279 3476 456 3561 Mogontiui
470 3476 659 3537 consiliarius
675 3476 800 3537 intimus
819 3488 849 3538 et
865 3478 1149 3549 vice-cancellarius,
1167 3480 1236 3553 irc„
1259 3481 1300 3542 D.

109 3577 241 3639 Thomas
258 3575 369 3637 Diissel
383 3574 501 3656 jurium
517 3573 685 3635 licentiatus
699 3572 847 3636 Electoris
863 3575 1037 3659 Mogontini
1052 3577 1237 3639 consiliarius
1255 3580 1301 3640 iu·

107 3676 209 3736 tImus.
