3225 4700
631 340 749 399 loo
1403 332 2223 401 ITINERARIUM.

621 493 882 548 nuel-unt
917 486 1318 569 quadraginta
1358 498 1636 570 quatuor,
1675 498 1973 551 tormenta
2000 488 2218 550 bellica
2246 488 2479 569 majora
2516 484 2766 566 aliquot.
2854 484 3066 547 Visae
3191 555 3194 572 W

621 583 866 663 quidem
893 583 1180 645 dicuntur
1220 584 1496 648 Suedicae
1531 586 1759 667 aliquot
1792 606 1975 647 naves
2010 587 2074 645 in
2112 604 2463 646 succursum
2498 583 2812 644 destinatae
2840 584 3068 664 juxta
3193 578 3196 629 ἶ

621 679 863 754 iisdum,
908 680 1014 741 sed
1057 701 1197 741 cum
1232 681 1523 763 impetum
1558 693 1894 743 nostrorum
1937 693 2061 744 tam
2095 682 2509 743 vehementem
2542 678 2852 753 viderunt,
2898 697 3064 739 non

622 786 762 837 sunt
796 796 954 837 ausae
990 777 1234 859 propius
1269 780 1573 854 accedere,
1606 779 1908 841 succensis
1943 780 2143 859 itaque
2179 778 2244 838 in
2288 775 2486 837 insula
2514 776 2748 837 levibus
2789 775 3068 856 aliquot

622 872 962 953 tuguriolis,
986 884 1472 938 retrocesserunt.
1544 876 1670 937 Sed
1694 886 1756 937 et
1774 876 1900 956 ipse
1930 876 2245 937 Generalis
2267 874 2537 935 Bannier
2555 873 2715 933 haud
2742 872 2861 933 sibi
2892 872 3063 933 Ste—

623 967 737 1028 tini
762 967 955 1031 fidens
983 969 1298 1032 Wolinum
1329 973 1495 1033 abiit.
1580 972 1734 1033 Mox
1760 974 1835 1033 ab
1863 973 2303 1054 expugnatione
2343 969 2664 1051 imperavit
2698 968 3056 1029 Florentiae

628 1062 799 1141 Dux,
838 1074 907 1127 ut
937 1066 1000 1126 in
1041 1068 1441 1147 provisionem
1473 1068 1654 1149 hujus
1685 1068 1826 1144 loci,
1868 1069 2245 1148 militumque
2284 1066 2791 1139 sustentationem,
2818 1066 3058 1126 omnia

623 1161 808 1221 totius
829 1161 1056 1223 Insulae
1077 1150 1292 1243 pecora
1313 1164 1693 1245 wolgastum
1711 1164 2176 1240 adducerentur,
2197 1184 2268 1225 ac
2297 1166 2407 1224 rite
2427 1163 2703 1224 omnibus
2730 1162 3056 1236 ordinatis

625 1268 924 1320 tormenta
943 1279 1051 1320 sua
1076 1259 1292 1320 bellica
1310 1259 1506 1340 primo
1528 1260 1591 1320 in
1612 1270 1808 1322 castra
1825 1261 2035 1323 reduci
2062 1261 2317 1338 curavit,
2340 1261 2482 1322 inde
2500 1280 2644 1321 vero
2665 1258 3019 1319 Daminum
3028 1302 3054 1331 ,

627 1355 704 1416 de
732 1376 853 1436 quo
879 1355 1211 1417 obsidendo
1238 1375 1396 1417 nova
1420 1356 1617 1420 indies
1642 1357 1893 1419 consilia
1916 1359 2316 1441 agitabantur,
2346 1357 2645 1441 profectus
2670 1365 2778 1418 est.

902 1688 912 1690 Α
1032 1615 1293 1696 τ’τῖ-
1402 1649 1504 1733 it
1646 1696 1661 1698 a
1775 1617 1882 1731 221
1969 1649 2262 1753 ως.
2370 1677 2396 1692 ,
2478 1617 2662 1727 ’πζτ

1414 1974 1798 2050 CAPUT
1869 1974 2239 2050 XXVII.

1560 2154 1665 2221 De
1700 2153 2101 2222 Pomeranici.

913 2391 921 2403 .
977 2315 993 2327 ⁸
1105 2331 1121 2375 ῗ·
1145 2334 1271 2398 ΟΝ
1319 2335 1518 2397 minus
1571 2337 1900 2419 prudenter
1939 2336 2124 2419 quam
2175 2335 2429 2411 sortiter,
2476 2333 3043 2396 Excellentissimns

1025 2475 1028 2496 η,
1186 2432 1487 2493 Dominus
1515 2432 1833 2494 Generalis
1858 2431 2078 2494 Comes
2103 2432 2179 2493 de
2208 2431 2417 2492 Galles
2450 2451 2577 2492 rem
2606 2429 2884 2491 bellicam
2913 2430 3042 2491 hoc

1045 2608 1050 2612 ἦ
1109 2504 1129 2531 '¹
1183 2536 1452 2607 tempore
1504 2527 1978 2588 administrabat.
2089 2526 2272 2587 Enim
2327 2526 2468 2588 vero
2522 2546 2661 2586 cum
2718 2527 3045 2587 Generalis

828 2612 856 2658 ¹·
929 2657 945 2700 3
1027 2631 1117 2672 'f
1187 2621 1457 2681 Bannier
1493 2629 1730 2701 putaret
1761 2620 2057 2704 frangere,
2094 2620 2192 2681 vel
2226 2623 2389 2682 certe
2426 2631 2493 2681 ut
2535 2621 2855 2681 minimum
2896 2622 3039 2683 fati·

1018 2777 1062 2782 γ,
1184 2737 1326 2799 gare
1363 2716 1657 2778 caesarias
1687 2718 1889 2799 copias
1924 2738 2050 2780 sese
2086 2719 2445 2780 continendo
2478 2718 2633 2778 intra
2673 2718 3040 2778 arctissimos

634 2816 1011 2878 Pomeraniae
1048 2825 1300 2886 meatus,
1328 2812 1409 2873 ad
1441 2832 1611 2891 quos,
1646 2815 1889 2893 quoquo
1925 2834 1989 2875 se
2023 2824 2341 2891 verterent,
2378 2814 2624 2876 difficile
2658 2823 2785 2875 erat
2820 2815 3042 2875 nostris

632 2922 962 2994 penetrare,
990 2921 1126 2995 post
1150 2909 1370 2971 multas
1397 2909 1644 2989 quidem
1671 2910 1970 2973 molestias
1997 2911 2343 2985 exantlatas,
2369 2912 2431 2972 in
2458 2921 2762 2972 auctorem
2789 2911 3042 2972 tandem

632 3011 1002 3091 propositum
1022 3007 1280 3070 retorsit.
1334 3005 1666 3086 Postquam
1688 3007 1849 3067 enim
1870 3008 1948 3068 ad
1970 3007 2367 3069 Rostockium
2392 3008 2617 3068 fixisset
2641 3016 2837 3068 castra
2857 3008 3042 3068 militi

634 3115 840 3164 nostro
866 3103 1095 3185 aliquid
1130 3102 1346 3184 qnietis
1378 3101 1649 3175 indulsit,
1677 3104 1882 3184 quoad
1919 3104 2284 3166 Banniricus
2315 3105 2608 3166 exercitus
2639 3103 2849 3178 lassus,
2893 3103 3044 3164 Sue-

635 3199 830 3259 tinum
860 3221 934 3260 ex
960 3200 1208 3261 latibulo
1236 3219 1342 3260 suo
1369 3198 1537 3272 exiit,
1566 3198 1789 3259 relictis
1814 3200 1976 3260 circa
1996 3199 2337 3282 Damgardt
2361 3211 2423 3262 et
2440 3201 2807 3282 Tripsesium
2836 3200 3042 3261 Uran-

635 3293 778 3374 gelii
805 3296 1014 3377 copiis,
1045 3316 1181 3377 quae
1208 3296 1270 3356 in
1297 3294 1669 3357 Caesarianas
1704 3295 2125 3378 advigilarent,
2153 3319 2292 3359 cum
2329 3298 2457 3358 sine
2494 3297 2662 3358 mora
2685 3305 2927 3359 secutus
2954 3306 3046 3357 est

639 3389 969 3452 Gallassus.
1051 3391 1293 3452 Interea
1320 3391 1385 3452 S.
1416 3391 1694 3455 Caesarea
1726 3391 2016 3473 Majestas
2053 3395 2129 3455 de
2166 3395 2357 3455 milite
2394 3415 2502 3457 suo
2538 3394 2815 3469 sollicita,
2843 3415 2921 3454 ne
2961 3394 3038 3453 ob

637 3487 949 3548 continuas
970 3486 1349 3568 diutinasque
1371 3487 1759 3569 migrationes
1778 3488 2011 3570 aliquid
2038 3489 2305 3551 hocloco
2329 3491 2696 3553 incommodi
2717 3500 3041 3572 pateretur,

638 3604 774 3646 eum
803 3583 866 3643 in
893 3582 1161 3664 hyberna
1186 3583 1405 3645 ducere
1434 3584 1676 3665 cogitat,
1697 3584 1787 3644 nil
1815 3587 2043 3648 monita
2068 3587 2143 3647 de
2172 3588 2389 3648 nostris
2412 3598 2622 3649 contra
2646 3588 2873 3649 hostem
2898 3606 3037 3646 suc-

639 3680 937 3758 cessibus3
985 3681 1093 3744 sed
1131 3679 1343 3743 Gallas
1378 3701 1519 3744 eum
1557 3679 1887 3745 Fortunam
1924 3683 2225 3747 faventem
2259 3684 2523 3763 haberet,
2559 3706 2633 3749 ea
2662 3684 2912 3750 ulterius
2947 3683 3041 3745 uti
