3225 4700
473 357 871 428 ITINERARIUM.
1207 360 1266 427 153

64 506 181 589 quibus
199 509 330 591 geminae
345 508 479 571 victoria
491 519 592 571 nostra
605 518 691 571 aetate
704 509 904 570 memoranda
917 506 936 568 a
948 506 1039 569 Sacra
1049 505 1186 569 Caesarea
1197 506 1266 569 Ma-

59 606 173 686 jestate
194 614 292 686 partae
310 606 349 667 ad
366 606 470 666 vivum
488 607 739 688 exprimebantur,
758 613 860 686 utpote
877 623 945 684 quae
963 604 1003 663 ad
1018 604 1219 685 Nortlingam,
1235 614 1265 665 et

64 701 273 763 Ratisbonam
285 700 350 784 ipso
362 700 546 784 Imperatore
559 701 703 764 hodierno
716 711 861 784 praesente
875 702 1003 763 obtentae
1016 698 1146 763 fuerunt.
1180 698 1265 762 Reli-

67 819 163 877 quam
178 800 265 879 qnod
278 812 430 881 supererat
442 800 571 882 spatium
585 799 669 860 varia
682 799 871 874 emblemata,
881 818 919 859 ex
931 797 1105 879 Insignibus
1119 796 1264 859 Illustris-

67 892 137 954 simi
153 894 265 976 leg-ati
278 895 379 971 ducta,
396 894 569 977 implebant.

109 990 153 1050 Et
166 990 404 1071 primoquidem
418 990 533 1071 Aquila
544 990 674 1052 candida
686 1009 718 1051 se
731 990 900 1051 ostentabat
911 1009 981 1050 cum
995 990 1181 1073 Epigrapbe:

436 1110 555 1188 Semper
558 1112 655 1191 jabnr
668 1113 755 1171 unico
762 1112 893 1189 perfert.

108 1227 194 1290 Dein
208 1238 277 1291 rota
286 1228 371 1291 velut
383 1229 525 1315 continuo
538 1239 622 1291 motu
634 1229 815 1291 circumacta
828 1228 884 1290 hoo
898 1231 1072 1310 preferebat
1089 1232 1228 1294 lemma:

429 1354 549 1435 Serapa
560 1355 740 1416 circumacto
754 1352 898 1414 Secunda.

107 1469 268 1533 Praeterea
279 1472 400 1536 Corona
412 1493 502 1535 aurea
514 1494 583 1533 cum
596 1471 653 1533 hac
665 1470 830 1533 sententia:

499 1584 610 1645 Virtuti
622 1584 721 1644 debito
734 1604 851 1645 merces.

108 1701 163 1763 An
175 1701 246 1764 haec
259 1700 392 1782 quinque
405 1719 480 1760 rosoe
493 1714 651 1778 purpureae
663 1716 732 1756 cum
746 1694 960 1775 inscriptione:

500 1810 587 1870 Urbis
599 1820 630 1869 et
645 1808 732 1869 Orbis
745 1809 846 1870 rimor.

112 1927 242 2011 Insuper
259 1937 320 1989 tres
334 1925 427 1988 Corvi
442 1924 577 1986 volantes
593 1941 667 1984 auro
685 1921 819 1984 coronati
836 1922 892 1983 lroc
910 1921 1096 1983 crocitebant
1114 1940 1186 1983 voce
1204 1921 1265 1983 dis·

72 2025 186 2087 numi.
500 2102 655 2181 Sapientia
667 2101 822 2160 redimivit.

114 2216 239 2278 Sextum
252 2215 351 2278 locum
362 2216 526 2297 occupabat
538 2234 628 2275 aurea
641 2213 785 2275 Ancbora
797 2213 840 2274 ita
852 2211 994 2293 loquens:

446 2328 572 2391 &cam
585 2330 688 2408 coique
696 2327 878 2406 persapiam.

111 2445 311 2527 spectabatur
322 2452 354 2505 et
365 2441 492 2524 Tyberis
509 2460 562 2522 per
577 2440 733 2502 Paetinam
752 2435 1002 2517 metamorphosin
1023 2435 1055 2496 in
1074 2433 1261 2496 senecionem

75 2563 146 2604 cano
156 2542 303 2626 capillitio
312 2549 343 2602 et
351 2539 496 2622 promissa
508 2537 601 2598 barba
609 2543 832 2606 transmutatus,
843 2543 1057 2614 coronatusque
1067 2529 1262 2592 arundinibus

74 2658 106 2698 uc
114 2640 251 2712 floribus,
264 2639 306 2699 ad
317 2638 441 2719 ejusque
454 2635 533 2695 latus
547 2633 633 2714 Lupa
642 2652 711 2692 cum
720 2630 856 2714 gemellis
867 2629 996 2692 Romulo
1006 2637 1035 2690 et
1045 2625 1143 2690 Remo
1155 2627 1262 2688 funda·

75 2735 183 2798 toribus
196 2736 343 2798 Romana
356 2731 440 2794 urbis
452 2729 501 2791 cui
513 2728 755 2792 adscnbebatur:

405 2861 485 2922 Mitti
498 2868 609 2921 veteres
619 2859 786 2918 reddantur
799 2859 929 2919 bonores.

111 2993 158 3054 Ex
176 2995 307 3058 adverso
327 2989 496 3061 Danubius,
515 2987 652 3049 similiter
670 3006 771 3047 senem
790 2985 889 3046 virum
904 2983 1043 3053 reserens,
1057 2989 1136 3043 tecto
1153 2978 1261 3060 capite,

77 3109 184 3153 murum
207 3109 302 3151 manu
321 3097 435 3163 anans,
458 3085 508 3148 cui
531 3082 688 3146 adstabant
707 3083 769 3144 duo
792 3083 816 3145 J
819 3101 928 3143 avenes
950 3077 1083 3142 redimiti
1104 3075 1212 3138 laureis
1232 3083 1262 3136 et

77 3185 176 3265 palmis
189 3206 264 3249 cum
275 3185 333 3246 boc
346 3184 446 3246 dicto:

466 3279 624 3358 Imperium
636 3276 769 3357 tiaefiae
781 3275 863 3335 milti.

112 3395 230 3460 Eodem
243 3415 336 3478 prope
347 3394 425 3469 loco,
439 3392 489 3454 vel
501 3413 563 3454 nou
576 3391 672 3454 multo
686 3389 775 3464 infra,
789 3394 909 3449 moneta
922 3385 1115 3446 exhibebatur
1128 3401 1218 3444 aurea
1227 3399 1265 3442 ex

80 3509 133 3552 uua
148 3493 226 3556 facie
244 3513 366 3574 pomum
386 3489 545 3553 Persicum
562 3487 744 3552 monetarius
762 3491 945 3566 expresserat
963 3501 1031 3542 cum
1053 3479 1191 3561 Imagine
1205 3477 1266 3540 vir·

80 3588 145 3651 tutis
158 3590 257 3664 Fidei,
271 3589 353 3671 quod
362 3589 452 3672 juxta
463 3585 677 3670 AEgyptiacsm
689 3581 866 3664 sapientiam
879 3576 939 3639 oris
953 3586 983 3638 et
995 3576 1096 3657 cordis
1109 3571 1267 3636 concordi-

82 3702 123 3746 tm
134 3696 230 3764 notat,
245 3685 361 3769 hocque
375 3686 474 3767 ipsum
487 3682 654 3764 explicabat
668 3679 805 3741 Guome:

684 3797 703 3834 X
