3225 4700
491 329 892 398 ITINERARIUM.
1232 333 1297 396 415

142 480 274 544 Nomine
289 483 427 546 Ducntns
441 485 593 556 Bavnrici,
609 486 651 546 D.
667 485 868 568 wolfgangus
882 484 1094 568 sigismundus
1108 483 1259 545 Dominus
1273 484 1292 544 1

102 577 256 662 Ieibldng
268 581 447 643 cathedralis
460 583 594 644 ecclesioe
603 583 829 644 Ratisbonensis
837 582 1012 655 canonicus,
1024 582 1171 644 Electoris
1181 582 1294 643 Bavari

99 676 286 738 consiliarius
298 677 414 740 aulicum
427 690 458 742 et
470 680 661 741 camerarius.

142 772 275 836 Nomine
303 775 508 859 Luneburgici
540 777 583 837 D.
611 776 766 837 Henricus
793 775 1008 858 Langenbeck,
1036 776 1079 836 D.
1107 777 1294 838 consiliarius

101 867 340 953 Luneburgicus.

144 965 276 1027 Nomine
298 968 436 1030 Ducatus
457 967 654 1044 Porneraniae‚
674 967 826 1028 Dominus
848 967 1013 1030 Matthaeus
1033 968 1247 1030 Wesenbecius
1267 979 1296 1030 st

101 1060 144 1120 D.
160 1061 268 1122 Tobios
283 1062 436 1125 Oelhaven
451 1066 470 1125 d
484 1063 700 1126 Schellenbach
715 1065 758 1124 D.

143 1158 276 1220 Nomine
290 1160 526 1235 Darmstadiani‚
539 1161 581 1220 D.
592 1160 753 1242 Philippus
765 1160 939 1222 Ludovicus
950 1159 1109 1229 Fabritius,
1119 1161 1161 1220 D.
1177 1161 1296 1223 01000-

100 1253 241 1315 cellarius
264 1256 529 1331 Darmstadiensis,
554 1257 597 1318 D.
620 1257 756 1318 Joannes
776 1258 912 1319 Jacobus
936 1256 1034 1318 Wolff
1052 1257 1072 1318 d
1097 1256 1294 1320 Todenwnrth

100 1350 288 1412 consiliarius
305 1352 440 1429 intimus,
456 1353 499 1413 D.
516 1351 666 1436 Georgius
679 1353 817 1430 Tellena,
834 1355 876 1414 D.
891 1354 1079 1416 consiliarius
1091 1365 1121 1416 et
1135 1354 1295 1439 Murpurgi
1319 1427 1322 1434 ,

101 1447 250 1526 professor
257 1448 348 1529 juris.

144 1542 174 1603 N
176 1543 276 1604 omine
284 1543 411 1604 Abbatis
418 1544 675 1628 Weiugardensis,
685 1545 727 1606 D.
739 1545 891 1628 Georgius
900 1546 1047 1608 Koberlin
1060 1547 1296 1610 constantiensis

101 1640 299 1701 consiliarius.

138 1736 271 1798 Nomine
291 1736 419 1800 Comitis
438 1739 457 1800 d
478 1739 690 1822 Furstenberg,
708 1741 750 1800 D.
770 1741 882 1802 Petrus
896 1741 1070 1803 Buschman
1085 1741 1294 1806 cancellarius

103 1832 301 1896 coloniensis.

143 1931 276 1993 Nomine
292 1931 423 1994 civitatis
439 1931 637 2003 Coloniensis,
657 1933 700 1993 D.
716 1931 907 1994 Baltlrasard
923 1933 1072 1995 Miilheim
1089 1946 1119 1996 et
1134 1936 1294 2000 Gerwinus

100 2026 404 2110 aMegnertuhagen,
423 2027 465 2089 D.
485 2039 516 2090 et
533 2027 664 2098 civitatis
677 2027 865 2090 coloniensis
883 2030 1048 2109 respective
1062 2033 1167 2094 consul
1183 2042 1212 2095 et
1224 2054 1296 2114 syn-

101 2125 198 2186 dicus.

143 2222 276 2284 Nomine
284 2221 414 2284 ciuitatis
423 2221 695 2304 Norimbergensis,
705 2223 746 2284 D.
757 2223 780 2284 J
782 2243 893 2284 oannes
899 2223 922 2284 J
924 2224 1033 2286 acobus
1043 2225 1143 2288 Ietzel
1155 2229 1173 2288 d
1184 2228 1295 2290 Kircln·

100 2318 319 2391 schittenbach,
330 2317 435 2383 Vorha
447 2331 479 2383 et
492 2318 691 2383 Artelshoven
706 2331 826 2383 senator
841 2320 1114 2404 Norimbergensis,
1128 2325 1170 2385 D.
1186 2326 1294 2389 Tobias

103 2415 240 2476 Elhaven
253 2417 272 2476 d
286 2415 512 2491 Schellenbach‚
529 2418 571 2477 D.
586 2418 748 2479 advocatus
763 2419 795 2480 N
796 2418 1037 2499 orimhergcusis.

145 2512 253 2574 Mense
269 2512 381 2575 Martio
398 2514 508 2577 Comes
524 2513 564 2574 de
581 2513 687 2594 Bruay
701 2514 849 2596 generalis
862 2515 998 2596 proxime
1011 2514 1099 2577 affuit
1113 2528 1147 2579 ut
1163 2538 1294 2599 praescn-

101 2608 252 2669 tissimum
266 2610 446 2690 captivitatis
456 2619 487 2671 et
499 2609 571 2670 niue
583 2608 748 2689 periculum
762 2610 869 2672 adiret.
911 2609 1116 2674 constituerat
1133 2616 1243 2676 etenim
1257 2638 1295 2679 ex

101 2701 266 2783 improviso
283 2702 344 2762 und
363 2723 432 2763 cum
454 2702 571 2763 Saxone
592 2700 742 2763 Colonelli
762 2702 913 2768 Proelectn
933 2706 971 2769 de
992 2708 1161 2795 Oulenberg
1180 2721 1294 2775 tentare

101 2809 207 2859 contra
222 2798 333 2860 Sueuos
346 2799 582 2880 impressionem,
592 2798 706 2859 idcirco
719 2820 788 2859 cum
799 2801 881 2863 mille
891 2804 1064 2886 quingentis
1072 2808 1156 2887 equis
1166 2811 1294 2872 statione

100 2894 156 2955 sut
169 2895 334 2978 egreditur,
349 2896 508 2976 Albimque
522 2896 650 2958 fluvium
663 2898 883 2979 transgreditur
891 2901 1080 2982 paucissimis
1092 2904 1294 2987 impressionis

101 3011 164 3053 suoe
177 3012 315 3053 consens.

144 3089 209 3149 Hic
222 3088 378 3169 premittit
392 3087 579 3151 Colonellum
592 3090 697 3174 Luttig
706 3111 774 3151 cnm
790 3094 929 3155 trecentis
944 3098 1093 3177 equitibus
1109 3099 1294 3181 exploratum

101 3185 217 3266 quidet
227 3187 276 3246 ubi
291 3185 380 3247 Sueci
390 3194 524 3267 agerent,
538 3186 601 3267 ipse
611 3187 683 3247 vero
696 3186 817 3247 interim
832 3208 902 3249 cum
915 3191 1031 3273 reliquo
1048 3194 1143 3256 milite
1157 3196 1296 3259 Senllen·

100 3284 202 3364 bergas
222 3281 348 3366 ignobili
367 3292 398 3343 et
418 3282 535 3343 deserto
556 3282 699 3344 suburbio
720 3284 867 3355 consistit,
888 3290 994 3367 purtim
1015 3292 1167 3353 tantillum
1186 3294 1295 3374 quietis

101 3379 203 3453 militi,
220 3390 252 3441 et
271 3380 413 3461 pabulum
431 3380 518 3460 equis
536 3377 718 3452 indulturus,
737 3380 847 3462 purtim
861 3394 944 3444 certa
960 3386 1072 3448 nuncia
1089 3388 1126 3450 ab
1143 3389 1294 3453 emissario

101 3474 197 3537 milite
211 3477 250 3538 ds
263 3476 347 3539 hoste
360 3486 578 3557 expectaturus.
616 3476 747 3539 Aberrat
757 3477 871 3539 interea
881 3477 1053 3543 Colonellus
1064 3483 1180 3567 Luttig‚
1192 3506 1247 3548 uec
1261 3488 1293 3550 in

101 3592 193 3653 quem
206 3574 313 3635 missus
327 3586 390 3635 erat
402 3572 494 3635 finem
506 3572 684 3653 assequitur.
727 3575 800 3637 Non
815 3576 912 3656 potuit
925 3576 982 3640 hoc
998 3579 1090 3641 latere
1105 3580 1226 3654 Succos,
1241 3590 1294 3665 qui

100 3669 158 3750 ipsi
171 3688 240 3730 cum
254 3670 389 3750 pluribus
402 3670 538 3750 equitum
553 3669 659 3731 turmis
672 3680 777 3731 contra
791 3670 889 3734 hostes
902 3694 969 3735 suos
982 3686 1166 3757 promovent,
1179 3691 1208 3741 et
1221 3684 1295 3761 qnia
