3225 4700
343 325 411 392 392
811 319 833 385 I
840 317 892 386 TI
897 313 1117 386 NERARI
1124 312 1209 384 UM.

345 479 427 555 estis,
448 488 479 542 et
497 477 569 540 licet
587 477 699 559 passim
721 477 754 538 in
774 475 885 558 vulgus
909 474 1067 558 spargatis,
1089 471 1184 534 nostri
1203 468 1325 532 honoris
1345 467 1499 530 interesse
1520 477 1552 526 ut

344 577 384 638 ad
398 597 451 638 vos
464 576 632 651 redeamus,
647 583 766 638 constat
781 573 988 646 nihilominus,
1003 573 1087 654 quod
1105 570 1189 632 illata
1201 569 1233 630 vi
1247 588 1302 629 nos
1319 586 1415 649 regno
1435 563 1552 646 ejicere

344 672 545 755 quantumin
565 673 650 735 robis
673 673 742 748 fnit,
766 670 932 733 volueritis.
970 669 1130 742 Quomodo
1153 668 1224 730 verb
1245 664 1358 726 adduci
1377 683 1436 724 nos
1461 683 1550 744 posse

343 771 466 853 putatis,
479 780 519 833 nt
527 791 583 834 uos
596 781 769 852 nostrosque
781 769 889 832 liberos
901 777 1008 830 vestrae
1022 766 1096 828 fidei
1109 763 1291 828 credamus?
1320 760 1445 823 Scimus
1460 760 1550 840 eqni·

343 867 414 929 dem
432 877 467 929 et
479 868 601 930 ah'uude
620 867 761 928 norimus
774 865 806 927 in
824 866 968 948 majorem
988 872 1104 946 partem
1119 862 1299 924 Senatorum
1319 857 1400 920 hanc
1419 856 1549 937 culpam
1585 901 1586 934 ,

343 984 404 1024 non
414 963 595 1040 redmrdore,
608 963 721 1046 quippe
734 963 787 1044 qui
806 962 838 1023 in
854 962 981 1023 eandem
1001 981 1071 1022 cum
1089 957 1268 1040 quibusdem
1281 953 1465 1017 sententiam
1485 972 1549 1012 non

343 1062 566 1137 comiserunt,
581 1061 630 1122 vel
648 1061 674 1122 si
693 1059 908 1133 consenseriut,
927 1057 1053 1139 majoris
1068 1055 1186 1118 vitandi
1204 1051 1277 1114 mali
1294 1060 1378 1112 metu
1394 1049 1549 1111 adductos
1585 1123 1586 1130 ἵ

342 1175 416 1235 esre,
431 1160 513 1221 nude
525 1158 646 1220 facilem
659 1156 704 1218 illi
717 1159 737 1218 a
749 1156 836 1219 nobis
849 1165 1003 1218 merentur
1020 1151 1253 1235 indulgentiam.
1295 1147 1414 1221 Quodsi
1431 1145 1548 1208 nihilo-

341 1257 442 1319 minus
455 1255 651 1318 constituistis
664 1254 705 1315 ad
720 1273 776 1315 nos
793 1254 913 1316 mittere
930 1254 1013 1335 pacis
1031 1251 1229 1320 conditiones,
1243 1267 1293 1309 eas
1305 1245 1546 1328 expectabimus,
1585 1263 1586 1340 j

341 1355 450 1437 quibos
468 1352 494 1414 si
509 1351 675 1414 annueritis
691 1350 792 1412 locum
812 1351 984 1413 tractatibus
1004 1361 1207 1431 opportunum
1226 1345 1243 1406 ὸ
1264 1344 1418 1406 voluntate
1440 1341 1545 1404 nostri

340 1450 500 1514 commodo
509 1448 580 1509 verb
590 1455 690 1509 restro
699 1447 824 1519 facietis,
834 1448 890 1510 lec.
924 1448 1014 1512 Datae
1029 1445 1170 1529 Retingae
1184 1446 1234 1504 2⁷.
1247 1440 1433 1503 Novembris
1451 1443 1542 1500 1642.

379 1546 474 1622 and
495 1545 725 1606 Parlamentum
746 1545 785 1606 ad
813 1544 866 1606 has
885 1544 999 1607 litteras
1022 1542 1209 1626 responderit
1232 1540 1368 1601 nondum
1393 1537 1543 1619 comperi,

340 1643 479 1706 babuisse
487 1653 586 1704 tamen
597 1643 715 1724 pondus
725 1642 797 1704 inde
806 1642 912 1724 liquet,
925 1641 1006 1724 quod
1013 1641 1126 1723 legatos
1135 1659 1204 1701 suos
1214 1640 1252 1700 ad
1261 1637 1378 1719 Regem
1389 1637 1541 1710 miserint,

339 1741 393 1822 qni
402 1742 520 1823 'puncta
531 1740 670 1821 quedem
682 1740 765 1821 pacis
779 1748 988 1821 proponerent,
1004 1747 1034 1801 et
1047 1758 1137 1820 super
1149 1738 1186 1799 iis
1199 1756 1268 1798 cnm
1282 1735 1373 1818 regiis
1387 1733 1541 1796 consulta·
1585 1763 1586 1846 p

339 1847 416 1914 rent,
431 1859 492 1899 non
508 1849 610 1918 optato
625 1847 725 1898 tamen
746 1838 841 1911 exitu,
855 1836 974 1898 infectis
989 1835 1071 1896 enim
1085 1835 1172 1896 rebus
1190 1842 1258 1916 post
1276 1851 1444 1914 paucorum
1458 1851 1540 1892 rnen·
1585 1885 1586 1902 ,

337 1935 419 1998 sinnn
429 1933 629 2009 intervallum,
643 1943 809 1996 conventus
822 1943 867 1996 est
877 1933 1049 1995 dissolutus.

378 2030 516 2093 Brist'olii
540 2031 596 2092 snb
617 2050 751 2091 mensem
779 2030 926 2092 Martium
954 2027 1123 2112 periculosa
1144 2027 1264 2089 detecte
1287 2034 1332 2088 est
1353 2027 1539 2108 conspiratio
1585 2107 1586 2110 Ἴ

337 2149 430 2211 quam
453 2127 589 2210 primarii
610 2127 676 2208 ejus
695 2127 756 2188 loci
775 2127 883 2189 incolae
907 2125 1134 2208 cumpluribus
1155 2121 1351 2206 complicibus
1372 2124 1537 2186 machinati
1585 2115 1586 2122 ἵ

336 2235 417 2287 runt.
458 2224 686 2287 constituerant
698 2222 731 2284 bi
744 2225 823 2286 clem
837 2225 868 2285 in
881 2225 986 2286 urbem
1000 2222 1156 2285 admittere
1169 2233 1282 2304 septem
1297 2222 1428 2284 militum
1442 2222 1538 2282 millia

335 2323 415 2385 duce
428 2322 563 2384 Roberto
577 2319 729 2398 Palatino,
744 2322 797 2402 qui
811 2343 870 2385 uon
886 2321 944 2384 nisi
957 2321 1090 2384 secundo
1106 2320 1144 2381 ab
1157 2321 1232 2382 urbe
1245 2319 1343 2401 lapide
1356 2319 1536 2394 excubabat,

335 2430 366 2481 et
381 2420 501 2502 signnm
520 2420 559 2481 dc
573 2419 660 2481 cresis
678 2418 718 2480 ad
737 2432 853 2503 portam
871 2418 1006 2482 excubiis
1022 2417 1150 2480 sollicite
1169 2420 1353 2500 expectabat.
1396 2418 1537 2481 Innotuit

336 2518 438 2579 nescio
450 2538 512 2599 quo
524 2517 602 2579 duce
612 2518 728 2579 duabus
736 2526 806 2579 ante
817 2517 898 2579 horis
908 2536 999 2598 quam
1010 2513 1179 2578 executioni
1188 2515 1382 2577 mandaretur
1391 2514 1534 2597 proditio,

335 2612 408 2675 hinc
421 2614 555 2675 excubioe
569 2633 640 2675 mox
654 2613 828 2695 duplicatae,
841 2612 927 2674 miles
941 2611 1146 2694 praesidiarium
1159 2611 1192 2671 in
1205 2622 1302 2673 certas
1315 2612 1458 2673 stationes
1472 2612 1534 2673 dis·

335 2708 461 2789 positus,
473 2706 554 2767 cives
568 2705 607 2767 ad
621 2726 706 2767 arma
715 2706 882 2782 convocati,
891 2705 1122 2787 conspirationis
1135 2708 1180 2770 rei
1192 2709 1398 2791 comprehensi
1409 2718 1439 2771 et
1449 2730 1534 2770 sexa·

335 2804 421 2886 ginta
436 2824 563 2866 numero
582 2803 615 2864 in
632 2804 754 2866 vincula
768 2823 963 2885 carceresque
981 2803 1139 2887 compacti,
1159 2826 1323 2888 eorumque
1338 2808 1418 2869 bona
1432 2808 1533 2869 omnia

334 2901 409 2964 fisco
422 2901 572 2983 assignata
585 2907 663 2962 sunt
704 2900 943 2983 conspirationis
956 2912 1092 2964 auctores
1106 2903 1251 2985 praeoipui
1265 2904 1431 2966 creduntur
1443 2903 1533 2965 fuisse

333 2998 463 3060 Thomas
486 3007 517 3058 et
538 2996 717 3058 Wilhelmus
740 2998 914 3071 Ooulstone,
938 2998 1090 3073 Robertus
1113 3012 1143 3064 et
1162 2999 1344 3063 Wilbelmus
1368 3001 1530 3076 Yeamans,

334 3095 496 3157 Eduardus
506 3093 653 3169 Arendal,
667 3095 1059 3178 Criswiolre,Caple‚Cale.
1094 3097 1299 3162 Constituerat
1310 3099 1458 3161 militibus
1469 3101 1529 3161 suis

333 3193 485 3255 Robertus
500 3191 640 3273 princeps
653 3191 720 3253 loco
739 3200 858 3255 tesserae
873 3212 980 3255 vocem
994 3193 1131 3272 Carolus,
1149 3208 1239 3277 atque
1254 3206 1334 3259 uteo
1352 3196 1385 3257 in
1401 3196 1531 3258 tenebris

332 3300 539 3375 ognoscerent
560 3289 774 3351 redimiculum
795 3289 960 3352 candidum
979 3290 1059 3372 pileo
1078 3294 1189 3375 apponi
1209 3295 1349 3378 jusserat.
1392 3292 1439 3357 Ut
1458 3295 1528 3355 verb

330 3386 548 3475 riditlcpnsilia
557 3396 626 3447 ante
640 3397 757 3468 tempus
771 3387 900 3470 prodita,
910 3386 1062 3449 Oxovium
1077 3409 1212 3453 reversus
1225 3400 1281 3466 est,
1294 3410 1331 3451 ac
1346 3391 1437 3453 obvia
1447 3412 1527 3473 quae-

331 3486 379 3563 ris
392 3506 445 3568 per
459 3484 541 3546 viem
555 3483 692 3565 diripuit,
707 3494 739 3545 et
750 3484 835 3545 mille
848 3483 937 3545 facile
951 3505 1042 3566 equos
1055 3486 1192 3550 abduxit.

370 3582 527 3667 Vigesima
540 3590 625 3643 sexta
641 3580 749 3643 Martii
764 3592 863 3665 patres
878 3580 1038 3664 Capuoini,
1052 3585 1105 3664 qni
1124 3584 1143 3647 ὲ
1156 3585 1290 3648 discessu
1305 3585 1435 3669 Reginae
1454 3586 1525 3649 illuc

330 3698 424 3761 nsque
442 3676 556 3740 detenti
575 3677 705 3754 fuerant,
724 3678 865 3741 londino
883 3679 972 3762 ejecti
989 3689 1070 3756 sunt,
1087 3682 1128 3744 ad
1144 3702 1237 3746 naves
1251 3684 1377 3747 deducti
1392 3694 1481 3769 etque
1493 3687 1524 3748 in
