3225 4700
482 336 510 401 I
514 332 798 402 TINERARI
804 332 890 402 UM.
1206 335 1267 401 401

60 495 287 565 persenserunt.
331 488 391 550 His
404 509 467 551 nou
479 491 675 564 obstantibus,
688 489 903 550 continuarunt
912 487 996 551 Galli
1005 487 1199 571 pertinaciter
1212 489 1265 550 ob·

56 583 214 646 sidionem
226 606 357 666 quorum
370 588 553 668 guberuator
572 587 632 648 loci
650 587 851 648 constantiam
866 585 984 660 videns,
1002 606 1073 647 cum
1094 605 1151 647 nec
1171 586 1266 648 subsi·
1334 597 1339 606 '

56 679 150 740 dium
164 701 283 761 sperare
302 693 401 764 posset
418 705 475 745 nec
495 683 618 746 baberet
630 684 712 745 unde
730 704 818 765 porro
836 682 992 744 obsisteret
1005 683 1169 761 (defecerat
1182 684 1263 744 enirn

55 777 241 855 praesidium
256 799 317 839 uua
329 799 400 842 cum
417 780 539 861 pulvere
558 781 658 862 pyrio)
672 780 857 842 deditionem
872 780 970 840 facere
989 791 1110 842 coactus
1128 789 1181 842 est.
1225 780 1263 840 In

55 873 245 954 vigesimum
256 875 350 958 igitur
358 878 519 958 septimum
531 878 715 960 Septembris
723 899 876 961 egressum
886 876 1012 938 liberum
1026 886 1056 938 et
1065 876 1263 939 honorificum

56 981 171 1050 pactus
192 981 236 1032 est
259 991 422 1053 secumque
442 973 595 1035 Vercellas
617 973 744 1034 abduxit
764 971 914 1054 quidquid
938 969 1043 1033 babuit
1064 972 1263 1053 impedimen-

56 1077 175 1144 torum,
190 1088 226 1129 ac
240 1069 363 1149 iusuper
374 1080 505 1150 quatuor
516 1078 666 1131 tormento
682 1089 783 1131 secum
798 1068 914 1130 eduxit.
951 1067 1035 1130 Galli
1049 1070 1120 1132 verb
1139 1070 1265 1152 ingressi

56 1175 144 1240 sunt,
160 1186 197 1228 ac
209 1176 368 1247 postquam
382 1167 556 1230 necessariis
571 1168 659 1229 rebus
675 1166 874 1228 munitionem
893 1165 1103 1228 instruxissent
1119 1167 1178 1228 alib
1192 1188 1263 1228 con·

55 1261 130 1322 silia
144 1274 174 1324 et
187 1263 245 1323 iter
257 1263 442 1326 direxerunt.

103 1359 214 1421 Mense
229 1360 355 1422 Octobri
372 1360 531 1442 pontificia
542 1382 627 1423 arma
640 1362 680 1424 ad
699 1361 898 1446 Pitiglisnsm
917 1361 1115 1424 munitionem
1137 1361 1263 1424 fortissi-

57 1476 144 1517 mum
164 1457 288 1519 sdmots
304 1468 375 1519 sunt
391 1458 567 1538 obsidioque
585 1458 663 1520 scrib
681 1470 823 1541 suscepta
842 1480 878 1522 ac
893 1460 1011 1543 magnis
1024 1459 1140 1520 viribus
1154 1460 1263 1521 labori·

56 1555 179 1634 busque
200 1567 346 1637 promote,
365 1556 558 1636 quantumvis
577 1555 751 1618 Colonellns
771 1557 933 1618 Grisonius
951 1557 1011 1618 loci
1032 1557 1213 1639 guberuator
1232 1578 1263 1618 se

57 1650 224 1712 fortissime
234 1664 408 1734 opponeret.
449 1653 603 1716 Videbunt
621 1655 735 1714 interea
753 1653 921 1716 Florentini
941 1663 1085 1734 quantum
1100 1654 1163 1715 suis
1176 1655 1264 1715 rebus

61 1749 218 1810 commodi
232 1748 401 1825 decederet,
415 1751 443 1812 si
455 1751 584 1812 munitio
596 1750 650 1811 illa
662 1751 692 1810 iu
708 1760 886 1832 potestatem
900 1750 1127 1831 pontificiorum
1137 1751 1261 1812 veniret.

62 1846 258 1928 Quapropter
269 1847 325 1906 sub
337 1845 495 1908 Golouello
509 1846 624 1907 Stronai
637 1846 696 1907 duo
707 1846 844 1927 peditum
854 1846 951 1907 millia
963 1856 993 1907 et
1006 1857 1117 1928 septem
1129 1847 1262 1928 equitum

62 1941 214 2022 manipuli
222 1942 377 2004 confestim
390 1942 521 2005 Seauum
532 1943 616 2005 missi
626 1953 697 2004 sunt
703 1954 738 2005 ut
745 1965 782 2005 ex
790 1944 893 2006 vicino
901 1943 1137 2025 specularentur,
1147 1943 1207 2025 qui
1217 1966 1263 2006 ra·

60 2041 147 2101 tione
155 2038 743 2123 obsidionissuccessusimpediriethosti
754 2041 854 2103 eludes
862 2041 967 2102 inferri
974 2049 1084 2122 posset.
1107 2042 1264 2103 Noocertd

62 2135 162 2198 multo
175 2145 243 2216 post
255 2137 414 2203 commoda
427 2158 490 2200 sese
508 2138 618 2202 obtulit
636 2149 740 2200 contra
753 2139 924 2220 pontificios
937 2139 1029 2200 eundi
1040 2138 1166 2212 occasio,
1182 2160 1263 2200 conr·

63 2245 207 2316 perersut
215 2235 297 2295 euim
307 2233 474 2296 Florentini
484 2235 584 2298 hostes
593 2257 660 2298 suos
668 2257 787 2318 passum
799 2236 1014 2298 Cestonensem
1025 2235 1166 2307 insidere,
1178 2257 1264 2320 meg-

65 2352 200 2413 numque
209 2341 411 2393 commeatum
420 2354 477 2415 pro
487 2334 619 2396 exercitu
628 2333 786 2417 colligere:
801 2331 873 2393 illuc
885 2331 996 2394 Strozzi
1007 2332 1166 2415 exploratis
1178 2334 1265 2395 rebus

64 2429 214 2511 proemisit
226 2428 376 2509 equitatus
393 2429 441 2490 sui
457 2442 582 2511 purtem,
597 2432 720 2513 ipseque
733 2450 804 2490 mox
820 2450 889 2491 cum
904 2432 963 2489 200
981 2430 1131 2510 peditibus
1145 2441 1265 2493 secutus

65 2536 122 2597 est,
135 2546 266 2607 cumque
277 2526 377 2588 hostes
394 2527 596 2609 eximproviso
616 2528 823 2610 impetivisset‚
838 2526 936 2609 primis
953 2528 1053 2588 statim
1071 2528 1265 2609 impressione

12 2632 16 2656 '
65 2625 239 2711 pontificios
268 2626 406 2687 nonnihil
433 2626 646 2700 consternavit,
679 2626 731 2705 qui
761 2637 860 2686 tamen
889 2623 1051 2704 prudenter
1080 2622 1265 2685 dissimulato

65 2736 149 2787 metu
168 2744 252 2785 erma
270 2724 488 2805 corripuerunt,
505 2722 559 2783 sed
579 2741 650 2782 mox
670 2722 690 2782 lt
709 2721 861 2803 proposito
881 2720 1064 2781 remittentes
1080 2720 1265 2784 deditionem

66 2821 113 2881 sui
133 2839 315 2899 suorumque
333 2818 458 2892 iaciunt,
479 2823 571 2881 vitam
592 2819 795 2901 paciscuntur,
814 2840 849 2880 sc
864 2818 900 2879 de
915 2830 1023 2879 caetero
1036 2818 1182 2880 voluntati
1202 2820 1266 2881 vic-

65 2929 166 2979 torum
183 2938 245 2979 sese
266 2917 454 2978 submittunt.
496 2916 652 2997 ceperunt
667 2917 725 2977 hic
744 2915 933 2997 expeditione
950 2914 1114 2977 Florentini
1136 2919 1189 2976 100
1208 2918 1267 2977 cir·

12 3071 19 3098 b
66 3015 142 3076 citer
155 3014 282 3096 pedites,
303 3011 492 3094 manipulum
511 3033 604 3073 unum
625 3013 771 3094 equitum,
786 3013 955 3075 stulterum
973 3015 1161 3095 manipulum
1175 3035 1265 3095 equo·

12 3169 17 3180 ,
51 3111 250 3194 ⁴pedestrium
264 3130 339 3191 quos
352 3130 455 3171 omnes
469 3110 531 3170 und
545 3130 613 3171 curu
628 3111 714 3171 vario
726 3122 757 3172 et
772 3130 931 3173 numeroso
944 3112 1042 3172 omnis
1054 3112 1172 3193 generis
1186 3132 1268 3174 com·

67 3219 167 3269 meatu
178 3216 209 3268 et
217 3207 311 3267 nobili
322 3217 468 3288 eppsratu
476 3206 596 3275 bellico,
606 3227 710 3268 secum
719 3207 752 3268 iu
762 3228 904 3269 securum
913 3208 1086 3285 obducunt3
1108 3207 1209 3271 bocut
1222 3210 1268 3271 in·

66 3305 164 3366 notuit
181 3304 338 3387 pontificio
353 3304 497 3366 Genersli
512 3304 607 3379 Oddi,
621 3324 691 3366 cum
712 3315 841 3386 quatuor
854 3305 987 3367 millibus
1001 3305 1135 3388 peditum
1155 3316 1185 3369 et
1200 3327 1267 3367 sex·

67 3402 162 3463 centis
170 3402 294 3463 omniuo
300 3401 451 3482 equitibus
460 3402 602 3481 omnique
612 3401 760 3463 instructu
772 3402 886 3464 Martio
894 3401 1011 3463 deserti
1023 3402 1101 3466 ultro
1111 3402 1266 3464 obsidione

67 3498 246 3571 retrocessit,
271 3499 360 3580 eujus
383 3498 511 3581 vestigia
533 3498 656 3581 dtergo
678 3518 817 3579 premens
836 3518 906 3560 cum
928 3499 989 3561 suis
1016 3499 1129 3562 Strozzi
1157 3510 1266 3581 praeter

67 3596 211 3677 plurimos
224 3616 319 3658 coesos
328 3605 358 3657 et
368 3604 471 3676 captos
485 3596 591 3657 decern
604 3594 775 3677 capitaneos
787 3596 957 3678 multosque
973 3597 1114 3659 officiales
1129 3597 1266 3669 abduxit,

12 3680 20 3695 ³
67 3715 117 3754 sex
130 3694 253 3775 insuper
265 3694 380 3774 majora
389 3701 539 3757 tormenta
549 3703 579 3753 et
588 3692 723 3773 quinque
736 3691 810 3754 alies
823 3692 977 3757 machinos
988 3694 1108 3777 ignibus
1116 3694 1267 3777 jaciendis

642 3792 659 3850 3
675 3811 692 3850 r
