3225 4700
492 355 901 424 ITINERARIUM.
1221 357 1286 422 265

43 503 220 584 pusiones
235 512 266 566 et
284 523 376 586 prope
394 503 522 568 inientes
541 528 642 570 secum
661 509 852 572 abduxerunt
858 529 868 584 3
890 527 929 569 ex
946 507 1055 588 quibus
1073 527 1167 569 unum
1182 506 1281 568 Hom-

44 601 158 681 burgi
189 601 267 663 deto
289 601 360 663 litro
387 603 516 664 duorum
542 604 750 686 Imperielium
772 605 795 667 J
798 605 888 680 ndei,
913 603 1169 666 commiseratione
1192 603 1278 685 pueri

44 697 150 768 tecti,
173 697 390 776 redemerunt;
426 720 480 780 pro
502 700 595 762 eltero
617 701 727 762 trienni
748 710 871 764 centum
895 700 1077 762 Delerorum
1098 700 1278 762 solutionem

46 793 174 874 inique
196 793 404 876 postiderunt3
427 797 618 858 duodennem
632 817 703 858 vero
722 797 815 859 ulium
830 797 930 860 vidue
949 796 1048 859 filium
1066 797 1204 860 ducentis
1222 796 1278 856 im·

47 884 239 966 perialibns
257 887 454 964 estimarunt,
466 889 516 950 vel
535 899 614 952 certe
632 891 811 953 commutari
828 912 899 954 cum
916 914 1009 974 puero
1031 892 1183 975 Majorem
1204 891 1277 956 Oel-

50 983 213 1066 schleger
227 984 397 1050 voluerunt.

101 1079 219 1153 Quam
239 1081 303 1144 hec
319 1083 420 1144 omnis
440 1093 531 1162 recte,
551 1105 641 1164 quem
658 1087 676 1147 b
691 1086 816 1150 militari
834 1087 945 1170 egendi
963 1085 1090 1158 ratione,
1107 1085 1277 1148 consideret

53 1180 206 1260 prudens
225 1179 341 1260 quivis:
374 1188 405 1242 et
421 1188 522 1242 temen
541 1180 581 1243 sd
601 1191 665 1243 tum
683 1182 789 1264 inique
811 1183 961 1245 Ductores
983 1182 1084 1258 silent,
1108 1181 1275 1262 approbent

54 1295 133 1356 quse
149 1275 265 1337 merito
281 1276 420 1338 detestari
438 1277 591 1352 deberent,
605 1277 790 1360 militemque
806 1280 947 1363 ignarum
960 1279 1002 1342 ite
1014 1279 1047 1340 in
1059 1277 1208 1340 sententie
1219 1297 1275 1338 sue

57 1369 266 1446 confirment,
281 1380 315 1434 ut
328 1393 360 1434 se
373 1372 537 1436 rectissime
550 1373 656 1456 egisse,
670 1383 737 1457 post
750 1375 807 1438 bec
820 1384 914 1458 putet.

503 2057 695 2134 CAPUT
732 2057 839 2132 LVI.

190 2235 297 2328 Binqc
304 2264 366 2328 per
378 2241 603 2311 Murncullum
621 2244 734 2331 Campi
750 2242 916 2310 Gelasium
931 2252 1141 2328 recuperatur.

81 2408 264 2510 ’μυ-ΔΡ]
276 2432 487 2495 eANDEM
504 2434 666 2518 aliquando
682 2434 759 2497 serie
775 2445 880 2497 contre
897 2434 1060 2497 Wimerios
1078 2434 1109 2495 iu
1127 2433 1270 2516 Bingeno

80 2498 176 2608 wll(
211 2499 309 2676 γ’)
340 2531 480 2612 praesidio
495 2533 687 2595 subsistentes
703 2540 785 2594 motu
802 2541 873 2594 sunt
887 2551 981 2604 erma,
994 2551 1062 2613 quoe
1076 2552 1136 2593 non
1152 2530 1269 2613 itepri·

114 2615 133 2664 ᾖ
151 2613 171 2726 7*
220 2576 303 2706 ιφ
340 2629 409 2691 dem
419 2628 587 2711 jocularem
604 2630 636 2691 in
654 2630 779 2690 modum
799 2650 835 2690 eo
849 2628 935 2709 qussi
952 2628 1106 2690 edmoveri
1121 2628 1186 2689 vise
1202 2627 1267 2689 sue·

95 2793 103 2808 s
228 2717 302 2854 so
340 2735 416 2787 rent.
457 2727 536 2789 Cum
553 2727 634 2787 enim
649 2725 980 2809 locusisteMoguntioe
994 2725 1122 2787 nimium
1137 2724 1266 2797 vicinus,

107 2818 128 2846 ¹⁶
142 2821 159 2860 ¹1
185 2855 205 2870 v
226 2799 300 2880 ω
339 2821 418 2885 hosti
434 2822 550 2885 enimes
567 2822 702 2895 adderet,
722 2821 925 2901 Rhenumque
942 2820 1043 2902 aliquo
1064 2820 1153 2881 modo
1173 2820 1266 2901 impe·

77 2920 173 2983 ditum
185 2918 332 2993 redderet,
340 2928 458 2980 maturo
471 2918 596 2981 consilio
610 2919 664 2981 diu
675 2918 872 2981 deliberatum
887 2918 993 2994 lueret,
1004 2918 1056 2999 qul
1069 2917 1109 2978 sd
1118 2916 1267 2977 Dominos

78 3015 206 3099 proprios
222 3015 320 3077 redire
333 3024 447 3097 posset:
470 3036 599 3098 cumque
612 3036 682 3079 eum
698 3016 729 3077 in
747 3014 840 3077 finem
854 3014 1052 3095 undequaque
1068 3033 1106 3073 ex
1118 3010 1266 3093 presidiis

79 3126 138 3175 tem
152 3113 292 3175 Caesereis
305 3132 395 3194 quem
407 3112 582 3195 Hispanicis
595 3112 728 3175 collectis
738 3122 837 3173 essent
849 3121 957 3172 turmae
967 3110 1096 3169 militum
1107 3106 1263 3189 pluscule,

80 3212 148 3271 Dux
160 3210 208 3291 qui
216 3218 311 3271 totum
320 3209 484 3271 obsidionis
494 3208 646 3289 negotium
658 3206 803 3288 dirigeret
811 3203 975 3265 destinatus
986 3214 1030 3263 est
1039 3202 1111 3261 Don
1119 3200 1263 3282 Verdugo

84 3307 237 3389 Hispanus,
255 3305 377 3367 nomine
396 3306 544 3387 majorum
563 3313 593 3365 et
610 3302 694 3364 cenis
712 3301 818 3383 cepitis
835 3318 925 3382 quem
947 3300 1040 3360 ermis
1062 3296 1263 3379 spectabilior.

84 3402 138 3463 llic
156 3412 303 3485 postquem
326 3422 394 3463 cum
416 3399 534 3463 delecto
552 3400 669 3481 sibique
691 3396 812 3459 subdito
831 3395 928 3457 milite
952 3395 1086 3478 Bingsm
1109 3394 1263 3456 obsidione

85 3498 221 3573 cinxisset,
232 3498 385 3561 tormentis
395 3497 511 3561 bellicis
523 3506 646 3576 quatere
660 3494 752 3577 coepit
765 3492 887 3565 moenin,
898 3513 934 3554 sc
943 3491 1025 3553 felici
1034 3512 1174 3553 successu
1186 3491 1265 3572 ejus·

85 3595 158 3657 modi
167 3595 243 3657 brevi
257 3593 372 3656 histum
384 3592 513 3675 speruit,
523 3603 557 3654 ut
570 3590 667 3653 facilis
679 3599 755 3652 essct
768 3588 955 3670 irrumpendi
969 3588 1094 3661 modus;
1110 3608 1165 3649 nec
1177 3586 1263 3647 miles

87 3711 148 3754 sene
160 3692 193 3757 eb
209 3691 376 3755 incursione
394 3690 509 3753 slienus
527 3699 601 3761 eret,
615 3697 704 3767 etque
713 3687 780 3768 jum
795 3706 849 3747 suo
861 3705 953 3768 prope
970 3684 1083 3765 impetu
1102 3683 1261 3756 ferebatur,

631 3804 655 3842 bl
671 3803 695 3841 bl
775 3800 778 3807 ⁴
