3225 4700
505 303 906 388 urrunnnnrunr.
1234 321 1299 386 365

91 475 213 536 mentis
234 476 275 537 ad
298 476 464 538 Generales
483 477 659 538 conclusum
681 487 736 545 est,
761 475 854 557 quod,
879 473 1126 556 prosequentibus
1144 473 1224 534 bona
1245 494 1299 534 sua

90 571 279 634 officialibus
293 573 415 634 factum.
458 574 529 636 Hoc
547 585 582 635 ut
594 575 737 636 viderunt
756 573 866 634 milites
882 572 1032 632 officiariis
1051 571 1196 644 destituti,
1215 571 1298 632 anxii

90 669 305 731 reddebantur
318 671 357 732 de
370 691 471 732 rerum
485 679 605 747 eventu,
622 671 700 732 unde
713 669 812 751 primo
825 667 958 749 pauculi,
974 687 1044 728 mox
1057 668 1157 749 plures
1172 667 1298 728 transire

90 764 137 825 ad
156 766 309 827 victorum
325 777 425 849 partes
445 768 642 840 constituunt,
662 776 778 828 etcum
799 787 865 826 earn
884 766 923 826 ob
937 785 1057 826 causam
1076 764 1222 826 dissensio
1234 773 1299 824 orta

90 861 208 922 fuisset
222 862 300 924 inter
313 864 434 939 milites,
450 865 503 945 qui
515 865 623 945 reliqui
636 865 765 939 fuerant,
777 884 833 925 uec
847 863 885 924 de
898 863 1065 925 delectione
1077 862 1255 942 cogitarant,
1267 859 1297 920 vi

91 957 327 1034 abstrahuntur,
350 971 381 1022 et
402 982 457 1042 per
479 961 612 1044 legiones
634 962 787 1024 Caesareas
810 959 999 1022 dividuntur.
1043 956 1210 1038 Displicuit
1231 955 1297 1018 haec

91 1054 342 1117 andaciamnltis
351 1058 404 1118 sed
418 1058 566 1139 imprimis
574 1060 626 1120 ubi
636 1059 768 1120 innotuit
778 1056 988 1130 Generalibus,
1000 1055 1053 1136 qui
1064 1055 1164 1116 statim
1177 1053 1297 1114 conclu·

92 1161 216 1220 serunt,
236 1173 291 1214 sna
308 1154 406 1215 cnivis
424 1154 641 1235 impedimenta
660 1176 723 1216 esse
742 1153 953 1236 permittenda,
974 1151 1085 1213 milites
1105 1169 1224 1231 quoque
1244 1151 1296 1230 qui

94 1267 130 1308 se
145 1248 228 1308 ultro
241 1251 390 1311 victorum
403 1251 537 1330 partibus
554 1273 614 1313 non
634 1251 853 1334 adjunxissent,
868 1248 918 1310 vel
934 1269 1004 1309 cum
1019 1247 1163 1310 Caesareis
1178 1265 1298 1306 manere

95 1364 162 1404 non
181 1345 416 1423 constituissent,
436 1347 643 1420 dimittendos,
661 1369 696 1409 ac
714 1357 804 1429 prout
820 1346 937 1427 petebat
952 1342 1211 1406 Brunclrborstins
1226 1341 1297 1402 We·

94 1440 208 1502 saliam
224 1442 400 1504 Hollandise
413 1463 477 1506 esse
491 1445 695 1506 deducendos.

140 1537 359 1600 lamentabilis
376 1540 436 1602 fuit
456 1541 581 1602 duorum
600 1540 806 1603 Caesareornm
829 1541 953 1601 Ducum
974 1537 1083 1612 exitus,
1104 1534 1158 1616 qui
1178 1535 1211 1597 iu
1231 1535 1296 1597 haec

95 1645 239 1715 tempora
252 1634 369 1697 incidit.
411 1637 507 1699 Erant
526 1638 571 1699 illi
589 1636 764 1701 Colonellus
780 1635 913 1719 Spiegel,
932 1644 963 1697 et
975 1633 1149 1697 Colonellus
1167 1633 1295 1716 Duglas‚

99 1739 230 1811 uterque
243 1732 283 1792 ad
295 1751 380 1794 arma
391 1745 557 1815 promptus.
600 1735 730 1796 Miserat
747 1735 802 1795 hos
820 1731 1035 1795 Serenissimus
1048 1728 1208 1790 Archidnx
1223 1729 1296 1790 Leo-

97 1826 212 1906 poldns
227 1827 407 1890 Wilbelmus
420 1830 579 1892 Sittaviam
591 1842 625 1892 ut
633 1853 702 1893 curn
712 1830 908 1894 Suecicornm
921 1846 1072 1888 armorum
1083 1824 1211 1886 ducibus
1220 1833 1297 1885 trac·

96 1933 213 1998 tarent,
226 1924 260 1985 id
269 1925 352 2005 quod
362 1925 491 1988 feliciter
499 1939 530 1988 et
540 1927 616 1990 citra
623 1948 744 2012 omnem
756 1926 972 2002 dissensionem
981 1923 1094 2014 facturn
1104 1929 1158 1982 est.
1188 1920 1298 1981 Finitis

98 2022 266 2096 tractabas,
280 2031 315 2083 nt
327 2021 395 2084 lieri
407 2024 525 2096 assolet,
537 2026 655 2086 lantum
669 2025 844 2087 convivium
861 2023 880 2084 a
894 2022 1027 2084 Suecicis
1039 2018 1219 2101 quibusdam
1233 2018 1297 2079 offi-

99 2117 229 2178 cialibus
245 2128 291 2179 est
305 2117 491 2194 institutum,
505 2121 536 2181 in
551 2141 611 2201 quo
631 2141 686 2202 pro
701 2141 783 2182 more
799 2118 965 2201 largissime
983 2118 1141 2199 potitatum
1155 2123 1218 2190 est3
1246 2135 1297 2176 ex·

100 2213 186 2286 inde,
207 2215 290 2294 qnod
306 2217 507 2277 communiter
527 2217 677 2289 usuvenit,
695 2218 727 2277 in
747 2217 829 2278 rixas
849 2217 935 2286 itum,
949 2223 979 2275 et
996 2211 1094 2273 verbis
1114 2209 1296 2272 contentiose

101 2319 263 2388 certatum,
277 2313 355 2374 adeo
372 2321 405 2373 ut
423 2313 498 2375 dicti
511 2314 573 2376 duo
587 2313 748 2390 Colonelli,
764 2335 836 2378 cnm
850 2310 1024 2375 alteralteri
1038 2309 1144 2371 cedere
1158 2307 1296 2384 nesciret,

100 2408 235 2487 asperius
254 2408 361 2484 collisi,
382 2430 446 2471 sese
463 2411 570 2472 mutub
587 2410 628 2471 ad
646 2411 783 2472 duellum
803 2409 1006 2484 evocaveriut,
1028 2407 1137 2487 inquo
1155 2406 1228 2466 dum
1244 2426 1297 2466 au·

101 2506 207 2566 dacter
220 2506 387 2581 decertent,
404 2506 541 2567 funestus
557 2506 682 2567 omuino
697 2507 811 2567 accidit
823 2525 920 2574 casas,
937 2513 969 2565 ut
988 2502 1103 2566 scilicet
1118 2503 1223 2564 eodem
1237 2502 1298 2563 scre

102 2610 254 2662 momento
277 2602 365 2663 ambo
387 2601 524 2683 sclopum
543 2602 619 2664 alter
637 2602 668 2661 in
690 2601 817 2662 alterum
838 2600 1041 2669 exonerarint,
1059 2618 1095 2659 ac
1116 2618 1147 2659 se
1163 2598 1298 2659 vicissim

103 2698 245 2779 plumbea
262 2698 372 2780 glande
389 2698 572 2779 trajecerint,
593 2718 629 2758 ac
651 2697 802 2780 Spigelius
823 2698 947 2778 quidem
969 2696 1053 2757 nullo
1073 2693 1197 2757 ulterius
1217 2696 1299 2757 edito

105 2794 191 2875 siguo
206 2794 409 2855 miserandum
432 2795 462 2854 in
483 2795 609 2855 modum
628 2794 778 2868 occubuit,
801 2794 968 2875 Duglasins
988 2792 1060 2853 verb
1080 2812 1160 2873 aegre
1179 2790 1298 2852 trahens

104 2890 253 2969 spiritum,
267 2890 306 2950 ad
319 2890 477 2951 dimidiam
490 2910 549 2951 nou
565 2890 693 2971 amplius
705 2888 808 2951 boram
823 2890 997 2969 supervixit.

31 3055 35 3070 Δ
146 2986 310 3047 Geminum
326 2986 397 3047 buic
410 2986 549 3067 estquod
562 2986 736 3069 Hnmburgi
750 3006 809 3047 non
824 2986 921 3047 multo
933 2996 1001 3069 post
1014 2985 1152 3068 contigit,
1164 2984 1214 3046 ubi
1228 2985 1298 3048 vere

106 3093 237 3144 extrema
256 3083 362 3165 gaudii
380 3082 479 3143 luctus
498 3083 667 3163 occupavit.
711 3084 773 3144 Res
792 3084 833 3143 ita
848 3082 946 3143 habet.
989 3082 1177 3143 Inviteverat
1199 3080 1299 3142 Gene-

106 3179 175 3240 ralis
188 3180 361 3262 vigiliarnm
381 3179 547 3240 Praefectus
562 3180 636 3240 anl
656 3180 696 3241 ad
714 3179 829 3241 lantum
846 3179 1020 3240 coavivium
1033 3178 1210 3260 praecipuos,
1224 3197 1299 3257 quos

107 3275 173 3337 istic
190 3286 350 3356 repererat,
366 3275 540 3347 belliduces‚
555 3276 607 3357 qui
629 3286 663 3337 ut
679 3276 862 3337 addixerunt
880 3278 1047 3337 convenere
1064 3276 1244 3355 frequentes,
1265 3284 1299 3336 ut

107 3372 276 3448 liberaliter,
298 3372 380 3453 quod
400 3372 570 3433 institutum
590 3383 663 3444 erat,
686 3382 892 3434 tractarentur.
936 3371 1000 3433 Hic
1021 3371 1093 3432 dnm
1114 3372 1300 3433 accumbitur

107 3467 181 3528 citra
196 3466 288 3529 ullam
304 3468 398 3529 animi
417 3468 682 3548 perturbationem,
698 3469 864 3549 equalibus
884 3468 1058 3542 haustubus,
1076 3468 1116 3530 ad
1132 3488 1208 3547 qnos
1224 3466 1300 3527 alter

105 3564 228 3625 alteram
246 3565 402 3638 invitabat,
423 3574 571 3625 certatum
592 3565 723 3636 strenue,
742 3566 796 3627 sed
816 3574 846 3627 et
864 3565 963 3625 subitb
982 3564 1084 3625 nescio
1101 3563 1183 3645 quod
1200 3573 1297 3624 ortum

31 3648 35 3675 ¹
106 3660 162 3722 fuit
173 3660 251 3722 inter
260 3661 283 3722 J
286 3662 422 3723 uniorem
432 3660 641 3743 Kuipbausen,
653 3672 682 3723 et
692 3683 865 3744 supremum
876 3660 989 3743 vigiliis
1000 3660 1183 3723 Praefectum
1196 3661 1299 3722 Wicb·
