3225 4700
490 307 890 375 lTlNERARIUM.
1221 308 1286 374 305

67 452 245 514 celerrimi
270 454 329 534 qud
353 464 465 535 poterat
486 458 673 538 expeditione
695 459 798 520 sedulo
822 456 953 519 collectis
979 455 1072 538 copiis
1098 453 1276 517 Bohemiam
1344 481 1348 487 ·

73 568 201 623 versus,
216 570 254 611 ne
268 551 343 612 forte
357 552 376 615 d
389 553 547 613 victorioso
560 554 692 615 exercita
705 554 816 615 alicubi
830 552 1029 634 deprehensus
1043 554 1191 614 obruetur.
1234 552 1276 613 Et

69 642 156 704 licet
166 645 284 707 summi
297 647 484 708 contentione
503 648 644 710 laborarit
661 647 879 710 Picolominius
894 648 946 730 qui
965 648 1130 729 peditatum
1149 648 1277 711 ducebat

73 762 157 802 cum
178 744 332 805 tormentis
351 744 524 824 majoribus,
544 744 679 805 hostilem
697 746 863 807 exercitum
882 753 1068 825 praevertere,
1088 763 1123 803 ac
1142 743 1173 804 in
1188 744 1276 806 certis

73 840 232 921 angustiis
243 850 450 923 properantem
465 840 577 915 sistera
591 840 640 901 vel
656 839 760 901 saltem
775 840 921 901 Bresnitii
933 839 986 899 ubi
1003 839 1168 899 necessario
1181 848 1276 900 trane

75 938 221 997 eundum
233 945 305 1009 erat,
316 935 355 995 ad
365 936 547 996 conserenda
555 920 639 998 arma
652 956 769 1019 cogere,
779 935 888 996 nullibi
902 946 1000 997 tamen
1011 934 1044 995 id
1054 933 1168 1013 assequi
1179 934 1277 1015 potuit

76 1030 237 1094 celeritate
250 1051 304 1092 sua
316 1051 432 1112 semper
449 1041 646 1112 prevertente
665 1031 830 1103 Bannerio,
847 1030 899 1112 qui
916 1030 1003 1092 facile
1021 1029 1142 1091 videbat
1159 1029 1276 1092 incolu-

77 1128 222 1188 mitatem
235 1147 318 1187 suam
332 1146 512 1206 suorumque
530 1127 561 1187 in
576 1126 639 1188 sold
652 1126 725 1210 lugd
737 1147 799 1188 eme
813 1128 950 1208 positam.
991 1126 1095 1187 Evasit
1108 1126 1209 1206 itaque
1219 1126 1276 1188 hoc

78 1224 179 1284 modo
196 1222 363 1284 Zwickiam
382 1223 561 1298 Bannerius,
585 1224 636 1284 ubi
654 1244 716 1285 sese
737 1245 807 1286 cum
826 1223 917 1286 Gallo
934 1222 1127 1285 Wimariensi
1144 1224 1276 1284 exercitu

78 1320 251 1402 conjunxit
293 1319 419 1400 Coepere
432 1318 482 1380 hic
495 1321 566 1382 novi
578 1320 677 1382 hostes
695 1321 857 1404 confligere
871 1342 940 1381 cum
954 1318 1071 1381 infelice
1091 1319 1190 1393 Duce,
1205 1338 1276 1379 nam

79 1418 218 1500 primum
232 1417 314 1477 anim
326 1416 485 1497 iaegritudo
501 1426 532 1477 et
547 1437 657 1478 moeror
675 1416 799 1478 militem
819 1418 980 1499 gloriosum
997 1415 1106 1477 invasit
1123 1424 1206 1477 tanto
1220 1415 1276 1476 im·

79 1523 168 1593 peta,
182 1523 217 1574 ut
229 1513 319 1574 etiam
332 1513 365 1573 in
375 1532 483 1593 corpus
493 1513 667 1575 redundarit
676 1514 796 1574 morbus
810 1513 863 1593 qui
876 1512 903 1573 ei
916 1512 958 1573 20
968 1510 1046 1571 Maii
1059 1511 1151 1573 altero
1162 1511 1276 1573 scilicet

80 1617 152 1691 post
170 1618 324 1689 acceptam
341 1608 458 1669 cladem
476 1629 577 1669 mense
601 1610 698 1670 fatalis
716 1609 785 1682 fuit,
803 1618 834 1670 et
854 1627 942 1689 quem
961 1606 1046 1667 Mars
1063 1617 1193 1668 sternere
1213 1627 1274 1668 non

80 1706 194 1786 potuit,
209 1705 297 1765 morti
310 1704 431 1764 tandem
450 1704 614 1765 succubuit.
655 1704 745 1766 Luxit
760 1704 858 1766 Ducis
874 1711 1049 1785 prostratam
1069 1702 1274 1765 fortitudinem

80 1802 244 1863 universus
256 1800 402 1861 exercitus
415 1810 446 1861 et
458 1820 550 1881 quam
564 1800 633 1861 forti
646 1802 711 1862 viro
724 1800 818 1861 vitam
832 1800 995 1881 producere
1008 1817 1068 1858 non
1082 1798 1180 1879 potuit
1192 1799 1275 1862 forti·

81 1899 200 1963 tudinis
213 1899 323 1960 famam
337 1899 375 1959 ad
390 1918 486 1959 seram
500 1898 702 1978 posteritatem
716 1897 857 1959 extraxit.

125 1995 175 2057 Ne
192 1994 313 2056 interim
334 1994 406 2064 dum
427 1993 680 2054 Dorstensohnius
697 2002 872 2055 avocaretur
885 1993 924 2055 ad
938 1991 1053 2053 militiae
1073 1991 1276 2073 gubernacula

81 2092 194 2153 viduus
213 2091 359 2152 exercitus
376 2090 579 2151 distitueretur
599 2090 686 2151 Duce
693 2088 810 2171 -ffies
829 2089 900 2150 belli
918 2090 1029 2163 Duces,
1051 2108 1178 2168 quorum
1198 2108 1275 2148 uuus

83 2189 223 2249 Adamas
242 2187 337 2248 Pfuhl
355 2188 474 2247 natione
496 2185 676 2262 Germanus,
698 2186 773 2247 ulter
789 2185 917 2247 Carolus
934 2184 1107 2266 Gustaphus
1129 2184 1272 2267 Vrangel,

82 2285 205 2347 natione
222 2284 346 2346 Succus.
387 2283 504 2344 Tertius
522 2282 652 2364 denique
670 2282 810 2344 Alfurtns
826 2282 1019 2364 Wirteubcrg
1034 2282 1132 2363 patria
1151 2280 1273 2340 Finlan-

82 2385 141 2444 dus
154 2381 314 2462 imperium
328 2381 359 2441 in
373 2379 483 2441 milites
495 2380 538 2440 ita
550 2379 652 2460 partiti
665 2390 745 2450 sunt,
761 2389 793 2440 ut
806 2379 974 2459 conjunctis
987 2378 1120 2440 consiliis
1133 2377 1271 2438 militiam

83 2479 260 2562 dirigerent.
