3225 4700
479 313 900 382 ITINERARIUM.
1238 316 1280 381 63

78 466 608 543 militurnmillibmtmoxdeleotu
616 468 747 529 militum
757 468 866 529 iterum
874 466 975 528 habito
984 466 1179 529 denuoduees
1188 466 1281 530 tidem

77 564 138 627 sibi
153 566 261 646 jurare
278 564 385 640 voluit,
404 584 494 644 quem
512 582 575 625 rem
593 584 663 626 uum
683 564 903 627 admirarentur
919 563 1059 645 plusculi,
1078 564 1141 645 ipse
1161 567 1282 625 eausam

81 662 155 723 faofi
168 662 217 723 sui
227 660 322 723 libere
334 659 479 735 reddidit,
493 659 585 736 niens,
599 660 700 723 edluuu
713 678 776 723 esse
789 669 821 722 et
832 660 865 721 in
876 669 1038 742 conspectu
1049 680 1104 722 suo
1117 661 1283 743 proditores

82 759 239 839 mainus,
256 777 331 840 ques
350 767 451 820 tamen
471 757 509 818 ob
524 756 626 841 ,verius
646 776 750 819 musas
769 764 926 840 eogeretur
944 757 1035 819 etium
1053 766 1127 819 tuno
1145 757 1282 819 tolerare.

85 856 276 918 Exuurrebat
292 863 392 917 noster
408 853 556 916 exereitus
574 854 713 915 duodena
728 852 859 915 militum
874 853 979 929 millis,
997 854 1017 914 d
1033 874 1093 935 quo
1110 855 1215 916 eodem
1234 855 1284 916 die

83 952 185 1013 emisi
202 952 333 1027 Ornatus,
349 961 410 1013 tres
426 950 561 1033 legiones
579 950 764 1011 adversaries
781 949 918 1030 equitum
937 970 1055 1031 pessum
1073 951 1231 1027 dederuut,
1248 970 1284 1011 ae

84 1047 407 1109 tn‘srexillariotorioe
417 1055 645 1109 monumentum
655 1044 921 1108 Dueiattulernnt.
951 1045 1056 1127 Spolia
1064 1046 1187 1108 fuerunt
1195 1047 1286 1108 unius

84 1144 213 1226 legimis
233 1143 449 1225 impedimenta
468 1144 578 1218 emnia,
597 1162 636 1204 ex
655 1142 764 1223 quibus
785 1142 939 1222 pulverem
958 1142 1196 1217 tormentarium,
1214 1162 1285 1203 uum

86 1240 246 1301 uommede
258 1248 291 1301 et
303 1240 380 1301 eitra
388 1238 555 1322 perieulum
569 1240 715 1301 ubduoere
725 1258 787 1299 non
800 1247 922 1321 possent
932 1239 1163 1300 succenderunt.
1200 1237 1287 1300 Inter

88 1336 224 1418 ueptirus
240 1335 432 1397 adduxerunt
449 1334 728 1399 Vide-Colonellum
746 1354 852 1411 uuum,
866 1344 898 1396 et
918 1354 987 1396 eum
1006 1334 1141 1416 pluribus
1162 1334 1288 1396 mortuis

89 1432 330 1493 eduumersrunt
342 1430 436 1493 ulium
449 1450 623 1513 supremum
635 1429 749 1513 vigiliis
762 1429 948 1511 prefectum.
990 1430 1069 1493 Inde
1077 1430 1227 1492 movimus
1240 1429 1288 1492 di·

86 1546 175 1589 rmso
189 1528 278 1589 editu
294 1536 401 1589 nonus
418 1528 534 1603 Galles,
548 1528 681 1608 dumque
699 1546 737 1588 ex
755 1526 872 1588 insidiis
886 1526 1045 1589 Gallorum
1063 1538 1288 1609 expectaremus

86 1623 246 1706 impetum,
268 1624 388 1687 Groetae
409 1624 502 1687 nostri
521 1624 698 1687 adoriuntur
717 1623 843 1698 hostem,
864 1630 894 1684 et
916 1623 1006 1685 tentis
1028 1624 1062 1683 in
1083 1644 1153 1685 eum
1172 1624 1289 1685 viribus

87 1729 194 1802 egunt,
209 1729 246 1781 nt
260 1720 366 1801 iugum
383 1740 535 1803 capessere
551 1720 644 1781 fuerit
660 1729 792 1781 euectus.
835 1719 957 1780 Dehine
972 1718 1113 1799 bipartito
1130 1718 1289 1780 divisimus

88 1816 258 1877 exereitum
275 1826 424 1891 nostrum,
437 1836 476 1878 ne
494 1836 555 1897 qna
573 1816 671 1879 Gellis
685 1817 765 1877 vires
780 1823 889 1877 nostrus
907 1814 1137 1890 innotescerent,
1151 1822 1182 1876 et
1196 1833 1289 1875 uuem

89 1912 217 1992 quidem
231 1921 345 1995 partem
359 1933 413 1993 per
427 1912 551 1974 Alsutiae
565 1922 690 1987 montes,
702 1911 828 1973 alterum
840 1930 895 1993 per
908 1910 1121 1993 Burgundiam
1133 1930 1290 1991 promove·

90 2028 160 2069 mus
170 2028 207 2069 uo
221 2008 401 2070 duodecimo
409 2008 559 2071 Calendus
568 2008 660 2071 Junii
672 2008 853 2071 offendimus
862 2007 979 2069 hostem
988 2007 1028 2069 ud
1037 2006 1184 2089 oppidum
1194 2007 1290 2087 Luyr,

89 2105 146 2167 sed
169 2124 240 2166 oum
263 2123 318 2167 nos
342 2114 415 2166 tuno
438 2104 575 2187 peditatu
597 2104 756 2167 sufficienti
782 2104 1014 2167 destitueremur
1034 2102 1183 2184 (plerique
1206 2103 1291 2165 euim

90 2200 210 2281 equites
225 2204 357 2279 eremus)
371 2202 403 2261 in
419 2200 496 2263 eolle
510 2210 607 2263 ussus
624 2202 728 2263 metati
743 2220 859 2277 sumus,
873 2200 1047 2281 eminusque
1064 2199 1182 2262 Oroatis
1199 2200 1254 2280 qui
1271 2200 1291 2261 d

90 2306 178 2380 tergo
197 2317 249 2361 eos
268 2298 456 2386 impeterent,
478 2306 628 2360 tor-mente
647 2307 751 2361 nostre
767 2298 786 2360 d
803 2297 900 2360 fronte
919 2296 1121 2380 opposuimus,
1135 2295 1292 2378 multaque

90 2393 173 2456 lteuti
181 2395 295 2457 damna
307 2395 457 2471 dedimus,
472 2415 543 2456 eum
556 2396 628 2456 τετὸ
641 2395 728 2457 nobis
740 2395 917 2456 nunciatum
929 2403 1017 2470 esset,
1030 2401 1099 2455 octo
1112 2394 1184 2476 ipsis
1196 2393 1293 2455 millia

88 2489 295 2572 suppetiatum
305 2491 432 2565 venisse,
439 2490 617 2573 intempeste
626 2499 713 2554 noete
722 2491 874 2554 auoeensis
883 2490 986 2552 oastrm
995 2489 1182 2552 Beffurdiam
1191 2510 1292 2552 versus

90 2587 253 2650 movimus
294 2587 422 2649 Postero
440 2588 490 2650 die
511 2588 604 2651 hostis
623 2609 678 2652 nos
697 2589 849 2651 insecutus
869 2586 1016 2649 multost
1035 2587 1122 2648 nobis
1141 2587 1293 2648 maotuvit.

92 2682 221 2746 Ibumuts
238 2683 358 2746 interim
374 2693 455 2746 reeto
471 2684 580 2747 itinere
596 2685 629 2746 in
647 2685 802 2768 planitiem
817 2685 1037 2757 Briseuensem,
1050 2693 1203 2764 sperantes
1220 2683 1293 2745 illue

91 2799 152 2840 nes
168 2779 285 2842 hostem
299 2789 538 2862 prosecuturum,
552 2801 623 2842 eum
639 2801 711 2842 vero
729 2781 803 2843 Dux
820 2779 981 2844 Gallorum
997 2779 1047 2840 vir
1063 2787 1141 2841 esset
1155 2799 1246 2841 muer
1264 2789 1295 2841 et

90 2895 190 2958 ειμι
202 2876 263 2955 (Ia
276 2875 371 2938 Furoe
385 2897 455 2938 eum
473 2876 700 2959 appellitabant)
713 2878 799 2940 nobie
813 2876 927 2939 relietis
941 2874 1153 2937 Bruntrudum
1167 2877 1295 2949 obsedit,

92 2977 129 3030 et
140 2987 234 3050 quum
244 2987 315 3030 mex
328 2968 360 3030 iu
373 2967 559 3032 deditionem
568 2970 694 3050 aceepit.
737 2969 800 3033 Hie
814 2991 886 3032 uum
898 2970 986 3033 multi
996 2971 1154 3034 Gallorum
1168 2971 1207 3032 ob
1219 2972 1296 3033 aeris

94 3064 246 3128 Germani
260 3064 488 3128 desuetudinem
499 3073 714 3141 emorerentur,
728 3066 829 3148 plures
841 3069 913 3130 vero
931 3067 1119 3151 languerent,
1133 3068 1168 3129 in
1186 3067 1296 3131 lotho-

92 3159 230 3243 ringiam
241 3161 344 3224 denuo
356 3161 522 3224 exereitum
535 3163 697 3225 ueroearit.
733 3164 800 3227 Nos
812 3165 885 3226 vero
897 3185 968 3227 oum
976 3164 1027 3226 lule
1039 3185 1133 3226 noves
1145 3165 1298 3246 suppetias

92 3257 282 3338 opperimur,
296 3257 460 3340 aooipimus
471 3259 595 3320 tuudem
608 3259 822 3321 Mareseullum
835 3259 986 3323 Coloredo
998 3270 1030 3323 et
1041 3261 1297 3324 viee-Muresoul-

95 3353 163 3414 lum
173 3353 197 3415 J
199 3373 330 3416 oannem
343 3355 382 3416 de
391 3353 510 3416 Warth.
525 3374 595 3416 uum
607 3355 727 3417 Berone
740 3356 778 3417 de
790 3355 861 3418 Suis
871 3356 1016 3419 Generuli
1028 3359 1170 3439 praufete
1179 3357 1297 3442 vigilia.

94 3469 177 3524 rum,
191 3449 339 3512 Genersli
351 3449 493 3531 preieotu
507 3450 735 3514 Tormeutorum
749 3451 921 3514 Reinaoher
933 3453 987 3533 qui
999 3453 1136 3516 validum
1148 3455 1299 3516 ducebant

94 3547 276 3622 exereitum,
297 3556 329 3608 et
348 3566 418 3608 mox
437 3547 500 3608 duo
517 3547 630 3630 oppidu
646 3547 678 3610 in
698 3547 809 3630 quibua
825 3547 944 3631 insigne
964 3549 1123 3612 Gallorum
1141 3561 1206 3612 erat
1221 3569 1298 3630 pra·

94 3644 221 3720 sidium,
230 3643 273 3706 ed
281 3641 466 3708 deditionem
480 3644 626 3726 cogimus,
637 3665 797 3726 omnesque
811 3653 927 3727 segetes
939 3645 1021 3708 eirea
1029 3646 1213 3710 Colmariam
1225 3644 1299 3704 eiri-
