3225 4700
515 334 927 405 ITINERARIUM.
1250 337 1315 403 399

160 491 241 554 Haec
255 492 326 555 dnm
340 493 422 556 bisce
438 493 471 554 in
485 493 619 574 partibus
633 500 778 574 geruntur
793 491 866 553 alibi
883 493 974 556 etiam
993 513 1077 554 sacra
1089 513 1141 554 seu
1158 489 1316 573 pontilicis

115 589 206 662 bella,
220 610 259 651 ex
271 592 373 653 nescio
390 591 501 672 quibus
520 589 653 651 dissidiis
670 609 740 650 cum
757 589 943 671 principibus
963 590 1061 652 Italiae
1078 600 1159 660 nata,
1177 589 1235 650 late
1254 608 1314 649 ser·

115 688 219 768 pendo
229 697 451 768 promoverunt.
489 687 557 749 Nec
571 686 670 747 Roma
684 686 788 768 procul
799 686 900 747 delata
910 696 991 749 sunt.
1026 687 1218 748 Terminante
1232 685 1313 746 enim

116 786 260 866 Angusto
276 785 457 846 Florentinae
477 783 572 865 copias
586 782 757 845 Cisternam
771 784 875 844 urbem
891 803 1039 867 aggressae
1059 792 1129 844 sunt
1148 804 1184 845 ao
1201 793 1314 863 septem

116 881 236 943 dierum
249 882 351 943 validi
368 882 562 963 impressione
580 880 830 940 interminantibus
845 881 991 962 majorum
1006 881 1175 942 fistularum
1187 879 1315 962 fragori-

116 980 177 1039 bus
195 978 390 1060 pertinaciter
407 986 624 1059 pertentarent,
644 997 681 1039 ac
699 997 792 1058 prope
814 977 1013 1050 adduxerunt,
1033 987 1067 1039 ut
1086 978 1191 1039 civitas
1209 998 1315 1059 paoem

117 1085 232 1158 peteret
246 1085 277 1137 et
294 1075 477 1137 deditionem
493 1075 689 1156 promitteret.
727 1073 807 1136 Cum
828 1074 988 1156 derepente
1007 1075 1104 1136 adfuit
1120 1075 1315 1156 septingentis

118 1172 272 1254 peditibus
286 1181 315 1232 et
327 1172 555 1254 quadringentis
568 1171 718 1253 equitibus
732 1171 891 1233 comitatus
906 1170 1047 1232 Marchio
1058 1172 1166 1232 Tobiae
1183 1170 1316 1233 Pallavi-

118 1271 218 1344 cinus,
229 1270 282 1350 qni
292 1269 463 1330 felicissirne
474 1269 659 1330 obsidionem
674 1269 764 1330 solvit
776 1267 960 1330 Florentinis
974 1269 1013 1330 ad
1027 1268 1132 1347 lugam
1143 1267 1317 1350 compulsis,

119 1368 231 1449 quibus
248 1365 456 1427 recedentibus
472 1365 645 1427 institerunt
657 1367 780 1447 quidem
795 1366 813 1427 d
828 1377 912 1448 tergo
925 1365 1047 1438 obsessi,
1060 1365 1114 1426 sed
1127 1385 1187 1425 non
1206 1385 1317 1447 magno

121 1465 325 1526 recedentium
340 1464 460 1524 damno.
502 1462 707 1524 Pallsvicinus
721 1463 836 1524 interea
850 1464 984 1524 obsessos
1004 1462 1126 1544 pulvere
1145 1475 1174 1523 et
1186 1461 1253 1522 aliis
1267 1482 1318 1521 ne-

121 1561 257 1622 cessariis
265 1559 394 1641 adjuvit.
438 1557 541 1620 Rebus
556 1558 597 1620 ad
611 1558 782 1621 Cisternam
796 1579 902 1640 pnrnm
917 1559 1065 1621 fortunati
1078 1560 1180 1642 gestis,
1196 1558 1318 1620 Floren-

122 1659 180 1720 tini
194 1656 320 1719 feliciori
335 1675 474 1717 successu
492 1665 665 1738 pugnarunt
683 1655 774 1736 paulo
787 1666 856 1737 post
868 1665 971 1738 aperto
989 1656 1090 1718 Marte
1104 1667 1208 1718 contra
1222 1657 1319 1738 ponti·

122 1755 220 1817 ficios.
255 1754 334 1816 cnm
349 1753 430 1814 enim
439 1752 618 1814 Vincentius
626 1752 664 1813 de
675 1751 781 1814 Marsa
792 1752 1010 1815 Mareschallns
1019 1753 1116 1835 campi
1126 1756 1321 1831 (successerat

121 1852 174 1913 bic
183 1851 267 1913 Dnci
278 1848 410 1912 Savallio
419 1849 451 1909 in
462 1849 649 1933 generalatu)
658 1871 726 1912 cum
738 1850 834 1911 tribus
841 1850 977 1931 peditum
988 1850 1121 1910 millibus
1135 1860 1165 1911 et
1178 1851 1320 1912 undecim

121 1948 286 2031 manipulis
299 1947 445 2028 equitum,
460 1967 496 2008 ac
514 1957 643 2028 qnatnor
659 1948 826 2022 tormentis,
841 1947 878 2008 ab
894 1947 1042 2008 exercitus
1056 1967 1222 2029 corporosa
1236 1966 1320 2028 sepa·

122 2057 228 2117 meet,
238 2055 272 2106 nt
282 2044 409 2106 Pievam
419 2045 522 2106 urbem
532 2044 683 2106 obsideret
691 2045 770 2105 intra
779 2044 854 2106 duas
862 2063 945 2106 arces
955 2043 1058 2105 Sancti
1069 2042 1197 2104 Martini
1207 2043 1322 2105 scilicet

123 2155 156 2207 et
165 2143 253 2205 Petri
262 2141 368 2204 collem
383 2142 525 2202 substitit.
553 2141 645 2213 Quod
659 2150 693 2202 ut
706 2141 888 2204 Florentinis
898 2141 1038 2215 innotuit,
1049 2141 1195 2202 miserunt
1208 2141 1246 2203 de
1260 2142 1322 2203 suis

123 2243 178 2323 qni
200 2240 325 2304 consilia
352 2238 466 2300 Marrae
493 2237 684 2320 explorarent
706 2249 737 2300 et
758 2248 840 2300 certa
866 2238 980 2299 nuncia
1002 2238 1042 2299 ad
1066 2238 1322 2320 campiductorem

125 2337 335 2403 Florentinum
343 2336 493 2400 referrent
513 2335 592 2408 Quae
601 2347 636 2399 ut
645 2335 736 2398 allata
745 2345 816 2399 snnt
823 2334 1098 2418 iturdprimoribus
1108 2336 1139 2397 in
1151 2336 1321 2413 consilium,

124 2435 379 2517 eonstituitnrqne
387 2434 479 2515 justis
490 2434 582 2495 armis
593 2454 663 2495 oum
677 2433 840 2515 pontificiis
854 2453 917 2495 esse
927 2432 1164 2513 confligendum.
1200 2433 1324 2516 Egressi

124 2555 196 2596 mox
209 2534 241 2595 in
260 2532 374 2593 bostem
394 2539 568 2612 repererunt
588 2531 619 2591 in
634 2531 791 2611 procinctu
805 2540 840 2591 ut
856 2550 888 2590 se
905 2530 936 2591 in
955 2531 1066 2591 tutiora
1084 2528 1151 2591 loca
1166 2531 1322 2611 reciperet,

124 2630 353 2713 periculumque
367 2628 522 2711 pugnandi
532 2628 694 2711 defugeret.
737 2628 857 2689 Instant
868 2626 1033 2688 Florentini
1045 2627 1154 2701 acriis,
1167 2627 1225 2689 eti
1238 2638 1324 2709 tergo

125 2736 264 2810 carpunt,
279 2736 452 2807 coguntque
465 2726 497 2786 in
511 2726 667 2787 editiorem
680 2724 799 2800 collem,
811 2726 842 2785 in
857 2745 945 2806 quem
958 2723 1020 2785 und
1030 2723 1196 2785 Florentini
1206 2725 1325 2786 enitun-

125 2838 186 2898 tur,
208 2834 239 2886 et
263 2844 321 2885 non
341 2824 408 2904 jam
432 2823 550 2885 eminus
570 2822 624 2885 sed
646 2822 783 2883 cominus
806 2820 951 2883 consertis
970 2821 1098 2883 dexteris
1119 2821 1325 2904 digladiantur

125 2922 210 2985 anu
231 2920 343 2982 virtute
362 2928 397 2981 ut
416 2920 455 2981 de
474 2919 638 3002 pontificiis
657 2928 767 3001 prater
785 2919 863 2981 dnos
884 2918 1052 3000 manipulos
1073 2918 1126 2999 qui
1147 2918 1324 3001 tempestivi

126 3020 201 3102 fuga
213 3016 340 3078 salntem
354 3016 538 3096 quesierint,
552 3016 688 3098 plerique
701 3014 748 3076 vel
764 3016 835 3076 cassi
848 3014 899 3077 vel
916 3016 996 3097 capti
1009 3015 1129 3078 fuerint
1173 3016 1258 3078 Inter
1269 3016 1324 3077 bos

125 3104 327 3177 numerabant
334 3113 423 3174 etiam
434 3112 629 3175 Mareschalli
638 3113 738 3174 locum
747 3122 898 3174 tenentem
910 3111 1093 3196 Malavagia
1126 3113 1324 3197 Captivorum

127 3232 271 3275 numerus
289 3208 491 3271 millenarium
509 3209 671 3272 excessisse
687 3220 819 3291 putatur,
836 3210 1004 3272 occisorum
1021 3210 1209 3291 aliquantum
1230 3212 1327 3293 major

128 3310 273 3372 creditur.
314 3304 468 3368 Caeterum
488 3306 656 3389 intercepta
673 3316 823 3368 tormenta
835 3316 962 3387 quatuor
972 3327 1041 3368 cnm
1057 3307 1140 3368 omni
1156 3306 1326 3389 provisione

128 3405 264 3480 militari,
277 3402 380 3464 omnia
392 3404 484 3465 etiam
502 3405 717 3487 impedimenta
737 3404 917 3466 Florentinis
934 3413 1087 3467 cesserunt
1101 3403 1161 3465 und
1171 3424 1242 3466 cum
1254 3425 1327 3467 rex·

129 3505 190 3567 illis
202 3513 235 3567 et
246 3501 409 3565 luculentis
428 3502 545 3585 opibus.
588 3501 788 3584 Captivorum
808 3501 1031 3585 praecipuorum
1045 3501 1168 3563 nomina
1187 3500 1236 3563 bic
1256 3502 1326 3564 sub-

123 3604 234 3687 jungo.
