3225 4700
318 298 382 364 210
706 298 1130 373 ITINERARIUM.

319 459 441 527 nnatur,
458 450 690 533 haudquaquam
710 460 792 515 certe
805 452 1107 535 comprehendimus:
1130 470 1311 532 quousque
1333 468 1422 511 vero
1429 466 1552 529 procae

321 546 393 610 serit
402 547 485 609 dicte
496 546 677 629 pacificatio,
687 556 724 611 ut
732 546 848 609 scilicet
856 568 949 629 penes
957 546 1053 609 solam
1062 547 1298 609 ratificationem
1309 565 1385 607 suoe
1395 545 1552 607 Caesareae

322 642 491 725 Majestatis
508 655 539 706 et
559 652 691 707 nostram
711 642 896 719 subsisteret,
915 643 988 707 sads
1000 642 1092 707 etiam
1110 664 1192 706 nunc
1215 642 1398 705 novimus:
1435 640 1471 701 in
1491 660 1551 721 quo

319 758 428 821 genere
441 750 588 820 qnantum
599 741 640 804 od
649 750 783 805 noemam
796 751 923 821 perum,
937 738 982 802 ita
993 759 1049 803 nos
1060 758 1178 822 semper
1190 738 1381 813 habuimus,
1392 749 1434 800 nt
1446 739 1548 819 quoad

319 834 547 898 ratificationem
574 847 706 913 noemam
732 835 932 917 subscriptum
958 844 990 897 et
1020 835 1237 919 consignatum,
1267 834 1547 918 Mogontiamque

321 931 443 995 missam
466 931 542 995 nibil
565 934 731 997 desiderari
753 932 903 1014 potnerit-r
937 953 1009 997 cnm
1028 934 1163 996 verbex
1185 943 1272 1015 parte
1296 952 1373 993 suoe
1394 932 1546 993 Omen

321 1026 491 1109 Majestatis
514 1029 704 1093 confirmatio
721 1048 785 1093 non
811 1039 987 1112 sequeretur
1005 1039 1041 1093 nt
1066 1039 1250 1093 conventum
1281 1027 1544 1110 promissumque

320 1124 427 1201 fueret,
441 1146 477 1188 ac
491 1126 658 1191 identidem
668 1138 799 1210 punctus
807 1128 990 1212 Religionis,
1004 1129 1038 1189 in
1050 1127 1178 1191 dirersis
1190 1125 1348 1189 clausulis
1361 1124 1544 1187 immutare

322 1229 383 1295 tur,
396 1222 552 1306 negotium
572 1222 650 1286 illud
669 1223 848 1307 dissipatum
864 1224 1053 1307 fuit,quoad
1067 1223 1199 1305 deniqne
1214 1242 1376 1285 successu
1396 1222 1543 1304 temporis

321 1328 430 1383 nosne
446 1340 494 1381 res
510 1320 584 1381 illuc
601 1319 845 1402 disponerentur,
863 1333 898 1384 nt
912 1341 1001 1405 porro
1017 1321 1056 1382 ab
1068 1319 1162 1381 arnus
1172 1318 1338 1391 recedere,
1353 1327 1479 1381 etcum
1492 1338 1542 1379 ex·

320 1416 413 1479 ternis
427 1415 623 1496 Principibus
634 1426 722 1499 pacta
732 1422 877 1483 concluse
887 1427 920 1482 et
936 1418 1058 1481 firmata
1073 1416 1245 1479 rescindere
1263 1416 1340 1477 eine
1354 1415 1541 1499 gravissimo

322 1510 481 1573 Gallorum
498 1521 530 1573 et
545 1510 710 1575 Suanorum
731 1515 854 1599 Regum
868 1514 993 1590 offensa,
1003 1514 1071 1596 jam
1087 1532 1149 1574 nou
1166 1511 1338 1593 ponimns,
1358 1513 1422 1575 etsi
1436 1512 1540 1574 omnia

320 1625 389 1685 quae
404 1604 575 1689 Mogontiae
588 1616 717 1671 macuto
732 1622 765 1673 et
781 1610 895 1693 scripto
911 1609 1005 1673 etiam
1022 1607 1175 1691 proposita
1191 1616 1279 1679 sunt,
1290 1608 1367 1689 jam
1385 1607 1484 1671 serius
1499 1607 1537 1667 ab

323 1701 478 1783 Imperiali
503 1702 666 1786 Majestate
689 1718 904 1771 annuerentur.
954 1706 1025 1769 Hac
1050 1704 1134 1767 enim
1159 1702 1281 1766 ratione
1309 1724 1444 1765 coronas
1469 1702 1536 1765 illas

321 1798 423 1863 ambus
436 1800 523 1863 nobis
536 1799 628 1863 bostis
637 1804 896 1877 constitueremus,
906 1802 989 1885 qnod
1000 1820 1073 1863 sane
1085 1820 1142 1862 nec
1152 1800 1300 1862 Romano
1312 1799 1464 1882 Imperio,
1478 1820 1534 1860 nec

321 1896 431 1958 nostris
443 1896 626 1979 dilectique;
648 1897 721 1961 Filii
732 1901 829 1963 nostri
842 1901 941 1978 terris,
955 1898 1087 1961 multum
1100 1898 1177 1960 foret
1189 1898 1385 1981 proficuum.

363 1992 395 2055 N
397 2014 431 2055 eo
449 1992 526 2057 illud
543 2013 664 2075 quoqne
677 1994 749 2057 sads
761 1997 880 2060 sincere
891 1998 934 2059 ad
948 1995 1181 2059 Dominationes
1193 2003 1316 2057 vestros
1329 1994 1462 2055 rolatum
1476 2000 1529 2064 est,

321 2090 405 2169 quusi
419 2110 491 2152 vero
503 2110 558 2151 sue
569 2089 710 2153 casarea
724 2092 871 2176 Majestus
880 2094 984 2156 omnis
997 2091 1170 2175 Mogontiae
1182 2100 1317 2155 muctam
1329 2101 1363 2153 et
1374 2101 1454 2163 acta,
1468 2099 1531 2151 tan·

323 2187 393 2256 dem
407 2186 498 2269 juxta
516 2197 649 2251 nostram
669 2188 855 2253 voluntatem
871 2201 904 2253 et
922 2190 1044 2252 libitum
1063 2188 1303 2252 clementissime
1324 2187 1415 2249 nobis
1430 2184 1530 2250 indul·

321 2282 425 2360 suaet,
447 2284 536 2369 longe
550 2284 632 2347 enim
645 2282 733 2347 aliter
745 2286 901 2372 delegatus
915 2285 1148 2350 commissarius
1160 2294 1265 2349 noster
1283 2286 1308 2349 J
1309 2304 1426 2347 oannes
1439 2281 1527 2344 Guli-

322 2380 418 2444 clmus
439 2383 527 2444 Horu
543 2403 640 2466 nuper
657 2395 688 2445 ct
710 2385 800 2447 verbo
819 2394 851 2447 et
867 2386 981 2468 scripto
996 2387 1036 2450 da
1054 2383 1241 2468 Mogontina
1257 2382 1442 2446 tractatione
1458 2397 1524 2440 cnm

324 2475 424 2540 debiti
439 2478 636 2544 submissione
651 2481 765 2552 retulit,
785 2482 868 2562 qnod
887 2481 1005 2546 scilicet
1025 2483 1058 2545 in
1079 2491 1193 2564 puncto
1211 2479 1392 2564 Religionis
1411 2495 1471 2538 nne
1489 2493 1523 2539 ex

323 2573 484 2657 praecipnis
502 2575 655 2653 clausulis,
675 2587 710 2641 ut
726 2577 844 2641 scilicet
855 2579 909 2642 alii
926 2599 1048 2662 quoque
1068 2579 1229 2660 Principes
1246 2598 1288 2656 ec
1309 2579 1417 2640 Status
1434 2573 1521 2636 Sucro

324 2668 463 2733 Romam
476 2672 610 2756 Imperio
621 2673 736 2737 subditi
749 2685 920 2757 noencque
932 2675 1006 2739 fidei
1017 2675 1133 2738 addicti
1144 2674 1369 2756 comprehendi
1385 2674 1522 2736 deberent

324 2767 419 2846 (quod
432 2767 531 2850 ipsum
544 2770 742 2833 anachoritas
755 2771 959 2854 Mogontinus
977 2771 1098 2834 Elector
1115 2771 1266 2854 expressis
1285 2771 1388 2833 verbis
1404 2788 1520 2832 conces·

323 2865 414 2940 serat)
429 2863 461 2926 in
477 2866 640 2949 diplomate
654 2866 878 2931 confirmatorio
890 2869 909 2930 d
923 2869 1044 2933 coeore
1058 2868 1193 2945 remisso,
1203 2871 1319 2934 omissa
1327 2869 1431 2944 merit,
1441 2865 1517 2947 quod

324 2960 430 3024 merito
443 2972 473 3024 et
486 2963 571 3026 nobis
590 2973 621 3026 et
639 2964 707 3026 aliis
724 2963 797 3028 fidei
816 2976 926 3029 nostrae
943 2966 1125 3049 conjunctis,
1141 2965 1242 3028 varies
1259 2965 1457 3048 cogitationes
1469 2981 1515 3043 pe·

324 3077 388 3119 rere
411 3061 562 3140 potuit-et
583 3060 697 3124 debuit.
746 3061 878 3146 Insuper
903 3066 1000 3146 (quod
1019 3063 1140 3126 silentio
1162 3064 1369 3145 preterimus)
1395 3060 1514 3142 petitum

323 3173 443 3234 quoque
457 3156 576 3220 duobis
588 3157 681 3220 fuerit
694 3157 877 3242 Mogontia),
890 3182 962 3224 eum
977 3163 1085 3224 ultima
1098 3160 1264 3222 declaratio
1277 3151 1512 3235 Coesareotpm'·

324 3259 416 3325 retur,
437 3264 472 3313 ιιι
491 3253 619 3317 militem
637 3263 774 3318 nostrum
789 3278 861 3320 cum
880 3260 1018 3322 Oaesaroo
1033 3261 1168 3322 exercitu
1185 3257 1448 3340 conjungeremflfls
1466 3245 1512 3308 '0¹

324 3347 404 3408 certe
425 3357 458 3408 ut
478 3349 637 3414 minimum
656 3352 906 3433 permitteremus,
927 3364 962 3419 nt
980 3355 1077 3438 copiae
1089 3365 1199 3419 nomm
1217 3355 1237 3416 b
1253 3354 1375 3417 Caesare
1394 3343 1510 3426 imperit

323 3453 474 3523 caperent,
491 3447 573 3525 qnod
591 3448 690 3529 ipsum
710 3451 800 3512 etiem
817 3461 922 3512 contra
942 3462 1032 3532 pacta
1051 3461 1202 3516 convento
1219 3451 1289 3526 fuit,
1309 3467 1380 3510 corn
1398 3438 1508 3505 abunde

323 3549 393 3602 ente
407 3540 591 3604 declaratum
605 3555 693 3621 esset,
706 3567 760 3610 cnr
773 3547 807 3610 id
820 3547 887 3608 fieri
900 3547 1088 3611 nullomodo
1100 3557 1208 3634 posset.

364 3637 443 3701 Haec
460 3659 533 3703 vero
545 3642 647 3705 omnia
660 3643 691 3707 in
706 3663 776 3706 enm
789 3644 935 3706 donam
946 3643 1040 3709 flnem
1051 3645 1229 3730 allegemus,
1242 3653 1277 3707 ιιι
1291 3633 1507 3705 Dummodooo
