3225 4700
488 336 907 407 ITINERARIUM.
1223 332 1287 395 353

87 491 122 540 ut
135 479 521 565 solennitasdnpliearetnr.
533 488 571 550 de
583 489 710 573 Reginae
719 512 837 573 quoque
848 491 1040 553 coronatione
1053 488 1164 551 multus
1174 484 1285 563 ubique

84 578 255 639 nabebatur
270 598 378 654 sermo,
393 582 433 643 ad
452 603 544 664 qnam
563 605 702 666 pompam
723 587 938 670 appromiserat
957 588 1024 649 Rex
1045 606 1113 649 oum
1135 580 1286 647 omnisne

79 672 168 746 ‘ula
198 676 322 756 ipsoque
349 676 509 741 Cardinale
538 680 677 743 Riobelio
704 684 916 765 praesentiam:
952 684 1189 746 sollicitabantur
1214 676 1285 737 verb

82 770 200 830 summi
213 770 371 853 intimique
384 785 419 835 ut
429 775 470 836 ad
480 797 639 839 commane
652 780 738 861 regni
750 780 894 862 gaudium
908 781 1002 843 animi
1017 775 1283 863 promptitudinem
1409 857 1413 866 Ι

81 874 120 925 et
130 868 235 927 omnia
247 889 302 929 sna
310 870 452 951 obsequia
462 873 640 936 conferrent.

129 962 391 1029 Intercommunia
402 989 495 1051 regno
509 971 725 1053 gaudiaannns
732 971 877 1054 paulatim
886 974 926 1035 ad
940 976 1053 1035 exitum
1066 968 1281 1053 praecipitabat,

83 1082 145 1122 uec
158 1062 316 1144 qnisquam
328 1064 457 1146 amplius
470 1066 626 1129 dubitabat
645 1068 684 1129 de
702 1070 891 1151 optatissimo
912 1069 973 1131 fine
987 1083 1017 1131 et
1038 1067 1192 1129 laetissimo
1209 1062 1282 1125 anni

82 1158 192 1221 inituri
207 1161 329 1223 exordio
345 1172 377 1223 et
395 1182 562 1245 progressu,
581 1163 650 1225 edm
667 1166 793 1226 obscura
807 1174 967 1248 tempestas
985 1186 1022 1227 ex
1043 1158 1281 1225 Eminentissimi

81 1256 259 1319 Cardinalis
274 1256 404 1321 Riobelii
418 1258 502 1320 obitu
515 1259 657 1341 profecta,
674 1281 794 1323 omnem
807 1262 920 1324 letitie
939 1261 1128 1323 serenitatem
1143 1255 1280 1325 obduxit,

80 1361 114 1415 et
127 1354 228 1415 aulam
243 1355 372 1436 Regiam
386 1376 497 1438 magno
510 1378 638 1419 moerore
649 1358 796 1421 confudit
840 1359 912 1422 Fuit
926 1361 971 1421 vir
983 1378 1051 1421 acer
1070 1355 1203 1437 ingenio,
1217 1354 1283 1415 rita

10 1511 11 1540 ,
81 1462 265 1532 temperans,
281 1453 412 1513 moribus
424 1453 544 1536 integer
560 1464 589 1517 et
601 1466 711 1527 castus,
725 1456 756 1516 in
775 1457 865 1519 rebus
882 1456 1022 1539 gerendis
1041 1452 1181 1537 vigilans,
1202 1449 1282 1531 Regi

82 1560 116 1611 et
136 1570 231 1631 regno
243 1549 332 1610 lidus.
375 1549 511 1611 Patriam
531 1552 559 1613 ei
578 1552 698 1614 dederat
719 1553 832 1628 Galba,
851 1553 1038 1615 nobilitatem
1059 1550 1206 1633 prosapia,
1221 1547 1281 1608 Ec·

81 1646 177 1707 alesia
193 1646 409 1708 sacerdotalem
424 1646 653 1728 professionem:
680 1650 712 1709 in
726 1660 797 1731 toga
814 1649 855 1710 ad
872 1669 1026 1730 supremas
1044 1648 1206 1730 dignitates
1224 1644 1281 1705 sibi

83 1743 298 1823 praemunierat
310 1744 437 1814 aditum,
451 1743 480 1803 in
495 1763 568 1826 sago
585 1745 726 1825 expedita
739 1746 770 1806 in
785 1758 926 1828 promptu
939 1745 1066 1807 babebat
1080 1743 1215 1815 consilis,
1229 1761 1282 1803 seu

82 1838 172 1919 regni
186 1850 285 1899 motus
300 1849 378 1899 esset
395 1841 630 1920 componendus,
648 1862 701 1902 seu
715 1843 756 1903 ad
773 1852 912 1905 externas
930 1843 1065 1903 nationes
1086 1839 1281 1923 propaganda

80 1956 170 1997 arma
178 1958 188 2012 ;
210 1936 249 1997 ad
264 1956 367 2017 pacem
382 1936 552 2017 bellumque
565 1940 812 2019 promovendum,
827 1940 944 2001 dotibus
957 1938 1143 2000 naturalibus
1154 1938 1280 1997 instruo·

82 2045 132 2094 tus
145 2044 209 2095 erat
220 2034 343 2093 omnino
356 2033 568 2115 singularibus.
611 2034 695 2108 Quas
708 2036 780 2117 quia
793 2035 928 2097 conferre
942 2036 1098 2097 videbatur
1111 2034 1151 2095 ad
1166 2032 1280 2094 dissen-

79 2129 1278 2216 sionesinterexterosconeitandasmagis,qoamadtranquillitatemsovendam,

83 2228 232 2289 invidiam
255 2229 282 2288 ei
301 2237 480 2309 pepererunt
498 2229 530 2289 in
551 2231 714 2312 peregrinis
734 2229 835 2311 regnis
855 2230 1028 2297 maximam,
1049 2226 1280 2289 domesticorum

14 2333 19 2347 ‘
82 2326 176 2388 etiam
197 2324 358 2387 multorum
377 2325 449 2387 odia
467 2325 517 2386 vix
536 2324 669 2389 ferenda.
712 2326 989 2408 valetudineque
1008 2325 1184 2407 plerumque
1197 2322 1280 2384 tenui

84 2421 234 2494 utebatur,
262 2421 438 2483 afflictiones
463 2423 556 2485 sensit
578 2423 781 2506 gravissimas,
809 2424 840 2484 in
869 2425 977 2505 quibus
1004 2423 1137 2484 animum
1164 2439 1281 2500 semper

83 2529 218 2580 erectum
231 2519 370 2581 retinuit:
392 2519 513 2600 perdius
530 2530 562 2581 st
578 2541 688 2601 pernox
708 2521 738 2580 in
754 2519 916 2583 laboribus.
959 2519 1070 2581 AEtatis
1083 2537 1196 2579 anuum
1211 2517 1280 2578 atti·

81 2625 171 2699 gerat
182 2625 299 2678 sextom
312 2636 402 2697 supra
415 2617 709 2698 quinquagesimum,
721 2617 842 2697 quaudo
853 2617 951 2699 ipsum
963 2616 1103 2699 plurima,
1113 2635 1205 2694 eaque
1220 2613 1282 2675 fere

81 2713 229 2774 continua
241 2713 373 2794 corporis
386 2713 578 2775 incommoda
589 2713 629 2774 ad
644 2725 812 2775 extremum
833 2715 993 2776 adduxere.
1037 2713 1133 2773 Morti
1145 2710 1279 2772 vicinum

5 2858 7 2888 ,
83 2808 189 2870 invisit
200 2806 344 2890 Majestas
356 2807 464 2892 Regia,
476 2809 525 2870 cui
538 2821 709 2891 promptum
719 2810 843 2872 omnino
853 2811 892 2872 ad
904 2819 1029 2874 mortem
1044 2808 1178 2870 animum
1189 2826 1280 2889 gene·

5 2965 7 2976 ,
84 2903 246 2964 rosissimis
260 2905 359 2965 verbis
372 2914 417 2966 est
434 2916 569 2969 testatus.
606 2906 737 2968 Dicebat
756 2908 837 2967 euim
858 2928 889 2968 se
903 2908 1030 2969 libenter
1047 2914 1171 2966 mortem
1191 2923 1282 2984 oppe-

5 3063 9 3073 ,
84 3011 160 3071 tere,
181 3000 425 3081 qnandoquidem
445 3002 536 3064 sciret
555 3023 586 3064 se
606 3002 727 3064 fidelem
750 3003 830 3085 Regi
852 3024 944 3085 osque
964 3002 1003 3065 ad
1023 3012 1189 3064 extremum
1210 3000 1281 3062 ritae

5 3151 9 3186 ÷
83 3097 226 3178 spiritum
240 3098 412 3179 prestitisse
431 3119 564 3180 operam,
577 3120 668 3181 quem
682 3120 739 3161 nec
754 3100 784 3160 in
809 3098 877 3160 ullis
898 3119 1031 3180 unquam
1052 3097 1282 3161 adversitatibus

5 3247 10 3284 3
84 3195 214 3255 consilio
234 3207 401 3276 opportuno
420 3195 612 3271 destituisset,
627 3207 659 3259 et
675 3197 758 3278 quod
773 3196 888 3258 videret
908 3195 965 3256 sibi
983 3193 1186 3276 superfuturos
1204 3194 1283 3255 viros

5 3348 10 3380 ,
85 3291 174 3374 plane
188 3311 320 3374 sagaces,
334 3293 451 3373 sibique
463 3313 524 3354 non
538 3294 705 3369 dissimiles,
721 3294 774 3375 qui
788 3293 873 3375 regni
887 3301 997 3354 statum
1011 3291 1116 3353 intime
1130 3300 1282 3372 penetras·

84 3396 161 3462 sent,
176 3406 251 3467 quos
263 3388 406 3450 smdebat
418 3389 524 3451 crebro
536 3390 569 3450 in
586 3390 744 3452 consiliam
763 3390 842 3470 Regi
856 3407 919 3450 esse
938 3386 1131 3449 adhibendos.
1171 3385 1282 3468 Impri-

5 3541 11 3561 ,
85 3483 144 3546 mis
156 3485 228 3545 vero
246 3496 276 3546 et
294 3485 474 3547 nominatim
491 3487 721 3548 commendabat
736 3486 906 3547 Dominum
927 3483 965 3546 de
980 3483 1153 3565 Cbavigny,
1171 3493 1201 3544 et
1218 3482 1282 3544 Do·

5 3573 13 3644 ¹.
85 3581 202 3643 minum
216 3582 255 3643 da
270 3581 400 3662 Noyers,
414 3582 467 3643 sed
478 3603 540 3663 prae
556 3584 694 3644 omnibns
712 3581 990 3645 Eminentissimum
1005 3577 1196 3642 Oardiualem
1212 3578 1282 3640 Ma·

5 3667 13 3774 :¹
85 3678 179 3739 earini
205 3677 380 3740 dilaudabat
403 3678 519 3760 prolixo
544 3679 653 3763 elogio,
679 3699 808 3761 eumque
836 3679 867 3739 in
892 3677 992 3740 locum
1015 3695 1102 3738 suum
1127 3676 1284 3759 subrogari

686 3797 733 3836 rs
