3225 4700
356 322 419 385 240
758 312 1158 380 ITINERARIUM.

356 470 493 532 facienda
511 477 584 543 erat,
600 466 752 528 sessiones
765 466 809 527 ita
821 465 884 527 fere
897 465 1019 527 fuerunt
1033 464 1175 526 Dominis
1188 464 1394 526 distributae.
1443 464 1562 527 Dimidia

354 568 415 629 fere
438 586 505 647 pars
522 565 598 626 aulae
621 563 779 625 interstitio
796 562 898 643 aliquo
921 563 958 624 ab
980 562 1040 623 alia
1058 570 1142 643 parts
1164 562 1394 642 separabatur,
1420 562 1563 641 omnisque

353 662 481 723 ambitus
495 682 567 723 auro
581 669 660 723 terta
674 660 743 734 tela,
758 659 916 740 aureisque
928 658 1142 740 peristromatis
1156 656 1273 717 vestita
1288 664 1373 717 erat.
1422 655 1464 717 In
1481 657 1561 738 cupite

353 757 428 819 aule
441 757 559 840 Pegma
571 777 624 818 seu
634 756 796 817 Theatrum
804 776 841 816 ex
851 756 997 817 asseribus
1007 754 1047 815 ad
1058 753 1253 815 altitudinem
1264 752 1414 813 duorum
1424 754 1475 814 rel
1485 754 1562 814 trium

353 854 501 936 gradum
514 860 697 914 exstructum
708 851 869 927 visebatur,
878 852 911 912 in
921 853 1009 932 cnjus
1020 850 1120 912 medio
1130 869 1192 911 snoe
1203 850 1375 911 omae
1392 848 1560 931 Majestatis,

352 950 447 1011 tribus
465 948 609 1031 gradibus
622 948 728 1009 elatior
746 946 870 1009 thronus
887 948 1076 1021 consistebat,
1091 945 1181 1008 aurel
1196 944 1264 1007 tela
1279 944 1414 1007 circum
1433 946 1558 1017 amictus,

353 1067 388 1107 ao
409 1044 540 1106 umbella
553 1042 767 1127 elegantissimi
787 1043 885 1124 operis
902 1044 1031 1125 superne
1045 1051 1140 1104 tectus
1152 1043 1169 1102 ὲ
1183 1042 1322 1123 regiona
1338 1043 1450 1104 throni
1464 1043 1495 1104 in
1512 1042 1558 1103 hu·

350 1140 460 1202 miliori
479 1132 617 1223 pegmate
636 1139 726 1199 rubro
745 1137 910 1199 holoserico
928 1139 1037 1200 vestita
1052 1138 1148 1199 stabat
1164 1138 1326 1201 cathedra
1349 1159 1410 1219 pro
1431 1138 1558 1201 Electore

348 1237 534 1311 Trevireusi3
551 1237 642 1317 juxta
653 1234 794 1296 thronum
806 1235 958 1315 utrimque
969 1235 1000 1295 in
1010 1236 1145 1317 ejusdem
1155 1234 1341 1298 altitudinis
1353 1246 1498 1317 pegmate
1506 1256 1556 1316 qna

349 1332 495 1394 Electoris
507 1330 691 1391 Trevirensis
704 1339 768 1392 erat
780 1330 882 1402 sessio,
896 1331 957 1392 duo
970 1331 1122 1413 utrimque
1141 1342 1229 1393 erant
1243 1351 1395 1404 mamus,
1411 1330 1445 1391 in
1459 1332 1556 1410 quibus

350 1428 455 1510 Legati
470 1425 613 1487 Primarii
629 1426 811 1501 Electorum,
827 1426 941 1500 ordine,
955 1446 1015 1507 quo
1033 1425 1125 1507 paulo
1143 1436 1211 1508 post
1230 1427 1377 1501 dicetur,
1394 1427 1498 1489 sedere
1509 1429 1554 1488 de·

345 1526 463 1587 hebent.
507 1522 559 1584 Ad
579 1521 672 1582 latera
693 1522 954 1604 utriusquepartis
975 1523 1036 1584 duo
1056 1524 1117 1583 alia
1135 1543 1266 1585 oeamua
1285 1524 1552 1605 protendebantur,

347 1618 541 1699 Principibus
552 1626 614 1679 tam
629 1616 848 1678 Ecclesiasticis
857 1638 949 1699 quam
961 1619 1161 1681 Saecularibus
1173 1620 1422 1700 absentiumque
1436 1619 1550 1701 hegesia

346 1716 503 1784 destinata,
517 1722 547 1774 et
560 1712 625 1774 hue
639 1714 730 1774 rubro
744 1713 882 1775 similiter
894 1713 1060 1776 holoserico
1073 1724 1236 1787 constrata,
1251 1714 1318 1776 hoc
1332 1717 1438 1778 solnm
1451 1716 1548 1778 discri-

345 1812 426 1872 mine
444 1810 481 1871 ab
495 1808 711 1871 Electoralibus
724 1810 864 1880 scamnis,
878 1811 961 1891 quod
974 1810 1027 1872 illa
1039 1812 1155 1873 dnobus
1171 1812 1328 1895 gradibus
1342 1820 1447 1874 essent
1458 1811 1544 1873 humi·

344 1908 429 1980 liora,
454 1906 520 1968 haec
543 1906 673 1968 elatiora.
716 1905 801 1967 Intra
821 1906 981 1969 Cancellos
1003 1929 1056 1969 sen
1075 1909 1302 1989 separationem
1325 1908 1433 1971 adhuc
1453 1926 1545 1967 mensa

345 2006 434 2065 rubro
447 2002 610 2065 holoserico
623 2010 715 2063 strata
734 2011 799 2063 erat
812 2002 965 2083 disposita,
980 2003 1117 2066 Cascelli
1130 2024 1200 2066 vero
1221 2005 1298 2086 ipsi,
1313 2005 1400 2067 intra
1416 2004 1540 2086 ejusden

345 2100 452 2162 coloris
475 2119 536 2180 quo
559 2118 660 2159 mensa
682 2097 847 2160 holoserico
868 2100 1073 2174 amiciebatur,
1095 2099 1167 2162 foris
1189 2122 1268 2163 vero
1289 2100 1542 2184 peristromatibus

343 2196 472 2258 Turoico
485 2215 574 2275 opere
587 2194 753 2257 elaboratis.

383 2294 478 2356 Extra
497 2290 712 2374 separationem
725 2310 778 2353 seu
791 2290 1012 2366 abscissionem,
1026 2292 1164 2374 pluscula
1180 2313 1315 2355 scaniam
1334 2292 1431 2356 viridi
1447 2300 1537 2373 tapete

341 2389 475 2464 instrata,
496 2387 640 2469 disposita
657 2397 752 2459 erant,
771 2408 826 2469 pro
843 2387 972 2450 sessione
992 2389 1158 2463 comitum,
1178 2389 1377 2471 aliorumque
1398 2389 1535 2452 Domino

341 2505 408 2546 rum
425 2484 605 2556 Illustrium,
620 2483 678 2544 alia
692 2483 764 2544 item
777 2495 862 2545 emnt
874 2484 980 2545 sedilia
992 2505 1047 2568 pro
1059 2486 1097 2546 iis
1110 2486 1162 2566 qui
1176 2485 1296 2548 Caesari
1309 2486 1363 2550 vel
1379 2487 1419 2548 ab
1432 2482 1536 2546 intimis

341 2581 389 2642 vel
404 2579 509 2641 aulicis
523 2579 656 2640 consiliis
670 2587 762 2640 erant
802 2581 904 2661 Atque
918 2579 983 2642 haec
996 2581 1097 2661 quoad
1110 2581 1219 2643 loonm.

378 2679 518 2742 Caesarea
531 2678 676 2760 Majestas
686 2687 720 2739 ut
731 2677 863 2758 primum
876 2678 975 2740 aulam
986 2678 1120 2761 ingressa
1131 2689 1186 2754 ast,
1197 2681 1240 2742 ad
1252 2682 1400 2744 thronum
1413 2676 1470 2759 ipsi
1480 2674 1533 2735 dia·

340 2775 466 2858 positum
479 2795 570 2855 quam
583 2793 653 2834 mox
667 2793 698 2834 se
714 2774 850 2849 contulit,
870 2784 959 2857 atque
973 2776 1042 2838 istic
1057 2775 1247 2858 aliquantum
1267 2777 1408 2840 constitit
1421 2774 1528 2835 detecto

338 2873 445 2955 capite,
469 2871 540 2932 dein
558 2880 648 2951 capnt
666 2870 794 2951 operuit,
814 2873 1017 2953 conseditque.
1064 2872 1092 2932 E
1115 2872 1238 2955 regione
1261 2871 1460 2956 Imperatoris
1482 2866 1528 2928 ubi

338 2968 471 3031 diximus
484 2967 651 3029 Sessionem
670 2967 818 3028 Electoris
832 2967 1016 3030 Trevirensis
1032 2969 1233 3030 communiter
1248 2969 1282 3030 iu
1301 2967 1451 3052 ejusmodi
1462 2983 1524 3026 con·

335 3066 475 3126 rentibus
488 3083 550 3126 esse
564 3082 730 3137 consuesse,
743 3061 962 3125 Mareschallns
977 3062 1195 3126 Hereditarins
1209 3065 1342 3146 Imperii
1352 3085 1422 3127 oum
1432 3059 1524 3144 gladio

336 3160 445 3222 educto
458 3161 549 3229 stetit,
564 3159 605 3221 ad
623 3158 773 3222 sinistram
787 3179 858 3220 vero
870 3181 932 3221 sus
951 3158 1120 3243 Mejestatis
1132 3160 1209 3223 Vice
1230 3160 1439 3224 cancellarius
1456 3155 1520 3216 Fer·

334 3254 486 3317 dinandns
499 3255 608 3318 Comes
623 3255 733 3324 Karta,
744 3275 815 3316 cnm
829 3254 937 3316 litteris
949 3275 1042 3318 manu
1056 3257 1179 3319 retentis
1196 3259 1311 3339 quibus
1324 3252 1520 3318 continebatur

334 3353 473 3415 Gaeaaraa
486 3351 656 3434 propositio.

373 3447 543 3528 Imperialis
556 3447 666 3508 culinae
687 3434 853 3508 Proel'ectus
874 3446 1094 3510 Hoemditarim
1115 3449 1268 3512 Dominus
1287 3448 1420 3511 Joanaes
1432 3443 1515 3506 Jaco-

331 3545 387 3606 bns
400 3544 439 3606 de
454 3542 540 3604 Zeihl
557 3562 627 3604 mox
647 3541 848 3605 Electomlem
865 3543 1108 3627 Magantinensis
1126 3545 1360 3628 Archiprresnlis
1378 3543 1511 3622 legatum

330 3641 493 3702 admodum
516 3639 729 3701 Reverendnm
756 3659 792 3700 ac
820 3638 1028 3702 Perillustrem
1054 3643 1220 3705 Dominum
1241 3643 1405 3723 Hugouem
1425 3633 1510 3694 Eber-
