3225 4700
343 363 407 427 268
739 358 762 423 Ι
769 358 865 424 ΤΙΝ
872 358 1054 426 ERARI
1062 357 1147 424 Uis.

345 513 472 575 biduum
491 511 656 584 obsidetur,
677 517 712 570 ut
732 509 855 572 taudem
877 509 988 591 pacisci
1010 531 1080 572 cum
1101 509 1184 572 hoste
1204 509 1380 573 debuerit:
1412 509 1559 573 deditione

346 611 434 683 facta,
451 607 600 688 Magistro
616 607 750 686 equitum
767 607 867 668 Paulo
878 607 1033 688 negotium
1046 607 1146 676 datur,
1160 616 1195 667 nt
1210 627 1284 669 cum
1303 605 1562 668 Eminentissiuo

348 706 488 767 Electore
512 703 695 786 Moguntino
716 712 824 766 tractet
849 704 887 766 de
909 703 1065 764 liberando
1084 703 1161 765 Vioe
1185 702 1358 766 Colouello
1388 701 1561 764 Baltbasare

321 829 323 836 ·
348 801 441 873 Rosa,
454 810 559 863 contra
578 820 609 862 se
626 809 763 880 paratum
782 799 871 861 offert
888 809 984 862 totum
1001 799 1190 881 manipulum
1207 801 1290 876 (siue
1312 799 1414 880 equis
1432 810 1466 861 et
1482 798 1562 859 armis

346 902 459 976 tamen)
474 907 675 960 commutare:
696 897 807 978 accipit
821 895 1024 958 conditionem
1041 896 1157 958 Paulus
1173 897 1361 978 evincitque
1381 896 1473 977 quod
1491 893 1559 956 role-

346 995 407 1067 bat,
431 995 546 1056 interea
569 995 651 1056 Rosa
674 1015 743 1056 cum
771 993 900 1074 captivis
922 993 1121 1076 Fridbergam
1147 993 1341 1076 regreditur,
1373 1014 1416 1055 ac
1443 991 1561 1054 Ursellis

346 1091 519 1173 praeteriens
533 1112 570 1154 ex
583 1091 709 1173 captivis
723 1089 903 1152 infirmiores
916 1110 969 1151 sex
982 1100 1088 1153 octove
1101 1091 1133 1152 in
1146 1092 1253 1153 urbem
1266 1090 1425 1166 dimittit,
1439 1101 1475 1151 ut
1488 1089 1558 1149 vale·

347 1188 483 1249 tudinem
497 1209 582 1250 suam
595 1195 710 1249 curent.

385 1285 476 1368 Capti
496 1305 616 1366 quoque
636 1284 755 1346 fuerant
773 1301 844 1344 cum
865 1283 947 1345 hisce
971 1282 1213 1346 Hoffheimensis
1230 1291 1353 1365 praetor
1373 1284 1428 1346 vir
1448 1283 1554 1344 canicie

345 1381 533 1453 venerabilis,
548 1381 708 1462 prudentia
720 1399 813 1462 sagax
825 1388 856 1441 et
870 1381 969 1442 verbis
981 1379 1140 1442 denudas.
1183 1379 1248 1442 Hic
1261 1400 1297 1442 se
1312 1401 1393 1442 cum
1410 1379 1555 1460 equitibus

346 1478 376 1538 in
391 1497 491 1539 arcem
504 1485 664 1557 receperat,
680 1476 733 1557 qui
745 1477 897 1558 quidquid
909 1487 1021 1560 ageret,
1035 1475 1095 1537 uisi
1113 1495 1225 1558 magno
1244 1477 1406 1558 promisso
1424 1475 1553 1557 pecunie

345 1573 415 1634 litro
435 1573 554 1635 liberari
575 1593 721 1654 nusquam
739 1574 847 1654 potnit.
894 1573 1051 1657 Parochus
1070 1573 1143 1635 item
1162 1573 1369 1655 octogenario
1390 1574 1499 1654 major,
1516 1571 1557 1629 vir

344 1689 415 1730 saue
430 1679 515 1731 aetate
529 1668 699 1752 spectabilis
712 1691 719 1728 :
739 1678 912 1731 excurreret
925 1671 951 1733 is
964 1671 1041 1732 forte
1053 1669 1094 1731 ad
1106 1669 1243 1731 ricinum
1257 1671 1419 1752 oppidum
1431 1665 1550 1730 fructifi-

347 1767 437 1828 candi
452 1767 559 1850 gratia,
575 1775 609 1828 ut
622 1767 753 1839 revertit,
768 1767 892 1850 ignarus
903 1766 1045 1842 militum,
1059 1767 1091 1828 iu
1105 1760 1235 1828 huetium
1245 1787 1365 1828 manus
1376 1765 1497 1836 incidit,
1507 1763 1553 1844 qui

346 1863 445 1924 virum
460 1863 573 1924 bonum
587 1861 719 1924 clericali
733 1863 865 1945 primum
875 1862 980 1926 habitu
993 1864 1119 1945 aliisque
1133 1863 1255 1940 reculis,
1271 1885 1353 1944 quas
1367 1864 1446 1925 forte
1456 1880 1549 1922 secum

347 1959 480 2040 gerebat,
491 1958 663 2040 dispoliant,
674 1968 738 2021 tum
747 1958 787 2020 ad
798 1959 1002 2040 captivitatem
1013 1959 1146 2036 trahunt,
1155 1960 1348 2040 tandemque
1357 1959 1550 2038 Fridbergam

347 2075 449 2118 secum
464 2065 592 2138 raptant,
606 2064 642 2117 ut
653 2055 717 2117 sine
731 2055 794 2117 ulla
805 2056 866 2116 alia
877 2076 978 2132 causa,
992 2057 1050 2118 nisi
1063 2056 1146 2137 quod
1158 2056 1311 2119 Sacerdos
1324 2067 1408 2118 esset
1424 2065 1456 2116 et
1469 2051 1548 2114 Hoff-

346 2149 507 2214 beimeusis
519 2161 630 2234 pastor,
646 2152 868 2236 quinquaginta
882 2154 1010 2215 Ducatis
1028 2153 1060 2214 iu
1081 2161 1220 2236 prompta
1236 2153 1376 2235 pecunia
1394 2149 1548 2213 numeratis

346 2247 476 2310 libertati
490 2249 657 2310 restituunt.

388 2342 481 2406 Multi
495 2344 619 2428 quidem
632 2344 868 2408 sollicitabantur
878 2345 1053 2429 plurimum,
1067 2357 1100 2409 ut
1109 2347 1245 2428 equitum
1256 2345 1419 2430 manipulo
1432 2343 1545 2427 prefec-

345 2451 412 2503 tum
426 2440 570 2515 Paulum,
586 2443 685 2504 virum
698 2443 905 2505 cordatissime
918 2442 1096 2520 masculum,
1110 2445 1150 2505 ab
1165 2444 1268 2506 hostili
1288 2443 1466 2526 captivitate
1478 2440 1542 2501 libo-

347 2547 460 2612 rorent,
481 2537 534 2598 sed
553 2558 624 2599 cum
643 2538 739 2621 copies
761 2559 821 2601 nou
842 2551 942 2601 essent
961 2541 1001 2601 ad
1021 2560 1156 2616 manum,
1175 2526 1339 2603 nec-intra
1360 2558 1471 2621 paucos
1486 2538 1542 2598 dies

345 2632 448 2714 colligi
462 2644 592 2715 possent,
605 2633 656 2696 ille
671 2656 741 2697 vero
754 2656 825 2697 cnm
838 2638 900 2698 suis
913 2646 1051 2699 comeatu
1063 2638 1284 2716 destitueretur,
1296 2638 1377 2701 votis
1387 2637 1449 2698 suis
1462 2634 1538 2695 satis-

347 2729 446 2791 facere
466 2730 684 2811 nequiverunt3
716 2731 870 2815 affligebat
889 2734 1012 2795 interim
1031 2734 1111 2816 ipsos
1130 2734 1180 2795 hic
1200 2756 1290 2796 casus
1311 2730 1540 2801 necimmerito,

346 2846 416 2887 cum
424 2826 633 2908 scirentquam
644 2828 779 2891 robustos
788 2828 907 2905 milites,
918 2850 1069 2913 quamque
1077 2828 1198 2914 eg‘regie
1205 2835 1371 2894 instructos
1378 2828 1537 2911 perderent,

346 2924 508 3007 dequibus
520 2944 591 2985 sane
609 2924 672 3005 ipse
690 2924 784 2986 hostis
803 2936 972 2988 constanter
990 2928 1125 3003 asseruit,
1143 2948 1175 2989 se
1194 2928 1321 3008 quidem
1341 2926 1535 2989 dubitaturum

346 3020 437 3083 fuisse
451 3042 525 3083 num
539 3040 609 3082 cum
623 3022 773 3102 ejusmodi
784 3022 859 3084 viris
871 3024 1016 3105 congredi
1029 3023 1170 3086 voluisset
1178 3024 1204 3084 si
1217 3044 1269 3085 eos
1281 3024 1313 3085 in
1324 3032 1429 3105 aperto
1438 3034 1534 3097 eampo

347 3115 498 3180 habuisset
511 3118 623 3179 obvios.

389 3210 516 3275 Occasio
528 3234 600 3275 vero
613 3213 699 3275 istius
712 3214 913 3296 expeditionis
925 3216 1009 3277 varia
1022 3216 1202 3280 adscribitur
1215 3214 1375 3281 Oolouello
1388 3214 1473 3284 Rosa,
1487 3204 1531 3267 ulii

346 3307 432 3368 aiunt
442 3328 510 3369 euru
522 3310 698 3391 capitalibus
708 3312 786 3373 odiis
797 3312 966 3374 discessisse
976 3334 1045 3375 cum
1058 3314 1203 3396 Principe
1212 3315 1347 3396 quodam
1359 3302 1528 3374 Turlaceusi

344 3426 379 3468 ao
394 3406 471 3467 inter
484 3409 709 3472 convivandum
729 3410 828 3473 verbis
845 3410 976 3491 primum
995 3432 1171 3494 congressos
1187 3432 1261 3486 esse,
1280 3422 1345 3474 tum
1363 3410 1402 3470 ad
1418 3404 1527 3465 verbera

346 3503 473 3575 venisse,
495 3504 664 3587 strictisque
685 3507 879 3569 mucronibus
900 3507 1080 3585 decertasse,
1101 3510 1213 3591 inquo
1232 3510 1335 3571 duello
1356 3496 1526 3569 Colonellum

348 3598 430 3662 Rosa
443 3601 610 3663 secundum
623 3605 780 3666 brachium
793 3603 983 3667 vulneratum
997 3625 1071 3682 esse,
1086 3626 1147 3687 quo
1159 3608 1226 3668 viso
1240 3606 1373 3669 Tubiceu
1388 3600 1525 3661 Roeeanm

344 3699 501 3761 coemerit
514 3708 544 3761 ct
558 3698 637 3762 clam
652 3702 788 3764 Domino
801 3702 937 3784 sclopum
957 3704 1128 3780 obtruserit,
1146 3705 1230 3785 quod
1245 3714 1282 3767 ut
1298 3702 1375 3764 vidit
1392 3694 1524 3766 Princeps
