3225 4700
40 262 55 289 Ι

22 300 42 348 p!

485 323 510 390 Ι
516 320 804 392 TINERARI
815 321 902 388 ΠΜ.
1256 324 1319 390 407

21 456 57 555 ’μ
118 479 220 540 biliter
233 477 397 560 praefuisse,
412 484 443 540 et
456 477 639 539 confidimus
651 495 714 536 uon
728 474 945 556 permissurum
959 484 993 537 ut
1005 473 1045 536 ad
1055 475 1205 557 ejusmodi
1216 477 1321 538 munia

117 576 239 659 indigui
260 577 504 658 promoveantur)
524 574 607 634 viros
628 573 733 634 doctos
752 572 874 634 virtutis
894 572 1053 645 studiosos,
1074 572 1223 654 imprimis
1247 575 1319 635 verb

120 673 224 735 Deum
237 673 377 734 timentes
390 672 516 755 deligat.

158 769 240 832 Cum
254 769 326 830 verb
338 769 430 830 etiam
444 788 481 829 ex
494 765 653 828 occasione
667 765 857 846 quorundam
872 783 1044 828 sermonum
1058 768 1170 828 temere
1185 765 1320 848 profuso·

117 887 186 929 rum
204 866 323 927 nonita
338 866 456 947 pridem
473 862 571 926 eoacti
584 863 730 924 fuerimus
744 862 913 924 Dominum
928 863 965 924 de
980 862 1209 925 Chasteaunenl'
1222 865 1321 926 officio

117 963 267 1046 sigillilleri
280 963 410 1043 privare,
428 982 558 1042 eumque
579 961 611 1021 iu
631 969 763 1021 castrum
786 959 1015 1041 Engoliemeuse
1036 959 1192 1042 ablegare:
1216 961 1320 1042 praeci-

117 1061 229 1144 pimus,
256 1069 290 1120 ut
317 1060 381 1141 ipse
408 1059 522 1121 ibidem
547 1067 692 1130 servetur,
721 1053 820 1138 quoad
848 1077 907 1140 pax
935 1057 1084 1139 generalis
1110 1057 1318 1134 concludatur,

118 1159 242 1238 quaudo
252 1175 307 1238 pro
320 1157 510 1238 beneplacito
519 1155 648 1238 Reginae
659 1165 689 1216 et
697 1155 937 1216 consiliariorum
948 1156 1096 1216 sententia
1106 1155 1131 1216 si
1142 1163 1223 1216 certa
1233 1157 1319 1218 sedes

117 1256 169 1317 vel
183 1257 214 1316 in
232 1255 279 1315 vel
298 1265 383 1316 extra
396 1274 522 1335 reguum
537 1252 692 1334 designari
709 1253 818 1333 poterit
834 1252 865 1312 in
884 1271 989 1332 quoae
1005 1250 1046 1311 ad
1059 1251 1124 1312 dies
1137 1251 1211 1312 vitae'
1223 1252 1320 1313 couti·

116 1363 198 1414 neat.
240 1352 426 1412 Mandemus
436 1352 527 1412 etiam
541 1360 577 1411 ut
586 1349 719 1411 Ducissa
731 1351 770 1410 de
780 1349 952 1410 chevreuse
963 1348 1001 1408 ob
1009 1347 1190 1430 justissimas
1204 1369 1333 1420 causas„

116 1469 212 1532 regno
226 1448 348 1519 Galliae,
371 1467 464 1528 usque
484 1448 524 1508 ad
543 1447 691 1508 bellorum
711 1447 805 1508 finem
827 1446 938 1534 exulat.
980 1445 1129 1508 Volumus
1147 1467 1265 1529 quoqne
1286 1458 1320 1510 ut

115 1565 174 1606 nec
187 1565 262 1626 pace
274 1545 428 1618 conclusa,
442 1546 502 1606 uisi
515 1563 553 1606 ex
567 1544 663 1626 gratia
675 1544 804 1626 Reginae
818 1542 850 1604 in
862 1563 988 1625 reguum
999 1545 1113 1618 redeat,
1124 1545 1172 1606 vei
1183 1546 1208 1606 si
1222 1547 1320 1607 redire

115 1643 283 1724 contingat,
298 1661 337 1702 ne
358 1641 408 1702 vel
424 1661 517 1723 prope
535 1641 638 1702 aulam
657 1641 834 1722 hospitetur.
877 1640 961 1712 Quin
975 1663 1031 1703 nec
1044 1642 1111 1703 aliis
1125 1643 1234 1704 uostris
1248 1645 1319 1704 sub-

115 1739 201 1812 ditis,
215 1738 268 1820 qui
282 1737 362 1799 ultro
375 1758 406 1799 se
422 1737 525 1799 Gallia
534 1737 583 1798 vel
597 1757 635 1798 ex
648 1738 738 1799 certis
753 1738 851 1799 causis
864 1739 1090 1812 submoverunt,
1102 1739 1318 1820 cujuscumque

117 1835 301 1898 conditionis
319 1835 365 1895 illi
385 1834 509 1907 inerint,
528 1835 643 1896 reditus
661 1836 692 1895 in
711 1855 840 1918 regnum
854 1835 917 1896 ullo
935 1835 1026 1897 modo
1044 1837 1245 1918 permittetur,
1259 1839 1318 1898 nisi

117 1953 187 1993 cum
203 1933 275 2014 ipsis
290 1931 426 1992 unanimi
438 1951 585 1993 consensu
599 1932 675 1993 dicti
689 1932 853 1993 consiliarii
868 1932 1073 1995 decernerent.

160 2029 304 2110 Denique
312 2030 456 2110 jubemus
470 2039 504 2089 ut
521 2030 554 2090 in
573 2029 639 2091 haec
656 2029 759 2089 omnia
772 2039 885 2110 puncta
895 2040 1052 2111 postremae
1068 2030 1240 2102 voluntatis,
1255 2042 1317 2093 tam

116 2125 240 2207 Regina
257 2126 427 2208 gubernans
445 2127 558 2208 conjux
575 2136 687 2202 nostra,
707 2137 738 2188 et
755 2125 888 2187 filiorum
910 2137 1078 2188 nostrornm
1101 2138 1205 2203 mater,
1227 2149 1318 2209 qnam

116 2223 211 2283 frater
229 2233 330 2283 noster
348 2223 422 2283 Dux
442 2223 669 2284 Aurelianensis
687 2233 718 2284 et
737 2223 889 2305 principes
909 2224 1198 2306 sauguinisdnoes,
1220 2247 1316 2308 pares,

115 2317 305 2381 mareschalli
323 2330 355 2382 ct
372 2320 513 2383 officiales
526 2319 613 2403 regni
627 2321 729 2383 sancte
737 2321 858 2402 jurent,
870 2323 952 2403 quod
968 2322 1069 2383 omnia
1087 2321 1152 2385 haec
1166 2323 1319 2386 deoreteh

116 2418 205 2477 uobis
212 2416 407 2499 integerrima
414 2417 475 2478 fide
486 2417 698 2479 inviolabiliter
707 2437 827 2479 servare
836 2430 866 2479 et
875 2420 1044 2481 executioni
1055 2420 1195 2483 mandere
1205 2421 1317 2483 velint:

116 2516 149 2575 iu
168 2534 259 2595 quem
278 2512 371 2575 finem
391 2514 491 2597 primo
510 2534 629 2595 qnoque
653 2525 785 2595 tempore
805 2536 860 2595 per
883 2516 969 2598 regui
991 2518 1162 2597 provincias
1184 2520 1319 2600 publica-

117 2611 240 2672 buntur.
716 2609 734 2646 '·

160 2709 239 2770 Haeo
258 2708 361 2769 omnia
377 2729 470 2770 manu
488 2719 588 2772 nostra
604 2712 779 2794 scripsimus
796 2722 828 2774 et
842 2712 1056 2775 subscribenda
1073 2715 1139 2776 aliis
1153 2716 1319 2778 communi·

115 2806 254 2868 oovimus
267 2806 475 2887 subscribique
483 2808 630 2889 jussimus
640 2830 693 2890 per
704 2810 855 2893 Reginam
870 2812 1028 2893 conjugem
1043 2823 1186 2884 nostram,
1198 2813 1318 2874 Ducem

116 2904 379 2976 Aurelianensem‚
394 2913 424 2964 et
440 2905 631 2966 secretarium
651 2916 756 2980 status,
769 2907 936 2989 sigillisque
953 2908 1138 2971 munivimus
1150 2920 1180 2971 et
1198 2909 1318 2971 robora-

115 3001 216 3061 vimus
228 3000 269 3061 ad
285 3001 431 3061 Sanctum
446 3000 647 3077 Germanum,
661 3021 762 3064 mense
777 3006 889 3085 Aprili,
904 3006 976 3065 anni
997 3008 1085 3065 1643.
1123 3009 1217 3068 Anno
1231 3008 1319 3091 regui

116 3098 211 3159 nostri
224 3097 382 3178 trigesimo
395 3098 493 3159 tertio.

159 3194 220 3255 His
233 3194 410 3275 subscriptis
421 3205 451 3256 et
463 3216 518 3276 per
530 3196 723 3258 Parlamentu
733 3198 903 3281 publicatis,
920 3199 1066 3282 vigesimo
1079 3202 1179 3281 primo
1193 3204 1315 3264 taudem

115 3292 229 3351 mensis
247 3290 364 3371 Aprilis
384 3291 501 3373 Regius
521 3291 669 3375 Princeps
688 3294 916 3378 Primogenitus
936 3316 988 3357 seu
1003 3297 1174 3379 Delphinus
1189 3298 1317 3361 Parisiis

113 3386 264 3467 baptismo
284 3387 422 3449 admotus
442 3398 497 3449 est.
539 3389 643 3461 Quem⁴
661 3391 728 3453 Rex
748 3406 835 3473 pater
855 3395 893 3456 de
913 3415 966 3456 suo
983 3388 1104 3457 nomine
1126 3396 1316 3460 Ludovioum

114 3482 261 3563 appellari
282 3483 389 3546 voluit.
435 3486 463 3545 E
483 3504 568 3548 sacro
589 3487 711 3549 lavacro
730 3509 799 3550 eum
821 3503 1015 3572 susceperuut
1037 3494 1159 3556 nomine
1183 3494 1316 3556 Romani

114 3578 276 3641 Pontificio
290 3580 463 3643 Cardinalis
477 3584 663 3662 Masuriana,
677 3605 714 3647 ac
731 3587 854 3649 nomine
875 3588 1094 3671 Hispaniarum
1113 3590 1208 3673 Regis
1225 3591 1316 3652 Prin·

113 3700 184 3761 ceps
197 3678 331 3753 immina,
346 3681 472 3743 Coudaei
486 3686 607 3765 conjux.
