3225 4700
487 342 908 413 ITINERARIUM.
1233 346 1290 412 181

67 490 237 576 Aigliuni
259 492 379 557 Palatia
395 502 540 577 quotquot
557 497 590 557 in
611 499 685 559 urbe
703 496 840 569 habebnt,
860 495 1022 577 exquibus
1041 494 1143 577 opima
1161 495 1294 557 extulere

65 588 233 670 plerique
245 590 351 673 spolia.
372 591 526 654 Vicesimo
538 602 643 655 octavo
653 592 677 655 J
679 593 733 655 ulii
743 614 863 655 omnem
877 594 1040 656 exercitum
1053 593 1093 655 ad
1102 591 1294 655 Teurinensis

69 686 178 747 areis
199 687 454 769 oppugnationem
476 688 610 751 admovit
631 689 906 752 Mediolanensium
931 689 1123 751 Gubernator
1146 688 1293 771 Ieganes,

74 780 310 864 dispositisqm
333 784 498 866 majoribus
524 786 680 848 tormentis
702 786 818 848 bellicis
842 806 958 848 smuum
982 785 1015 846 in
1037 786 1162 848 modum
1186 784 1293 867 quatit,

79 878 284 959 cepissetque
297 879 376 941 intra
390 900 502 962 paucos
514 881 590 956 dies,
603 882 662 942 nisi
678 880 850 944 cardinalis
863 882 902 944 de
918 881 949 944 la
961 880 1081 945 Valette
1093 902 1206 944 novum
1219 900 1296 963 prae·

78 972 212 1037 sidium
225 974 342 1036 oecmte
355 975 538 1053 immisisset,
552 996 642 1058 seque
659 978 804 1039 continuo
816 998 888 1040 cum
900 978 1005 1040 decem
1019 978 1151 1040 millibus
1164 978 1204 1039 ad
1217 979 1295 1040 arcis

82 1069 286 1131 obsidionem
299 1070 472 1134 solvendum
486 1073 690 1149 convertisset,
705 1073 885 1155 Ducemque
895 1074 933 1136 de
949 1073 1144 1156 Iongueville
1156 1074 1189 1135 in
1202 1074 1296 1137 socie·

84 1176 194 1230 tatem
206 1169 390 1230 advocumet.

140 1263 228 1325 Galli
248 1265 344 1347 igitur
361 1265 394 1326 in
413 1267 505 1349 opino
518 1266 632 1328 nuncio
650 1276 746 1349 capte
764 1268 847 1330 urbis
864 1266 997 1349 perculsi
1017 1267 1100 1329 illico
1120 1266 1296 1329 Onueanam

91 1360 287 1423 obsidionem
301 1381 333 1423 re
346 1361 459 1423 inlecta
469 1362 600 1439 solvunt,
615 1363 843 1446 conjunctisque
858 1364 973 1425 uiribus
990 1363 1157 1426 exercitum
1171 1363 1298 1444 quinde-

93 1456 162 1517 cim
180 1456 311 1519 millium
329 1459 466 1539 peditum
482 1466 512 1521 et
528 1468 658 1541 quotuor
676 1458 805 1520 millium
824 1459 959 1540 equitum
977 1460 1121 1536 conflant,
1140 1460 1244 1542 sicque
1264 1460 1297 1521 in

96 1552 257 1635 Hispanos
269 1564 402 1630 movent,
415 1554 568 1636 multaque
580 1555 691 1617 ferocia
703 1556 846 1617 continuo
859 1556 891 1616 in
905 1555 1016 1617 moenia
1028 1576 1133 1619 recens
1143 1566 1297 1638 occupate

94 1652 139 1711 ab
153 1650 303 1733 Hispanis
316 1643 400 1712 urbis
412 1651 579 1725 enituntur,
593 1672 631 1713 ex
643 1671 704 1731 quo
717 1660 827 1714 conatu
840 1658 926 1713 atrox
939 1671 1041 1733 pugna
1057 1652 1207 1732 utrimque
1221 1662 1296 1730 orta,

98 1747 202 1809 Gallis
213 1767 317 1810 muros
330 1748 525 1825 tentantibus,
542 1748 689 1829 Hispanis
701 1748 818 1810 fortiter
829 1748 1034 1809 resistentibus
1049 1747 1093 1808 itu
1106 1755 1140 1807 ut
1155 1746 1239 1807 Galli
1253 1768 1301 1809 se·

97 1844 165 1905 mel
178 1844 345 1925 iterumque
357 1864 393 1905 ac
403 1844 513 1926 sepius
525 1844 564 1906 ab
573 1844 646 1905 urbe
659 1844 873 1925 repellerentur
883 1864 892 1920 3
915 1849 1152 1925 cogerenturque
1165 1844 1300 1921 receptui

100 1960 223 2002 canere.
254 1941 296 2003 Et
308 1940 379 2002 licet
390 1939 551 2001 Gallorum
562 1939 665 2001 Duces
677 1939 832 2002 subditum
844 1939 902 2001 sibi
916 1938 1044 2001 militem
1056 1937 1166 1999 strictis
1179 1938 1300 1999 ensibus

98 2043 248 2118 cogerent
266 2056 409 2098 renovare
431 2038 588 2117 impetum,
610 2036 761 2099 adducere
782 2047 883 2099 tamen
904 2054 1052 2117 nusquam
1076 2042 1240 2116 potuerunt
1260 2036 1303 2097 ad

99 2132 271 2194 iterandam
283 2154 427 2217 pugnam,
442 2154 513 2195 cum
525 2133 636 2196 milites
648 2134 758 2197 diserte
772 2154 822 2195 eos
835 2132 1033 2195 inclamarent
1050 2131 1218 2194 homicidas
1230 2154 1300 2196 suos

100 2238 135 2290 ct
151 2249 212 2291 non
226 2230 341 2306 Duces,
355 2232 467 2313 quippe
480 2232 535 2312 qni
552 2240 665 2293 temere
677 2240 739 2292 tarn
752 2230 885 2291 nobilem
898 2231 1007 2311 pubem
1020 2228 1110 2290 morti
1122 2228 1299 2312 objicerent.

100 2326 332 2390 constituerunt
348 2328 450 2411 ituque
468 2328 573 2391 saltem
588 2328 727 2391 Ducissae
739 2337 771 2390 ct
784 2327 960 2390 Sabnudicae
979 2327 1086 2390 domus
1104 2325 1227 2390 familie
1245 2329 1299 2391 ad-

100 2424 192 2485 motis
210 2424 349 2487 omnibus
366 2427 510 2488 arietibus
527 2426 640 2488 exitum
657 2425 824 2506 patefacere
838 2445 876 2485 ne
890 2423 968 2485 forte
987 2424 1053 2505 ipsa
1071 2421 1201 2484 hostium
1214 2424 1300 2487 fieret

99 2521 217 2601 praeda.
257 2520 310 2582 Ita
320 2521 416 2604 igitur
428 2521 545 2584 collatis
557 2522 591 2583 in
604 2543 699 2583 unum
713 2520 846 2582 comiliis
862 2519 1032 2581 libertatem
1053 2519 1151 2583 moliti
1167 2532 1248 2597 sunt,
1265 2532 1300 2584 ut

101 2617 179 2678 dnm
196 2629 379 2700 pugnaretur
396 2621 435 2681 ad
454 2619 537 2681 urbis
554 2619 676 2694 moeniu,
691 2618 860 2679 mitteretur
878 2615 978 2678 salvus
996 2617 1164 2679 conductus
1181 2618 1301 2682 validus

100 2714 158 2793 qni
179 2714 383 2796 egredientem
404 2737 458 2798 per
478 2716 625 2798 posticum
646 2714 807 2777 Ducissam
826 2734 897 2775 cum
916 2713 1072 2775 Comitutu
1093 2715 1247 2794 reciperet,
1271 2725 1301 2778 et

101 2811 262 2873 celerrimo
275 2832 366 2874 cursu
378 2813 572 2874 (lamberinm
586 2812 750 2875 deduceret
762 2811 845 2891 quod
858 2810 981 2892 quidem
995 2831 1033 2871 ex
1046 2809 1140 2871 unimi
1153 2812 1301 2874 sententii

101 2907 259 2988 prooessit.
303 2908 341 2969 ln
355 2928 459 2991 pugna
470 2908 527 2971 hnc
541 2910 560 2971 a
572 2909 707 2990 partibus
722 2907 892 2981 Gallorum,
907 2917 942 2968 ut
955 2906 1016 2968 fide
1029 2907 1191 2988 dignorum
1204 2906 1300 2970 homi·

102 3023 179 3064 num
197 3004 306 3067 litteris
322 3006 542 3088 comprobatur,
560 3005 705 3067 cecidisse
718 3004 861 3066 dicuntur
874 3004 914 3066 ad
932 3004 991 3064 tria
1007 3003 1113 3079 millia,
1134 3002 1213 3064 inter
1225 3024 1300 3085 quos

102 3100 244 3180 primarii
259 3101 429 3182 Legionnm
443 3101 659 3163 Francicarum
673 3102 777 3164 Duces
788 3121 824 3162 ac
838 3099 1048 3175 Oentmiones,
1063 3099 1185 3180 ipseque
1202 3102 1301 3183 campi

104 3195 325 3258 Mareschallus
337 3197 357 3258 b
369 3197 518 3259 Varestan
529 3219 600 3260 cum
617 3198 713 3260 tribus
725 3197 793 3259 aliis
811 3197 901 3279 primi
918 3195 1051 3259 subsellii
1064 3196 1155 3259 viris:
1177 3196 1196 3257 d
1209 3199 1301 3278 parti·

103 3293 161 3354 bus
173 3313 246 3354 vcro
262 3293 464 3376 Hispanorum
477 3304 587 3376 preter
604 3304 754 3357 trecentos
771 3293 924 3377 gregarios
941 3292 1061 3369 milites,
1078 3291 1193 3374 aliquot
1210 3295 1301 3356 etium

6 3369 12 3393 '
103 3388 318 3471 primariorum
333 3391 457 3453 Ducum
469 3391 530 3453 susi
543 3391 695 3453 dicuntur.

145 3485 267 3548 Interm
285 3485 442 3549 Romanus
459 3486 602 3549 Pontifex
619 3487 735 3549 laborat
749 3507 804 3568 per
818 3486 964 3568 legatum
977 3487 1187 3569 Apostolicum
1200 3487 1301 3550 (luffa-

104 3581 235 3659 tollium,
247 3591 282 3646 ut
294 3603 379 3646 arma
390 3584 535 3665 tantisper
549 3584 700 3664 utrimque
714 3593 838 3666 ponant,
854 3584 903 3644 cui
918 3583 1041 3663 quidem
1054 3585 1161 3646 anuuit
1175 3594 1299 3664 utraque

103 3698 182 3758 pars,
196 3680 251 3742 sed
264 3701 335 3742 mox
348 3680 449 3744 nescio
462 3681 550 3759 cujus
564 3681 606 3742 rei
621 3682 792 3743 interventu
806 3681 1002 3761 neutrobiquc
1017 3691 1165 3743 servatum
1180 3691 1233 3742 est.
