3225 4700
1312 1028 1858 1108 BENEVOLO
1910 1028 2375 1106 LECTORI.

675 1321 691 1341 ·.
711 1301 735 1321 Ἀ
828 1301 875 1341 „5
952 1309 964 1313 -
1016 1313 1020 1317 ,
1086 1306 1088 1308 .
1149 1250 1211 1312 X
1236 1271 1357 1332 quo
1381 1251 1497 1312 iter
1521 1251 1801 1314 meditari
1826 1260 1887 1313 et
1911 1251 2150 1335 ingredi
2185 1251 2362 1332 coepi,
2408 1250 2790 1312 Itinerarium
2828 1271 3037 1312 meum

738 1349 779 1405 ’.ἲ
904 1393 908 1397 ψ
964 1398 979 1417 „
1112 1337 1120 1405 s
1186 1348 1375 1409 tribus
1400 1348 1646 1409 omnino
1669 1349 2019 1410 stationibus
2045 1348 2350 1410 absolvere
2363 1348 2494 1428 jam
2523 1347 2666 1408 inde
2687 1348 2762 1408 ab
2781 1347 3036 1408 exordio

1084 1437 1124 1534 τ’.
1188 1445 1700 1528 Peregrinationis
1728 1464 1877 1507 meae
1907 1446 2085 1508 Divis
2120 1444 2415 1506 caelitibus
2448 1443 2784 1506 faventibus
2824 1444 3036 1504 decre·

847 1574 891 1618 ,-
952 1582 976 1614 ,ι
1088 1542 1128 1618 ἰζ
1181 1561 1428 1623 ,νει-ειυς
1477 1543 1555 1604 de
1591 1543 1809 1623 quibus
1846 1542 2147 1625 geminam
2185 1541 2433 1616 absolvi,
2477 1559 2684 1620 resque
2714 1539 2779 1599 in
2816 1539 3035 1600 itinere

835 1646 912 1682 π’*
956 1647 959 1648 ’
1000 1646 1076 1670 ‘²
1186 1656 1319 1698 meo
1344 1646 1537 1719 gestas
1563 1637 1692 1698 orbi
1719 1638 2070 1718 spectandas
2093 1637 2158 1697 in
2184 1633 2380 1698 lucem
2406 1634 2670 1716 vulgavi.

730 1733 916 1796 Nunc
944 1734 1179 1796 tertiam
1206 1734 1450 1795 tandem
1480 1733 1665 1804 veluti
1689 1732 1960 1794 laborum
1996 1751 2263 1793 meorum
2296 1741 2512 1792 metam
2549 1737 2610 1790 et
2642 1728 2758 1790 viae
2797 1726 3032 1788 exitum

650 1827 786 1890 Deo
810 1831 1049 1911 auspice
1075 1838 1135 1891 et
1160 1839 1481 1892 conatuum
1507 1849 1777 1890 meorum
1804 1828 2095 1889 directore
2121 1828 2383 1904 adorn03
2425 1846 2556 1887 eam
2598 1821 3031 1885 benevolentiae

646 1934 788 2000 tuse,
818 1927 1007 1988 amice
1034 1927 1221 1988 lector
1245 1926 1401 1987 bona
1429 1925 1533 1987 tua
1557 1925 1737 1987 venia
1761 1925 2070 2006 consigno,
2092 1932 2257 1985 tuam
2279 1922 2706 1984 humanitatem
2727 1920 3034 1981 obtestans

648 2035 717 2087 ut
738 2026 969 2088 animus
985 2036 1126 2089 tuus
1145 2026 1347 2089 multis
1368 2026 1712 2088 semitarum
1734 2025 2090 2107 defatigatus
2109 2023 2473 2085 anfractibus
2496 2019 2827 2082 innumeris
2843 2018 3029 2080 bello-

648 2142 784 2183 rum
811 2123 1329 2204 periculorumque
1357 2122 1669 2183 eventibus
1701 2129 2110 2182 consternatus
2143 2119 2487 2201 inexplebili
2530 2116 2863 2181 Christiani
2895 2136 3031 2177 san·

647 2218 850 2300 guinis
876 2217 1171 2299 profluvio
1195 2218 1329 2299 plus
1355 2217 1544 2279 nimio
1571 2225 1888 2293 saturatus,
1914 2216 2043 2278 sine
2071 2214 2337 2292 vulnere,
2362 2224 2525 2277 metu
2543 2222 2604 2275 et
2622 2214 2844 2289 labore,
2864 2212 2930 2273 in
2960 2233 3032 2273 ea

650 2314 1000 2376 suavissime
1026 2316 1428 2396 conquiescat.

731 2412 795 2475 N
798 2432 875 2473 on
897 2421 975 2488 te,
1005 2433 1131 2487 oro,
1151 2412 1461 2473 bominum
1481 2410 1980 2473 maleferiatorum
2001 2419 2061 2472 et
2079 2408 2596 2472 infestissimorum
2615 2407 3026 2470 tenebrionum

649 2509 822 2569 famae
844 2528 994 2570 meoe
1022 2509 1475 2570 obtrectationes
1501 2517 1802 2583 moveant,
1831 2526 2086 2587 quorum
2111 2507 2350 2567 obscuri
2384 2515 2631 2567 conatus
2664 2504 2743 2565 ad
2768 2503 3024 2565 clarissi-

651 2622 812 2663 mam
853 2604 1119 2665 veritatis
1158 2603 1357 2664 lucem
1396 2603 1561 2664 velut
1600 2602 1980 2664 caecutientes
2022 2601 2340 2682 Pyraustae
2391 2601 2817 2675 occubuerunt,
2861 2609 2922 2661 et
2961 2599 3021 2660 in

649 2699 916 2760 favillam
942 2720 1012 2760 ac
1038 2699 1269 2761 fumum
1299 2718 1419 2759 non
1449 2699 1577 2760 sine
1607 2698 1734 2759 Dio
1762 2698 2030 2761 Numine
2057 2699 2496 2779 disparuerunt.

730 2795 1015 2857 Potentes
1040 2796 1286 2856 omnino
1320 2794 1479 2857 sensi
1510 2794 1899 2870 adversarios,
1936 2814 2012 2855 ex
2046 2794 2263 2876 quibus
2297 2793 2401 2854 alii
2436 2801 2794 2873 praematuro
2833 2792 3020 2854 Letho

648 2892 918 2966 extincti,
944 2892 1131 2953 vitam
1158 2892 1324 2973 prius
1347 2891 1407 2951 in
1439 2891 1756 2952 calumniis
1783 2899 2106 2972 posuerunt
2140 2910 2322 2973 quam
2355 2889 2585 2952 nomini
2619 2909 2753 2951 meo
2779 2888 3016 2970 nigrum

645 2989 812 3051 theta
863 2989 1291 3072 appingerent3
1355 2987 1459 3048 alii
1497 2988 1654 3048 inter
1691 2987 1863 3048 vivos
1902 2986 2138 3069 reliqui,
2179 2986 2396 3068 impios
2432 2994 2493 3047 et
2537 2985 2734 3047 irritos
2774 2995 3016 3049 conatus

646 3105 785 3146 suos
810 3083 1003 3146 elusos
1029 3085 1453 3164 dequeruntur‚
1481 3102 1785 3162 novasque
1822 3082 2054 3145 cudunt
2087 3082 2358 3163 strophas
2392 3081 2576 3142 simili
2597 3091 2816 3144 eventu
2846 3082 3014 3144 dissi-

646 3181 913 3262 pandas3
982 3179 1086 3240 alii
1138 3177 1388 3239 infamia
1440 3177 1682 3258 propria
1719 3178 1794 3237 ab
1833 3178 2276 3240 obtrectationis
2323 3176 2574 3239 consilio
2611 3178 2897 3253 deterriti,
2937 3180 3011 3240 ad

645 3275 940 3336 saniorem
966 3285 1226 3337 mentem
1250 3283 1310 3336 et
1326 3273 1559 3335 libellos
1577 3293 1740 3334 meos
1758 3273 2084 3351 redierunt,
2106 3283 2337 3336 suamet
2355 3272 2722 3337 confessione
2747 3274 3010 3356 ingenui,

645 3371 735 3432 nil
761 3390 886 3432 esse
911 3371 1277 3453 carpendum
1302 3391 1379 3432 ex
1403 3370 1480 3431 iis
1505 3390 1640 3451 quae
1666 3369 1764 3431 vel
1789 3369 1905 3452 ipsi
1931 3370 2152 3433 imitari
2179 3371 2425 3447 nollent,
2466 3372 2584 3448 vel,
2623 3371 2786 3452 quod
2815 3371 3008 3434 verius

645 3467 899 3530 dixerim
927 3476 1206 3548 praestare
1233 3488 1354 3528 non
1379 3475 1641 3548 possent.

724 3566 861 3648 Ego
889 3564 1116 3624 Divam
1140 3563 1374 3645 appello
1399 3563 1710 3624 veritatem
1747 3569 1976 3637 testem,
2002 3582 2098 3624 me
2133 3563 2287 3624 nulli
2325 3584 2537 3626 nocere
2567 3583 2832 3644 unquam
2865 3583 3007 3645 prae-

641 3662 978 3744 sumpsisse,
1007 3680 1118 3722 nec
1145 3660 1223 3722 ad
1248 3660 1602 3742 scripturam
1629 3659 1923 3721 calamum
1961 3659 2257 3741 appulisse
2292 3661 2409 3724 nisi
2445 3680 2643 3723 amore
2673 3662 2822 3738 veri,
2849 3663 3003 3744 quod
