3225 4700
338 306 403 370 354
753 306 777 371 I
783 306 1067 373 TINERARI
1076 304 1162 371 UM.

342 456 429 517 enixe
445 456 621 537 postulabat.
664 456 816 529 Quoniam
831 459 1031 520 verovidebat
1041 458 1149 519 bonam
1162 456 1286 519 invidiae
1296 464 1417 536 partam
1435 453 1472 512 in
1486 472 1547 511 snos

343 554 575 614 redundaturum
595 566 661 635 post
673 556 787 616 obitum
801 577 901 631 suum,
915 558 1039 639 rogabat
1052 557 1092 617 ad
1109 566 1275 616 extremum
1295 553 1415 635 Regem
1433 562 1473 611 ut
1488 570 1548 609 sau

343 651 429 729 gnini
447 650 626 712 Ricbeliano
641 653 765 733 junctos
786 653 964 727 lonerstat
984 651 1130 735 singulari
1149 672 1222 713 cura
1239 658 1423 732 protegeret.
1473 648 1550 719 Qua
1582 664 1583 733 ι

343 748 445 807 omnia
458 748 526 809 cum
544 748 776 810 clementissime
790 751 819 810 ei
838 749 905 810 Rex
925 750 1088 822 annuisset,
1103 758 1243 828 tanquam
1260 747 1365 808 mortis
1383 746 1552 807 immemor

342 842 447 904 letitia
460 845 541 905 visus
555 853 600 904 est
612 845 755 907 exultare.

386 939 462 1000 Post
474 951 601 1002 mortem
616 942 746 1003 cadaver
757 943 823 1024 ejus
837 942 963 1004 biduum
984 942 1082 1024 ipsum
1100 942 1268 1024 expositum
1281 950 1326 1001 est
1338 939 1449 1021 populi
1467 959 1553 1020 spec-

346 1038 456 1113 taculo,
466 1038 577 1100 dehinc
587 1039 620 1099 in
631 1039 796 1100 Sorbonam
807 1040 987 1121 depositum,
998 1060 1051 1099 cor
1063 1041 1133 1100 verb
1148 1037 1361 1100 Ricbelianum
1371 1039 1486 1097 urbem
1501 1057 1554 1095 suo

346 1136 468 1195 nomine
481 1137 592 1198 claram
611 1136 744 1198 delatum
762 1145 816 1198 est.
860 1136 1009 1198 Intestina
1028 1145 1127 1197 autem
1146 1136 1177 1196 in
1196 1134 1307 1217 templo
1328 1135 1362 1195 S.
1382 1133 1552 1194 Eustachii
1582 1134 1583 1137 ’

343 1233 498 1293 tumulata.

387 1330 529 1411 Superest
542 1342 576 1392 ut
588 1332 724 1393 ultimam
739 1331 804 1409 ejus
818 1330 1002 1391 voluntatem
1017 1330 1120 1410 paucis
1133 1327 1378 1410 complectamur.

385 1426 562 1507 Reliquerat
578 1437 646 1509 post
663 1438 791 1489 mortem
812 1448 896 1489 suam
916 1427 1065 1507 inparata
1083 1427 1213 1508 petuma
1225 1426 1380 1507 sexaginta
1392 1425 1551 1485 milliones

343 1523 488 1585 librarum
504 1524 702 1600 Gallicarum,
717 1545 792 1605 quas
805 1525 924 1586 francos
938 1546 1021 1586 more
1040 1525 1145 1606 patriae
1162 1522 1324 1604 appellant,
1341 1520 1399 1582 boc
1418 1542 1462 1581 sss
1479 1542 1550 1601 par.

345 1620 400 1681 tim
414 1642 451 1682 ex
465 1622 620 1683 beneficiis
640 1634 671 1684 et
686 1621 800 1697 officiis,
816 1624 926 1705 partim
945 1622 1065 1703 propria
1082 1621 1230 1681 industria
1244 1617 1417 1699 collegerat,
1434 1630 1550 1697 praeter

343 1730 437 1779 terras
453 1719 551 1801 Regia
565 1719 742 1781 liberalitate
756 1722 928 1802 acquisitas.
971 1721 1050 1783 Haeo
1069 1721 1210 1782 universa
1223 1720 1264 1779 ita
1277 1718 1443 1780 distribuit.
1492 1719 1549 1778 Le-

344 1816 429 1897 gavit
444 1816 542 1897 primb
563 1815 735 1876 Marcbioni
754 1819 792 1878 de
812 1816 1016 1897 Pontcourlay
1037 1818 1189 1877 Ducatum
1208 1814 1422 1875 Ricbelianum
1442 1826 1476 1876 et
1494 1816 1547 1875 ad-

344 1913 594 1973 ministrationem
609 1913 648 1973 de
663 1912 814 1996 Brovage,
830 1915 899 1975 dein
921 1914 1055 1975 Domino
1071 1915 1109 1974 de
1128 1914 1223 1975 Breze
1237 1911 1391 1971 Ducatum
1408 1910 1545 1972 Fronssc

345 2030 416 2070 eum
443 2022 564 2070 centum
592 2009 725 2071 millibus
752 2011 923 2080 francorum
951 2011 1044 2072 annui
1070 2010 1207 2071 redditus
1233 2017 1264 2068 et
1292 2008 1544 2088 gubernationem

346 2106 456 2167 Portus
471 2105 597 2167 Gratiae.
642 2105 796 2167 Praeterea
812 2108 953 2168 Dominae
968 2109 1005 2169 de
1027 2106 1185 2187 Esquillon
1204 2104 1421 2165 nobilissimam
1440 2124 1543 2165 arcem

347 2204 455 2265 Ruelle
469 2224 537 2264 cum
551 2203 771 2284 quinquaginta
781 2204 914 2265 millibus
929 2205 1099 2265 francorum
1115 2202 1208 2263 annui
1222 2201 1366 2262 redditus.
1408 2202 1462 2261 Ad
1477 2201 1543 2262 baec

347 2302 482 2362 Domino
500 2301 538 2363 de
557 2300 670 2361 Plessis
686 2300 811 2362 Chineae
832 2300 941 2383 viginti
962 2316 1171 2362 coronatorum
1192 2297 1288 2358 millia
1307 2300 1416 2360 annue.
1462 2299 1542 2382 Regi

346 2420 434 2479 porro
443 2419 562 2459 omnem
576 2418 660 2458 suam
675 2397 911 2479 suppellectilem
921 2406 1104 2478 argenteam,
1115 2414 1248 2466 auream,
1259 2413 1437 2475 gemmeam,
1450 2417 1541 2475 quam
1582 2421 1583 2456 ι

345 2497 386 2556 ad
402 2497 532 2556 ducenta
544 2513 703 2556 aureorum
716 2494 812 2554 millia
828 2495 917 2573 periti
938 2493 1131 2565 aestimarunt,
1148 2501 1255 2572 praeter
1265 2491 1431 2572 quingenta
1446 2493 1542 2553 millia

346 2602 563 2666 coronatorum,
584 2592 616 2650 in
633 2603 737 2672 parato
756 2610 824 2651 aere.
864 2590 1004 2670 Principi
1026 2589 1124 2670 Regio
1145 2607 1197 2649 seu
1216 2587 1370 2668 Delpbino
1383 2589 1539 2650 bibliotbe-
1582 2593 1583 2652 i

345 2710 413 2751 eam
431 2708 525 2758 suam,
545 2708 636 2768 quam
656 2687 877 2768 quinquaginta
897 2707 1055 2748 aureorum
1076 2685 1205 2745 millium
1226 2684 1360 2764 precium
1381 2687 1538 2746 excessisse
1582 2655 1583 2744 l

339 2786 536 2870 judicarunt;
558 2795 667 2867 praeter
683 2793 818 2865 sumptus
838 2803 891 2863 pro
913 2781 1048 2843 Sorbona
1067 2780 1257 2841 aedificanda.
1299 2780 1404 2842 Cuivis
1418 2783 1537 2842 tandem
1582 2833 1583 2862 ,

346 2883 436 2944 militi
453 2882 567 2963 proprii
584 2881 715 2962 corporis
734 2880 879 2941 custodiae
900 2880 1052 2960 deputato,
1070 2877 1220 2937 numerari
1235 2876 1331 2938 voluit
1346 2887 1467 2939 centum
1484 2881 1537 2940 du·

346 2980 460 3062 plones,
479 2979 590 3040 milites
606 2979 736 3058 denique
756 2977 811 3037 bos
833 2976 923 3058 Regii
943 2975 1097 3056 Principis
1113 2974 1256 3036 custodiae
1274 2975 1419 3035 attribuit.
1462 2977 1537 3037 Uni·

345 3097 431 3137 versa
457 3077 557 3156 legata
584 3075 762 3135 Ricbeliana
788 3082 916 3153 quatuor
938 3082 968 3133 et
992 3072 1153 3133 dimidium
1180 3071 1348 3132 milliorum
1374 3085 1536 3152 aequarunt
1582 3067 1583 3146 l

346 3174 460 3234 Omnia
472 3172 619 3233 beneficia
632 3191 686 3231 sua
699 3170 837 3231 vacantia
852 3168 973 3249 reliquit
987 3168 1175 3250 dispositioni
1190 3168 1307 3251 Regiae.

386 3270 462 3330 Mox
476 3270 513 3329 ab
526 3269 609 3329 obitu
620 3266 801 3340 cardinalis,
818 3265 883 3326 Rex
896 3265 1066 3326 Galliarum
1077 3265 1189 3326 litteras
1203 3264 1372 3346 encyclicas
1384 3267 1424 3327 ad
1438 3287 1533 3328 omnes

347 3366 449 3448 Regni
476 3365 638 3434 ministros,
661 3365 884 3445 gubernatores,
906 3372 1036 3438 senatus,
1059 3372 1088 3423 et
1113 3361 1280 3435 officiarios,
1303 3371 1364 3423 tam
1393 3363 1531 3444 politicos,

344 3464 436 3546 quam
457 3461 589 3535 bellicos,
610 3472 672 3522 tam
694 3461 783 3535 intra,
805 3479 895 3540 quam
920 3468 1002 3519 extra
1023 3479 1149 3542 regnum
1172 3459 1324 3540 degentes,
1347 3460 1532 3522 destinandas

343 3562 438 3630 dedit,
452 3579 554 3621 earum
567 3557 738 3638 exemplum
752 3557 801 3618 bic
815 3557 979 3618 subdimus.
