3225 4700
328 353 392 418 xxii
685 351 781 417 ·AD
818 349 1134 418 LECTOREM.

328 525 384 564 non
397 505 561 582 spectarit?
583 505 669 583 sorti
688 507 803 566 uolebas
820 528 886 566 eum
907 508 960 567 tibi
977 510 1128 570 dedicmi:
1157 510 1210 567 sed
1225 510 1351 568 nondum
1368 510 1404 568 de
1424 529 1470 567 nse
1490 509 1530 566 id

328 602 443 679 quidem
454 621 484 660 es
498 601 638 668 meritus,·
654 603 702 662 ubi
715 604 750 662 de
764 605 947 665 mirabilibus
960 617 990 665 et
1003 609 1021 665 d
1035 609 1177 666 mmmuni
1189 616 1295 685 tuoque
1303 626 1389 666 sensu
1402 607 1527 665 remotis

326 699 412 758 rebus
428 701 579 776 scripsero,
600 709 670 759 tunc
687 702 803 779 quidem
820 705 908 760 istum
928 713 1081 780 expectare
1095 723 1195 781 posses
1213 703 1358 772 honorent,
1370 722 1435 762 cum
1450 703 1530 779 quid

327 797 468 873 scripsero
481 799 560 875 quod
573 797 627 857 tibi
641 818 697 856 non
711 799 844 876 desipiet,
858 809 927 860 tunc
941 801 995 860 tibi
1003 821 1137 879 opperere
1146 803 1291 877 inteprum
1302 802 1368 859 erit.
1412 799 1482 874 Odi,
1495 804 1525 858 si

326 895 401 953 scire
410 895 464 965 uis,
478 903 538 951 tam
549 895 790 955 delicatosalieni
800 899 923 957 nominis
933 898 1142 969 observatores,
1152 899 1200 956 odi
1214 897 1409 956 Catonianum
1419 917 1522 973 super-

325 991 435 1063 cilium,
456 1011 565 1050 moroso
583 994 679 1051 omnia
698 998 803 1052 notans
821 992 971 1051 asterisco.
1016 991 1074 1049 Odi
1090 990 1277 1050 Aristarclsos
1293 990 1362 1048 illos
1375 992 1521 1066 perpetim

326 1089 358 1146 iu
371 1089 496 1146 aliorum
502 1089 596 1166 sacta
611 1089 721 1168 lynces,
734 1091 766 1147 in
780 1109 835 1147 sua
850 1089 957 1164 talpas.

371 1186 411 1244 Ye
425 1187 501 1257 verb,
517 1187 661 1244 Benevale
676 1187 790 1260 Lector,
800 1205 901 1262 pauca
916 1185 989 1257 volo,
1005 1192 1033 1242 te
1047 1185 1129 1242 enixi
1143 1184 1274 1260 postulo,
1287 1193 1322 1243 ut
1335 1184 1411 1242 bunc
1423 1204 1520 1242 meum

327 1281 455 1341 laborem
460 1284 556 1360 sacili
570 1285 711 1341 admittas
724 1282 820 1354 acula,
833 1283 859 1338 si
872 1301 936 1359 qua
949 1281 1040 1338 exilia
1052 1290 1122 1339 sunt
1134 1301 1198 1359 quc
1211 1282 1324 1357 scripsi,
1335 1301 1371 1338 ne
1383 1281 1439 1340 illa
1451 1301 1520 1339 con-

208 1367 211 1373 ’
325 1381 478 1438 temnenda
487 1389 584 1456 putes,
594 1401 701 1458 nvapna
711 1387 931 1449 amuesuotant,
941 1379 1055 1435 minuta
1065 1397 1161 1437 annes
1169 1380 1474 1456 pratereunt‚itafit,
1484 1388 1521 1437 ut

323 1477 442 1534 illorum
455 1496 528 1553 sape
542 1477 628 1535 nuella
636 1477 806 1553 posteritati
821 1476 1008 1552 relinquatur
1020 1477 1168 1546 memoria,
1183 1477 1280 1534 omnia
1293 1477 1396 1553 ipitur,
1410 1497 1521 1553 mapna

323 1582 354 1633 et
373 1593 481 1650 parua,
499 1574 643 1651 pronioris
665 1572 836 1650 leviorisque
858 1573 994 1631 momenti
1013 1574 1045 1630 in
1064 1572 1228 1631 codiculum
1247 1593 1340 1632 meum
1359 1574 1521 1650 reserenda

318 1671 436 1746 putavi,
454 1691 517 1748 qua
533 1670 648 1747 quidem
664 1671 711 1728 vel
728 1672 789 1747 ipse
802 1691 899 1729 coram
915 1671 986 1743 vidi,
1002 1670 1050 1728 uel
1068 1670 1264 1729 avidentibus
1280 1678 1311 1730 et
1325 1671 1521 1747 presentibus

323 1767 434 1826 audivi.

366 1865 452 1932 Quod
463 1864 490 1923 si
502 1864 587 1940 sorti
603 1863 656 1923 tibi
672 1865 827 1943 displiceat
843 1865 941 1943 stylus
957 1874 1066 1935 noster,
1080 1866 1192 1923 umeris
1210 1865 1296 1924 illurn
1312 1865 1471 1924 adolevisse
1487 1868 1520 1924 irs

323 1964 443 2038 campis,
452 1963 524 2040 quid
533 1963 638 2020 mirum
648 1964 712 2020 sise
722 1981 832 2021 comere
842 1964 1037 2039 nonpotuerit
1047 1965 1061 2020 l
1076 1963 1232 2021 educatum
1241 1983 1302 2022 esse
1310 1966 1389 2022 inter
1397 1964 1520 2036 milites,

322 2062 367 2120 nil
380 2081 483 2120 nouum
496 2062 522 2119 si
535 2061 681 2120 rudiorem
694 2059 831 2119 didicerit
840 2060 1050 2135 asperitatem:
1065 2060 1234 2136 formatum
1247 2079 1307 2118 esse
1321 2061 1363 2118 ad
1371 2081 1520 2119 aneorum

314 2157 492 2233 fistularum
498 2158 650 2235 frapores,
664 2157 776 2215 veniam
790 2157 892 2233 itaque
905 2165 1015 2232 sperat,
1029 2158 1056 2214 si
1070 2157 1136 2213 binc
1148 2155 1216 2214 inde
1229 2155 1435 2214 tumultuetur.

363 2253 396 2311 Si
404 2253 492 2330 porrb
501 2263 599 2330 petas,
613 2254 679 2331 quis
693 2253 764 2311 milri
776 2254 857 2313 istud
868 2253 1013 2312 scribendi
1025 2255 1193 2312 institutum
1209 2253 1353 2330 injecerit,
1367 2254 1474 2334 dicam,
1488 2263 1519 2312 et

322 2370 382 2409 rem
400 2352 491 2427 ipsam
510 2352 620 2410 sinceri
636 2352 802 2410 edisseram.
847 2352 1002 2411 Lucerunt
1018 2353 1095 2410 omni
1112 2360 1200 2410 atate
1215 2352 1293 2409 varii
1311 2352 1408 2410 uarios
1425 2360 1519 2410 marte

320 2447 462 2520 sublatos,
474 2469 567 2525 nuper
580 2448 702 2508 ecclesia
719 2449 890 2527 Greparium
905 2448 1002 2507 XIII.
1019 2450 1195 2526 Pontificem
1210 2448 1396 2507 Maximum:
1421 2448 1518 2525 Impe-

321 2546 396 2603 rium
409 2546 438 2604 F
438 2546 630 2604 erdiuandum
642 2545 661 2602 I
662 2546 689 2605 1.
701 2545 845 2603 Casuram
857 2565 969 2621 semper
979 2548 1143 2623 Aupustum
1153 2565 1163 2605 τ
1186 2544 1334 2621 Hispania
1344 2545 1520 2622 Pbilippurn

322 2642 388 2700 III.
407 2643 516 2721 Repem
534 2642 739 2701 Catbolicum:
765 2642 869 2700 Gallia
879 2642 1038 2718 Ioseplsum
1053 2641 1236 2717 Capueinum
1246 2641 1446 2700 consiliarium
1457 2662 1519 2699 ma·

320 2740 466 2805 nacbums
486 2740 630 2798 ermcitus
641 2738 803 2798 cotialious
819 2740 1080 2816 Pappenbeimium
1092 2748 1123 2797 et
1136 2739 1163 2796 Τ
1160 2739 1268 2816 pilium
1284 2748 1389 2798 nostra
1402 2739 1518 2797 militia

320 2836 469 2895 columnas
483 2846 513 2895 et
532 2836 619 2913 bujus
636 2836 690 2893 avi
704 2835 871 2913 Scipionem
891 2837 1035 2894 ecercitus
1048 2835 1233 2893 ademarius
1250 2836 1410 2894 Gustavum
1424 2836 1518 2894 Adol-

315 2934 407 3009 plsum
417 2934 574 2993 Succorum
585 2934 693 3011 Repem
703 2956 714 2999 ,·
734 2934 848 3011 mejam
858 2934 947 2991 etiam
957 2933 1082 2991 aliorum
1091 2932 1189 2991 dolore
1198 2933 1321 3004 tristem,
1330 2932 1518 2991 domesticum

320 3051 432 3109 quaque
439 3032 539 3109 sunus
551 3031 653 3105 optimi
670 3030 788 3089 Butleri
801 3032 857 3089 mei
872 3030 1011 3109 tanpebat
1018 3030 1190 3106 plurimum,
1202 3050 1324 3107 quocum
1334 3030 1518 3089 dulcissimos

319 3130 392 3201 dies,
406 3147 509 3207 eosque
519 3128 672 3204 plusculos
681 3129 712 3185 in
722 3128 799 3186 omni
809 3128 988 3205 confidentia
998 3147 1159 3204 caeperam,
1170 3129 1188 3185 d
1198 3148 1256 3205 quo
1265 3128 1432 3185 suavissimi
1442 3148 1518 3186 sem-

315 3246 371 3303 per
385 3236 524 3303 tanquam
530 3225 637 3302 frater
647 3224 775 3299 babitus,
788 3224 887 3283 cultus
896 3234 930 3283 ut
938 3234 1028 3302 pater
1034 3227 1178 3301 fuerams
1200 3226 1285 3302 cujus
1294 3233 1384 3283 tanta
1396 3224 1517 3283 benevo-

321 3324 417 3381 lentia
431 3344 495 3382 cum
505 3344 565 3399 par
579 3342 709 3382 essenon
718 3340 842 3398 possem,
857 3322 965 3379 nollem
980 3331 1076 3379 tamen
1089 3324 1223 3399 inpratus
1237 3322 1320 3392 mori,
1332 3322 1385 3381 lsac
1398 3324 1518 3381 tandem

320 3421 465 3478 succurrit
480 3422 587 3492 animo,
599 3428 632 3477 ut
644 3418 789 3495 preclara
803 3418 966 3495 ejussacta
979 3419 1084 3476 mundo
1097 3421 1230 3497 culpata,
1244 3421 1323 3478 inter
1336 3420 1464 3477 bomines
1479 3420 1517 3479 li-

321 3517 397 3576 bello
417 3518 570 3594 aperirem.
619 3518 749 3577 Viderem
767 3514 879 3593 quantd
899 3534 964 3575 cum
979 3515 1089 3574 invidid
1103 3517 1213 3575 multas
1228 3536 1302 3592 sape
1320 3518 1518 3592 expeditiones

319 3616 436 3692 optimis
457 3616 595 3693 auspiciis
608 3623 786 3691 susceperat,
800 3614 933 3671 videbam
954 3616 1017 3690 ejus
1029 3633 1132 3673 nomen
1145 3616 1207 3691 ipso
1220 3616 1318 3673 adbuc
1333 3616 1444 3674 vivente
1458 3616 1516 3673 ini-

319 3717 373 3790 que*
383 3712 562 3785 traductum,
569 3720 761 3788 postmortem
769 3712 898 3788 primim
907 3711 1049 3789 effulpere
1057 3712 1188 3770 clarius:
1202 3712 1333 3771 videbam
1341 3713 1515 3782 caristiam,
