3225 4700
483 367 894 438 ITINERARIUM.
1239 371 1282 437 23

87 527 200 586 narum
213 521 324 604 partim
337 522 440 607 gladio
460 521 569 604 partim
586 522 636 584 lue
656 522 901 604 dissipationem:
929 522 1027 584 omnis
1047 542 1185 606 campus3
1220 525 1282 606 qui

87 619 151 682 late
167 618 271 680 oculus
291 629 424 701 spectare
448 628 572 701 poterat,
595 619 753 680 frumentis
772 621 895 681 virebat.
938 620 994 680 Fst
1014 622 1176 702 caetemqui
1189 622 1280 685 etiam

88 715 242 778 Bohernia
266 715 343 797 ligni
369 715 463 792 ferax,
487 715 542 777 alit
562 715 692 778 ferarum
718 725 781 777 tam
806 716 996 798 sylvestrium
1018 718 1111 797 quam
1137 719 1280 781 domesti-

87 833 195 874 carum
217 822 248 873 et
264 812 393 893 piscium
411 833 529 893 quoque
547 812 732 874 indicibilem
751 814 959 893 quantitatem.
1002 813 1087 875 Hinc
1107 815 1184 878 bene
1201 817 1280 897 pasti

88 909 208 990 Egram
235 909 430 990 perreximus,
457 910 610 971 civitatem
632 930 692 971 nou
717 909 841 989 quidem
863 929 958 990 usque
980 911 1056 972 adeo
1076 921 1202 989 emtam,
1226 913 1280 975 sed

88 1005 210 1065 abunde
224 1005 381 1066 munitam.
423 1004 592 1066 Prandium
606 1006 786 1087 sumpsimus
801 1006 882 1086 apud
900 1005 1181 1069 Vrec-Colonellum
1197 1011 1278 1072 eoin

88 1099 227 1162 conclavi
249 1101 282 1161 in
303 1121 364 1182 quo
384 1109 486 1183 postea
498 1101 752 1164 Wallensteinicae
773 1102 951 1184 proditionis
968 1103 1139 1185 complices,
1158 1109 1280 1170 meritas

88 1196 303 1276 proditiorihus
316 1217 419 1278 poenas
429 1198 597 1259 miserandi
608 1207 702 1259 morte
720 1198 858 1274 luerunt3
887 1199 926 1260 de
939 1218 1000 1280 quo
1013 1221 1067 1261 sno
1081 1201 1157 1262 loco.
1200 1203 1278 1267 Inde

87 1293 263 1354 Omnacum
281 1294 428 1355 deductus
445 1315 521 1354 sum.
564 1294 620 1356 Fst
640 1314 711 1355 vero
730 1294 870 1357 Cronaeh
887 1296 1017 1358 munitio
1034 1297 1074 1358 ad
1094 1298 1278 1382 Episcopum

87 1389 346 1471 Bambergensem
367 1400 512 1471 spectum,
527 1411 589 1452 non
604 1399 665 1452 tam
683 1391 743 1452 situ
760 1390 830 1467 loci,
845 1391 937 1473 quim
954 1393 1088 1454 animost
1110 1395 1276 1457 incolarum

85 1485 267 1546 fortitudine
282 1485 407 1560 munita,
422 1487 475 1566 qui
491 1487 598 1548 iterum
619 1506 654 1548 ac
673 1487 782 1568 saepius
797 1488 918 1564 obsessi,
933 1488 1123 1571 iproecipuis
1138 1491 1276 1555 Suedica

84 1582 205 1643 militias
225 1580 373 1656 Ducibus,
392 1583 557 1666 expugnari
575 1602 730 1664 uunquam
750 1603 807 1645 nec
826 1584 916 1644 minis
931 1597 991 1646 'nec
1013 1586 1278 1666 pollicitationibus

84 1682 223 1758 potuere,
248 1679 440 1759 quantumvis
465 1679 528 1760 ipse
556 1679 630 1740 Dux
652 1679 817 1740 Wimarius
841 1678 984 1760 (quantus
1008 1681 1094 1743 miles
1120 1685 1189 1763 quis
1214 1704 1277 1746 non

83 1773 209 1856 noviti)
256 1775 367 1856 aliique
401 1774 505 1837 Duces
536 1776 642 1858 optimi
669 1794 736 1837 eam
762 1776 931 1857 potentibus
963 1778 1053 1836 armis
1090 1777 1275 1841 infestarent.

83 1871 210 1934 Gernnt
222 1871 291 1934 istic
304 1891 359 1954 pro
371 1872 469 1954 palliis
481 1873 621 1934 mulieres
634 1871 744 1933 lineam
758 1871 899 1953 penulam
912 1871 1073 1932 candidam
1085 1873 1169 1935 vario
1183 1873 1276 1937 limbo

84 1967 280 2042 illustratam,
307 1988 368 2049 qus
394 1970 507 2031 circum
539 1969 697 2031 humerum
723 1977 884 2048 utrumqne
911 1968 1029 2029 amicta
1061 1968 1277 2034 solennioribus

85 2063 231 2138 Paschae,
251 2064 453 2141 Pentecostes,
473 2063 592 2128 Natalis
611 2065 738 2127 Domini
755 2065 861 2126 diebus
878 2085 962 2126 sacro
979 2065 1068 2147 epulo
1083 2069 1273 2145 accumbunt,

84 2160 198 2240 majori
216 2159 279 2221 iere
298 2181 424 2222 numero
440 2163 531 2242 qubm
546 2155 714 2236 devotione,
728 2162 817 2244 pauci
835 2162 917 2223 enim
935 2162 1068 2224 debitam
1083 2162 1278 2227 Sacramento

84 2257 286 2318 reverentiam
308 2258 543 2341 religionemque
570 2267 721 2342 praestaut,
748 2268 782 2320 ut
803 2260 935 2340 primum
962 2259 1072 2320 etenim
1096 2281 1180 2322 sacro
1200 2265 1277 2343 pasti

83 2352 202 2416 ferculo
227 2354 362 2435 plerique
382 2356 493 2437 templo
514 2366 635 2431 exeunt,
658 2376 719 2416 nou
737 2376 823 2417 secus
838 2376 875 2417 ac
893 2356 918 2416 si
939 2356 1122 2438 prophanam
1143 2380 1276 2421 mensam

84 2450 281 2513 delibassent.
323 2450 491 2513 Praefectus
504 2453 581 2513 arcis
595 2472 664 2533 qnoe
677 2452 745 2513 urbi
758 2452 890 2513 finitima
902 2464 956 2527 est,
972 2452 1170 2534 aliquantum,
1185 2459 1276 2538 qutm

83 2547 158 2607 urbs
185 2547 342 2623 munitior,
369 2549 408 2610 ad
435 2549 595 2629 prandium
623 2570 676 2609 nos
703 2550 860 2610 accersivit
884 2559 915 2610 et
941 2549 1105 2611 honorifice
1131 2552 1222 2632 juxta
1246 2565 1278 2617 et

84 2642 261 2705 humaniter
279 2643 401 2721 hahuit3
431 2644 509 2705 iuter
527 2645 635 2725 poeula
649 2646 726 2705 varii
741 2646 779 2706 de
798 2647 887 2707 rebus
904 2646 1019 2707 bellicis
1040 2647 1191 2709 discursus
1208 2661 1278 2712 sunt

84 2738 193 2814 hahiti,
212 2740 293 2802 inter
311 2740 371 2802 alia
389 2742 429 2802 ad
449 2740 661 2803 Ecclesiastico
680 2741 827 2803 beneficia
844 2741 978 2803 devoluti
995 2764 1108 2820 sumus,
1130 2744 1277 2807 intellexi·

84 2856 213 2917 musque
233 2858 294 2897 non
312 2837 376 2898 sine
395 2838 602 2912 admiratione,
622 2838 768 2899 nonnulla
784 2838 933 2900 beneficia
952 2860 1016 2901 esse
1034 2859 1103 2919 quas
1116 2843 1276 2921 quotannis

84 2932 204 3007 decem,
224 2932 285 2994 imo
303 2934 414 3016 viginti
443 2934 651 3015 Imperialium
675 2936 771 2997 millia
794 2935 971 2997 beneficiato
997 2946 1146 3019 praestent.
1189 2937 1275 3000 Hinc

83 3028 192 3109 gratiis
213 3029 252 3089 de
270 3050 351 3091 more
370 3030 502 3091 Domino
523 3030 580 3091 loci
600 3031 697 3107 factis,
714 3032 912 3093 Neostsdium
931 3033 1140 3095 contendimus
1159 3035 1225 3111 iter,
1239 3057 1275 3099 ac

83 3124 178 3185 variis
192 3126 311 3206 oppidis
325 3128 456 3188 transitis
470 3127 600 3189 Fuldam
612 3129 734 3189 undem
748 3130 913 3211 attigimus.
954 3129 1070 3191 Civitas
1084 3131 1150 3193 haec
1163 3134 1277 3195 Abbati

84 3220 152 3303 (qni
170 3220 302 3283 Romani
321 3222 447 3303 Imperii
464 3233 508 3284 est
526 3223 687 3305 Princeps)
707 3226 854 3287 subditur.
896 3225 972 3288 Tota
986 3226 1039 3288 illa
1052 3227 1167 3289 circum
1180 3230 1277 3312 patris

83 3318 183 3379 multt
195 3320 385 3401 premebatur
394 3321 483 3396 fame,
494 3340 553 3382 nou
568 3321 713 3382 tantumis
727 3320 857 3384 militum
867 3324 950 3384 varie
960 3322 1163 3386 infestantium
1176 3325 1276 3388 hostili

83 3415 243 3495 amicoque
260 3414 383 3477 incursu
398 3425 523 3491 vastam,
546 3418 650 3478 sedet
671 3418 690 3479 h
712 3417 838 3501 gliribus
861 3420 1084 3501 campestribus,
1108 3424 1161 3503 qui
1182 3423 1277 3506 segeti

83 3531 196 3594 magno
214 3521 301 3573 erant
319 3512 520 3589 incommodo,
545 3513 791 3595 depopulabatur,
813 3515 866 3595 qui
882 3534 1025 3598 magnam
1050 3518 1192 3580 frumenti
1213 3519 1276 3581 vim

84 3608 286 3669 subterraneis
301 3608 448 3689 specubus
463 3611 518 3670 sub
539 3620 655 3691 tempus
673 3612 776 3673 messis
796 3623 1016 3695 congesserant,
1033 3633 1094 3695 quo
1109 3615 1223 3675 victum
1243 3613 1275 3674 in

84 3704 218 3767 futuram
239 3703 382 3785 hyemem
395 3707 556 3787 parabant;
576 3706 681 3769 rmtici
700 3708 810 3788 saepius
822 3716 932 3770 terram
946 3708 1129 3787 effodientes,
1144 3710 1276 3792 integros
