3225 4700
499 341 524 409 1
530 341 814 410 TINERARI
820 340 906 409 ΗΜ.
1096 351 1099 354 ’
1221 343 1285 410 279

89 493 220 558 aliunde
232 494 285 558 ubi
297 517 359 558 non
371 506 564 560 consueverat
576 498 699 562 traxisse
713 497 891 560 Barbariem
910 502 1044 578 potersts
1069 496 1188 560 secedit
1202 497 1285 578 quod

89 597 229 674 tempore
243 593 276 656 S.
292 593 452 669 Bernanli,
471 593 681 678 legonienses,
697 593 931 665 Mammenses,
951 599 982 653 et
999 592 1187 656 Oouaoenses
1203 615 1283 672 suos,

89 687 208 775 quique
220 689 362 770 proesules
374 688 516 752 habereut
529 690 547 752 d
561 690 669 770 quibus
681 689 924 771 gubernabantur
937 688 970 749 iu
983 689 1196 770 spiritualibus.
1219 692 1284 754 Ite-

90 801 156 863 que
168 784 194 846 si
207 785 332 848 traxisse
345 785 495 848 diceretur
508 786 540 847 S.
556 785 724 847 Malachias
738 785 925 859 Barbariem,
937 803 998 844 non
1010 783 1028 845 d
1038 784 1153 847 remota
1163 785 1284 866 Hyber·

88 878 146 940 nii
167 899 234 961 quae
250 881 348 963 ipsum
365 901 426 944 nou
444 882 596 965 tangebat,
613 889 643 942 et
659 901 729 942 oum
747 900 807 962 qua
825 879 890 961 ipse
906 898 1013 960 parum
1032 881 1140 962 agebat
1158 884 1284 944 traxisse

89 975 157 1036 diei
175 985 298 1056 poterat,
312 977 365 1040 sed
376 978 415 1040 ab
428 977 465 1039 iis
477 977 577 1059 potius
590 977 668 1039 inter
680 996 754 1058 quos
767 983 971 1038 consueverat.

137 1071 210 1133 Nou
223 1071 342 1134 infiteor
354 1071 555 1154 (nequeenim
565 1073 640 1134 adeo
651 1093 755 1155 expers
763 1068 983 1151 historioesum)
992 1071 1072 1150 quod
1081 1071 1202 1134 Solinus
1212 1073 1282 1135 Lib.

89 1161 133 1224 de
153 1163 344 1226 Mirabilibus
361 1163 475 1226 Mundi
486 1173 579 1227 τοίω
594 1165 800 1246 Hybernioam
821 1164 972 1227 nationem
989 1165 1036 1226 bis
1052 1166 1151 1228 verbis
1168 1167 1282 1230 deseri·

89 1259 164 1338 bat;
187 1267 209 1300 ‘⁶
219 1261 303 1324 Gens
316 1262 369 1324 illa
380 1259 524 1342 (loquitar
534 1269 634 1324 autem
647 1261 685 1324 de
699 1259 842 1343 hybernis
854 1260 1060 1343 sylvestribus)
1068 1269 1098 1323 et
1106 1260 1210 1324 babitu
1219 1263 1280 1325 sin·

91 1359 117 1394 ‘⁶
128 1355 242 1439 gularis
254 1366 284 1419 et
296 1357 420 1430 insulta,
433 1357 516 1418 viotu
523 1377 623 1439 paros,
638 1357 739 1419 animo
751 1377 842 1432 saeva,
854 1357 941 1420 vultu
949 1357 1032 1420 ferox
1042 1365 1073 1419 et
1080 1367 1177 1434 torva,
1187 1356 1279 1421 affatu

89 1457 114 1490 “
123 1471 237 1534 aspere,
251 1471 323 1536 erga
335 1473 403 1514 suos
415 1460 515 1514 tamen
529 1453 659 1516 liberalis
671 1461 702 1516 et
712 1452 840 1515 affabilis
853 1473 889 1515 ao
897 1453 1038 1535 benigna,
1046 1453 1214 1516 etmaximd
1226 1452 1280 1515 ilia

91 1553 117 1586 “
127 1567 202 1629 gens
215 1569 282 1631 quae
291 1567 447 1610 nemorosa
459 1556 489 1610 et
498 1547 621 1629 paludes
632 1547 821 1611 inhabitatae
831 1557 976 1625 montom
993 1548 1059 1612 bueo
1066 1549 1216 1625 oamibus,
1226 1570 1280 1631 po-

92 1645 116 1678 “
127 1642 195 1718 mis,
207 1647 269 1704 &ee
289 1641 413 1721 aliisque
422 1641 565 1706 fructibus
574 1665 628 1727 pro
638 1665 701 1720 esu,
709 1654 740 1707 et
749 1645 827 1706 laete
834 1665 889 1727 pro
898 1654 969 1726 potu
977 1653 1022 1705 est
1031 1653 1185 1722 mutents3
1204 1665 1282 1727 gens

91 1740 115 1774 “
125 1737 230 1800 dedita
240 1738 320 1800 ludis
330 1749 361 1802 et
369 1740 575 1802 venationibus
585 1741 653 1821 plus
662 1760 753 1822 quam
762 1739 858 1801 labori
866 1745 913 1800 &o
923 1743 951 1799 :'’
970 1747 1138 1801 nontamen
1148 1740 1279 1803 detrahit

89 1832 161 1896 ideo
173 1834 338 1915 quidquam
351 1836 503 1898 sententies
517 1836 550 1897 S.
566 1836 736 1898 Bembardi
752 1837 805 1917 qui
820 1837 853 1898 S.
868 1833 1051 1896 Malaohiam
1065 1835 1143 1896 inter
1156 1834 1278 1898 Ultoni-

91 1949 179 1992 enses
192 1930 351 2005 Barbaros,
364 1930 479 1992 nullam
506 1931 682 1994 Barbariem
695 1931 820 1994 maxime
835 1930 950 1994 asserit.
991 1929 1026 1992 Si
1041 1929 1156 1990 nullam
1174 1932 1276 2007 traxit,

88 2025 207 2087 nabere
230 2025 337 2088 saltem
356 2036 483 2109 poteret,
503 2045 576 2108 ergo
595 2025 788 2090 Ultonienses
808 2025 984 2088 Barbariem
1009 2025 1177 2086 habuerunt
1201 2032 1278 2088 tune

90 2121 242 2202 temporis,
256 2130 286 2184 et
303 2121 361 2204 ipsi
376 2122 504 2183 Barbari
522 2121 652 2184 fuerunt.
690 2123 849 2192 Quomodo
866 2123 947 2184 enim
966 2122 1039 2182 elias
1057 2119 1090 2182 S.
1108 2118 1278 2182 Malachiae

88 2216 207 2278 mahero
220 2225 335 2299 poterat
348 2218 534 2294 Barbariem‚
548 2219 574 2280 si
589 2218 715 2280 Ultonis
727 2219 809 2280 oulta
821 2227 851 2280 et
862 2218 961 2280 oivilis
972 2217 1085 2279 fuisset.
1116 2215 1278 2288 Quomodo

86 2319 164 2375 testa
176 2314 290 2377 munda
303 2314 458 2397 mephitim
471 2313 580 2376 elosees
591 2313 644 2397 (sit
656 2314 745 2378 venia
757 2315 868 2391 verbis)
881 2312 989 2387 trahet,
1002 2313 1090 2394 iqua
1099 2311 1278 2395 longissimo

88 2409 173 2471 abest
186 2408 354 2473 intervallo.
395 2411 490 2474 Reate
501 2432 550 2473 me
562 2410 763 2493 philosophari
783 2412 876 2486 dices,
892 2412 919 2473 si
936 2430 1059 2493 arguam
1079 2408 1156 2471 illud
1174 2410 1278 2473 minus

89 2502 188 2565 calere
201 2506 283 2585 quod
295 2506 314 2567 d
327 2506 423 2568 calore
438 2528 489 2569 seu
506 2508 625 2590 objecto
642 2506 833 2571 oalefaotibili
850 2515 895 2568 est
912 2506 1065 2579 remotius,
1083 2504 1160 2568 illud
1177 2506 1275 2588 magis

86 2600 170 2679 quod
183 2600 387 2682 propinquius.
409 2602 460 2664 Sie
474 2622 591 2684 quoque
605 2602 650 2665 illi
662 2603 715 2685 qui
725 2610 794 2664 sunt
803 2604 842 2664 ab
854 2622 908 2664 usu
917 2602 1082 2664 litterarum
1091 2603 1275 2678 remotiores,

88 2704 119 2756 et
142 2694 263 2778 longius
279 2697 318 2758 ab
337 2698 511 2759 academiis
531 2698 638 2773 dissiti,
658 2698 759 2759 miuus
778 2698 867 2779 periti
889 2706 968 2770 suut,
988 2697 1146 2779 minum
1166 2698 1274 2779 politi:

88 2810 170 2852 nuno
190 2800 290 2853 autem
310 2802 424 2855 constet
444 2793 600 2856 Ultoaiam
622 2794 723 2876 Regni
744 2794 906 2875 Hybernia
925 2802 1041 2875 partem
1060 2814 1122 2856 esse
1140 2794 1277 2856 remotis·

87 2887 204 2963 simam,
219 2897 249 2950 et
262 2888 281 2949 d
294 2887 404 2951 scholis
420 2890 565 2970 bonisque
583 2890 688 2952 litteris
707 2890 836 2952 maxime
853 2890 988 2952 dissitam
1004 2894 1061 2965 (est
1077 2890 1158 2952 euim
1175 2890 1276 2971 magis

85 2983 280 3067 aquilonaris)
292 2986 425 3066 sequitur
437 3006 520 3068 ergo,
533 3006 582 3048 eos
596 2986 659 3048 illio
673 2995 890 3048 commorantes
906 2987 1102 3069 imperitiores
1119 3004 1194 3058 esse,
1210 2984 1274 3046 uisi

86 3078 157 3139 alibi
170 3079 329 3160 suppleant
340 3080 503 3143 desectum.

134 3174 338 3251 Ultonienses,
358 3176 417 3239 nisi
437 3178 468 3238 iu
488 3176 655 3239 vestrismet
671 3134 828 3239 annalibus
846 3176 978 3260 hospites
996 3177 1060 3239 sitis
1079 3176 1271 3259 antiquorum

89 3271 311 3333 Ultoniensium
325 3273 501 3335 Barbariem
515 3272 646 3335 nolentes
659 3273 790 3336 volentes
803 3294 963 3356 agnoscere
975 3284 1006 3335 et
1017 3273 1103 3335 fateri
1111 3272 1271 3335 debebitis.

88 3368 159 3429 Nou
176 3376 221 3429 est
237 3368 345 3430 vitium
364 3370 447 3450 quod
465 3370 540 3431 adeo
556 3368 659 3431 efferat
675 3368 827 3431 hominem
844 3390 880 3431 ao
899 3370 1055 3431 immunda
1072 3369 1188 3444 Venus,
1205 3370 1271 3433 baeo

84 3464 180 3525 brutis
192 3464 353 3526 assimilat:
373 3486 491 3547 quoque
505 3465 593 3526 homo
607 3466 647 3527 ad
655 3464 822 3546 voluptates
834 3465 932 3526 earnis
945 3465 1061 3528 aooedit
1069 3466 1202 3547 propius,
1213 3466 1272 3527 hoo

84 3558 225 3639 sylvesoit
244 3560 305 3623 imo
325 3562 468 3623 brutescit
487 3562 602 3644 magis:
629 3581 719 3642 quam
738 3582 811 3622 vero
830 3560 1022 3622 Ultonienses
1040 3562 1069 3622 ei
1085 3561 1159 3623 vitio
1176 3560 1274 3622 dediti

83 3656 204 3733 fuerint,
219 3656 314 3734 Deus,
323 3658 508 3741 justissimus
520 3656 665 3723 soolerum
676 3656 757 3720 ultor
768 3656 934 3739 posteritati
943 3657 1081 3720 evidente
1090 3656 1180 3739 siguo
1188 3675 1272 3718 oom-
