3225 4700
480 349 886 418 ITINERARIUM.

79 501 153 564 culo
164 499 261 564 ierroo
273 502 425 583 dependet
435 502 556 579 tubalia,
572 523 641 566 oum
654 503 711 566 hdo
724 503 898 587 epigraphe,

287 633 331 692 Ni
334 633 440 711 sallat
444 635 563 713 sutum,
578 633 668 708 Scoti,
682 655 852 715 quocunque
866 635 1003 709 locutum,
1018 636 1068 709 &a

81 759 182 832 Quam
196 759 357 844 Fergutius
370 762 485 843 primus
500 763 609 825 Scotiae
628 765 695 826 Rex
708 784 745 826 ex
764 763 886 826 Iberniia
903 764 936 825 iu
956 764 1087 826 Scotiam
1104 762 1267 839 transtulit,

80 855 151 917 hino
165 868 233 937 post
246 857 370 919 modum
384 859 416 920 in
430 858 574 941 Angliam
588 860 688 922 abiate
700 869 754 922 est.
796 860 898 942 Prope
912 861 1028 922 dictum
1044 858 1170 922 chorum
1185 859 1269 920 loeus

79 962 233 1034 spectatur
250 954 357 1035 inquo
374 955 495 1036 Regum
509 957 610 1016 icones
623 956 666 1016 ita
683 957 723 1018 ad
736 957 841 1018 vivum
861 977 1006 1037 expressae
1024 964 1221 1030 reservantur,
1235 966 1270 1017 ut

79 1051 174 1130 prope
191 1051 305 1131 spirare
323 1051 355 1112 in
371 1050 454 1112 mntd
472 1051 573 1120 tabuit¹
589 1052 756 1116 videantur.
800 1053 913 1136 Regias
931 1053 1011 1114 aedes
1028 1051 1140 1134 templo
1152 1052 1269 1114 vicinas

79 1144 194 1206 Aulam
221 1145 392 1208 Candidum
412 1148 578 1222 nominant,
605 1149 657 1208 ubi
679 1159 752 1229 quot
772 1150 878 1211 diebus
900 1148 1071 1232 magnificae
1091 1159 1270 1210 extruuntur

78 1241 187 1322 epulae,
202 1242 242 1303 ad
256 1263 331 1324 quas
344 1241 494 1304 liberrime
508 1244 646 1305 omuibus
659 1246 848 1327 magnatibus
863 1256 925 1307 tum
943 1246 1051 1307 exteris
1065 1266 1155 1326 quam
1169 1244 1269 1325 inqui·

78 1335 149 1398 linis
172 1339 351 1400 accumbere
375 1338 524 1422 integrum
546 1351 600 1402 est.
642 1340 727 1402 Hiuo
750 1341 896 1402 Gravesin
918 1343 1060 1425 navigavi
1079 1341 1269 1422 exhibitaque

77 1433 253 1516 syngrapha
270 1433 337 1496 mei
356 1455 426 1496 mox
444 1437 483 1498 ad
498 1435 589 1498 aliam
604 1438 705 1498 navim
723 1438 838 1512 transii,
853 1439 903 1503 oui
920 1460 991 1501 oum
1009 1441 1175 1501 eontrarius
1192 1447 1270 1500 esset

77 1541 196 1606 ventus,
215 1550 276 1591 nou
295 1531 355 1591 uisi
375 1541 442 1612 post
464 1533 573 1614 viginti
591 1543 718 1614 quatuor
738 1533 801 1594 dias
822 1533 995 1618 Hamburgi
1013 1537 1126 1618 appuli.
1169 1535 1268 1597 Ham-

76 1627 174 1708 burgo
191 1637 295 1708 postea
313 1627 462 1689 Lubecum
480 1649 601 1690 cursum
621 1629 821 1711 navigationis
839 1630 1013 1706 direximus,
1034 1633 1188 1694 civitatem
1205 1653 1267 1694 nou

76 1722 177 1784 minus
192 1723 360 1806 elegantem
373 1744 463 1805 quam
477 1725 514 1785 ab
528 1725 610 1785 omni
627 1724 803 1786 munitionis
822 1745 931 1806 genere
949 1736 1053 1788 eontra
1070 1728 1192 1789 hostiles
1211 1729 1268 1789 im·

76 1828 164 1899 petus
176 1819 324 1880 munitam
338 1821 473 1901 marique
487 1820 628 1882 Balthioo
648 1820 801 1902 injectam,
817 1821 870 1882 ubi
882 1821 1025 1882 continua
1036 1832 1082 1883 est
1094 1822 1267 1885 abeuntium

77 1915 365 1997 adventantiumque
379 1915 568 2000 navigiorum
582 1915 768 1979 vicissitudo.

210 2243 302 2317 ,τ’
392 2306 394 2309 .
481 2229 759 2318 vri-
850 2249 1022 2313 i.

116 2304 137 2354 t
244 2246 321 2355 ient
462 2304 517 2379 sp
617 2276 696 2370 ὖ
744 2318 747 2323 >
836 2305 886 2381 sp

539 2630 731 2706 CAPUT
764 2632 809 2707 V.

380 2824 433 2897 De
448 2826 567 2895 Itinere
579 2852 644 2897 meo
662 2829 840 2898 Geduuium
852 2855 967 2899 uersus.

105 3047 150 3110 5
171 3091 174 3092 γ
189 3025 211 3096 ’,2
241 3023 265 3092 ’ζ’
283 3033 329 3096 Καὶ)
348 3026 382 3086 D
395 3026 491 3109 ripam
505 3026 603 3090 Maris
617 3027 750 3091 Balthioi
763 3030 837 3091 dum
852 3032 1044 3092 commodum
1062 3030 1186 3093 ulterius
1199 3053 1269 3114 pro-

103 3093 184 3212 ζῗζ(
249 3090 332 3215 ἦῆ)
368 3124 508 3187 movendi
520 3135 645 3206 expecto
658 3128 919 3207 opportunitatem,
935 3128 1005 3189 dum
1020 3126 1108 3189 facile
1125 3128 1269 3191 labuntur

101 3213 168 3249 '¹'
185 3249 217 3313 a·
272 3206 325 3289 21⁰1
368 3220 569 3283 hebdomades
599 3232 761 3304 autequam
790 3224 962 3285 Gedaniam
992 3222 1106 3287 solvere
1137 3245 1265 3307 possem.

94 3297 136 3404 55‘7
156 3357 167 3386 2
179 3323 210 3401 ⁸,
256 3311 269 3338 ⁴
301 3315 327 3380 ζ’
368 3316 540 3379 Cousoousd
552 3321 674 3382 tandem
690 3320 761 3381 nevi
778 3320 912 3381 adversis
922 3321 1021 3383 ventis
1038 3330 1069 3383 et
1086 3324 1268 3404 tempestatis

95 3413 148 3460 ἐκ
176 3403 236 3480 Ῠῑὶζ·
277 3401 330 3472 'ta'
369 3413 400 3473 vi
417 3414 500 3475 varie
514 3415 645 3496 jactatus
662 3436 740 3486 sum,
757 3418 811 3478 sed
827 3436 898 3478 eum
916 3418 1097 3499 procedendi
1114 3439 1174 3480 non
1193 3428 1269 3481 esset

79 3510 198 3584 modus,
218 3509 361 3572 meliorne
380 3509 462 3572 haud
483 3511 560 3573 eitra
579 3512 747 3593 perieulum
763 3514 856 3595 jueta
874 3522 954 3575 suut.
995 3514 1168 3597 Tempestas
1186 3517 1267 3577 enim

79 3626 158 3668 seva
177 3608 251 3689 ipsis
268 3604 380 3689 viginti
401 3616 528 3687 quatuor
546 3608 627 3670 horis
642 3630 697 3670 uos
717 3610 819 3671 dirum
835 3610 868 3670 in
885 3611 1009 3672 modum
1030 3612 1074 3672 ita
1093 3612 1267 3694 exagitavit,

80 3715 113 3766 ut
125 3703 281 3787 memet
298 3702 441 3785 praetorii
456 3706 627 3768 roseuandoe
639 3704 761 3769 fuerint.
803 3704 913 3768 Mitius
930 3719 1031 3769 nmen
1049 3708 1082 3768 in
1101 3728 1156 3768 uos
1175 3707 1268 3787 quum

677 3822 698 3860 a
