3225 4700
501 353 906 423 ITINERARIUM.
1227 364 1291 426 369

76 509 163 568 trioe
192 508 347 590 geminum
374 509 571 571 homicidium
595 532 649 592 per
672 532 823 573 summum
847 511 944 573 scelus
969 513 1133 576 admissum
1160 527 1224 592 est;
1257 538 1292 579 ac

77 607 230 685 primum
244 607 365 686 quidem
379 617 479 668 ortum
493 608 580 669 duxit
593 629 630 669 ex
644 608 727 683 rixis,
742 629 817 689 quas
828 629 902 689 puer
915 609 1037 690 quidam
1052 613 1147 674 movit
1161 614 1292 688 cellario,

78 703 145 782 qui
161 703 268 763 vinnm
284 724 338 784 pro
351 705 452 785 precio
465 707 629 784 promebat,
645 707 718 766 dnm
737 706 819 766 enim
833 706 882 767 hic
898 707 1056 787 pecuniam
1070 730 1123 790 pro
1138 713 1208 772 vino
1223 713 1291 773 dato

80 801 204 882 exigit,
220 801 295 862 alter
312 801 440 862 salutem
453 801 544 862 fuisse
559 803 672 877 asserit,
695 812 818 882 uterque
832 803 872 863 ad
886 803 1018 865 convitia
1034 805 1191 869 descendit
1208 820 1239 870 et
1256 831 1292 870 ex

79 896 168 958 hinc
183 898 223 957 ad
236 898 368 958 verbera.
412 898 454 958 Et
466 897 603 960 cellarius
616 899 738 979 quidem
751 899 797 959 ira
810 901 950 980 percitus,
968 911 1085 982 arrepto
1105 925 1193 985 quem
1209 906 1291 966 furor

82 993 268 1073 proximum
282 995 450 1056 obtrnserat
459 994 576 1070 malleo,
588 1005 650 1056 tam
660 995 762 1057 valido
772 996 802 1056 in
816 1006 906 1076 caput
919 997 981 1056 ictu
990 996 1089 1069 librat,
1104 1009 1136 1060 ut
1144 1001 1289 1080 juvenem

84 1091 189 1151 etiam
215 1113 296 1152 nnnc
318 1092 498 1172 loquentem,
523 1091 674 1174 elinguem
698 1091 813 1166 fecerit,
841 1101 872 1152 et
895 1093 1062 1154 exanimem
1086 1100 1288 1176 prostraverit.

86 1187 266 1249 Homicida
289 1210 360 1250 mox
378 1190 607 1271 comprehensus
628 1201 657 1251 et
680 1189 719 1250 ad
742 1188 894 1250 ulteriores
921 1210 1024 1271 poenas
1048 1195 1217 1256 carceribus
1242 1197 1289 1257 in-

87 1285 212 1346 clusus.

134 1383 278 1445 Alterum
292 1394 447 1446 noctumoe
463 1405 517 1465 per
535 1385 640 1444 urbem
657 1383 854 1466 grassationes
868 1395 899 1446 et
912 1395 996 1446 extra
1010 1386 1130 1447 domum
1149 1388 1289 1449 abnocta-

88 1479 202 1553 tiones,
214 1481 395 1561 praecipuam
411 1482 521 1541 dedere
534 1481 730 1541 occasionem.
767 1481 842 1542 Erat
850 1481 978 1543 Viennae
990 1482 1118 1544 famulus
1132 1485 1179 1565 cuj
1185 1487 1287 1546 usdam

88 1575 202 1636 Aulioi
216 1576 357 1646 Oaesarei,
371 1578 423 1656 qni
438 1578 522 1650 dnm,
535 1597 573 1636 an
587 1576 753 1638 dDomino
766 1577 874 1638 missus
887 1597 925 1638 an
941 1579 1020 1640 ultro
1033 1580 1192 1654 incertum,
1208 1603 1289 1644 corn·

89 1674 162 1754 pita
180 1675 309 1745 oberrat,
324 1674 432 1734 incidit
451 1673 525 1734 forte
541 1673 661 1734 fortuna
678 1675 710 1733 in
730 1674 950 1735 adolescentem
970 1677 1146 1749 studiosum,
1161 1678 1289 1740 similem

91 1771 154 1830 sibi
170 1770 442 1844 noctambulonem,
456 1770 516 1843 cui,
527 1780 561 1830 nt
573 1770 748 1850 plerumque
759 1770 837 1830 inter
849 1770 995 1847 ejusmodi
1007 1781 1105 1852 partes
1115 1773 1180 1834 fieri
1198 1785 1287 1850 amat,

92 1869 134 1928 ad
148 1867 216 1928 lites
228 1868 285 1928 sibi
300 1869 469 1942 intentatas,
483 1866 571 1927 facile
584 1867 643 1928 fuit
655 1887 840 1948 responsum,
855 1867 909 1928 sed
921 1865 1021 1926 forsan
1039 1869 1181 1948 asperius,
1195 1872 1290 1951 quod·

92 1985 155 2045 que
172 1975 321 2048 pungeret
339 1964 498 2034 famulum,
518 1964 570 2043 qni
592 1984 662 2023 cnm
681 1964 761 2046 aegrd
778 1964 938 2026 sustineret
954 1964 1042 2024 etiam
1059 1965 1123 2026 sine
1143 1967 1290 2048 sanguine

94 2062 207 2123 vulnus
220 2062 388 2137 innoxiam,
408 2061 542 2144 gladium
561 2060 669 2135 vibrat,
685 2081 845 2141 reposcens
863 2080 918 2142 pro
930 2061 1035 2144 jurgio
1053 2063 1240 2144 sanguinem,
1254 2085 1289 2126 ac

96 2160 219 2238 gemina
233 2159 362 2240 primdm
377 2159 466 2240 plaga
479 2159 614 2240 punctim
629 2158 711 2219 illata
727 2158 851 2232 sauciat,
867 2179 903 2219 ac
921 2180 991 2220 mox
1006 2160 1107 2221 caesim
1122 2161 1210 2221 tertia
1226 2171 1289 2223 stu-

96 2257 215 2316 diosum
234 2265 381 2317 cnrcntat.
424 2256 488 2316 Hic
510 2257 583 2316 dum
605 2255 682 2317 serio
702 2276 766 2316 rem
787 2255 838 2338 agi
853 2256 947 2332 videt,
963 2267 992 2318 et
1012 2278 1100 2338 porro
1114 2258 1224 2320 instare
1241 2259 1288 2320 sui

96 2373 312 2434 percussorem,
326 2354 366 2413 ad
379 2373 463 2413 arma
475 2373 594 2435 quoque
608 2373 672 2427 sua,
687 2373 753 2433 quta
766 2354 797 2413 in
812 2366 951 2434 promptu
962 2354 1085 2429 serebat,
1098 2376 1220 2417 manum
1234 2358 1288 2418 ad-

96 2461 208 2525 movet,
224 2450 285 2510 vim
301 2450 331 2509 vi
346 2450 527 2529 repulsurus,
539 2451 622 2530 quod
638 2451 711 2510 dum
719 2450 791 2511 facit
804 2450 888 2511 haud
902 2450 1075 2531 interposita
1084 2472 1168 2513 mora
1177 2452 1289 2534 triplici

97 2547 222 2608 vnlnere
234 2546 379 2607 famulum
398 2545 542 2622 confodit,
562 2556 592 2607 et
608 2547 710 2608 evitat.
754 2547 771 2605 I
789 2568 870 2608 nnnc
887 2558 918 2608 et
931 2548 1012 2608 disce
1026 2568 1093 2628 quae
1105 2570 1205 2609 secum
1219 2570 1290 2611 noc-

99 2654 195 2705 turne
210 2664 246 2704 ac
260 2644 477 2723 intempestivae
490 2663 544 2723 per
558 2644 661 2703 urbem
676 2644 875 2721 evagationes,
890 2643 985 2704 ferant
998 2644 1213 2706 emolumenta.

136 2741 205 2801 Nou
219 2762 282 2802 esse
302 2752 477 2822 perpetuum
493 2740 717 2801 firmamentum
740 2750 827 2801 terrae
841 2741 944 2801 docuit
960 2750 1067 2801 octava
1081 2742 1196 2821 Aprilis
1210 2743 1288 2804 Tau-

99 2838 198 2898 rinum
211 2838 328 2899 Montis
343 2838 458 2899 Ferrati
471 2838 589 2907 civitas,
603 2857 694 2917 quam
707 2838 761 2897 sub
774 2837 840 2917 ejus
854 2837 914 2898 diei
927 2858 1080 2919 vesperam
1095 2839 1289 2919 gravissimus

99 2947 185 2995 terrae
200 2945 297 2996 motus
311 2936 471 3008 concussit,
486 2936 529 2996 ita
542 2945 575 2994 ut
588 2934 698 2994 multas
714 2935 812 2995 subitd
827 2936 907 2996 edes
925 2944 954 2995 et
972 2955 1060 3016 supra
1076 2934 1158 2995 mille
1175 2936 1290 2997 foenilia

101 3033 222 3092 immani
239 3031 450 3115 indigenarum
467 3041 579 3093 terrore
600 3042 629 3092 et
642 3042 724 3091 metu
739 3032 888 3092 everterit.
932 3031 1057 3111 Peperit
1069 3030 1134 3092 haec
1148 3031 1204 3092 soli
1218 3054 1289 3093 con·

101 3130 194 3189 cassio
208 3129 291 3190 tauto
304 3130 449 3211 majorem
466 3128 749 3201 consternationem,
762 3128 876 3208 qnantd
891 3128 1056 3189 minoribus
1072 3128 1191 3189 indiciis
1209 3128 1288 3190 cladi

102 3226 239 3306 praelusit.

141 3322 205 3383 Nec
226 3322 415 3384 Iombardiae
429 3322 550 3386 firmum
570 3326 628 3387 fuit
647 3325 756 3399 solum,
770 3342 861 3403 quam
877 3321 1003 3383 eandem
1020 3322 1183 3384 sevissima
1201 3331 1287 3383 terre

101 3418 256 3499 trepidatio
270 3420 393 3492 invasit,
404 3441 441 3481 ex
454 3442 516 3502 qna
527 3422 666 3503 plurima
676 3424 755 3484 tedes
765 3421 914 3482 snbversae
927 3428 1008 3494 sunt,
1019 3429 1048 3480 et
1061 3419 1121 3480 alia
1135 3440 1194 3479 non
1209 3418 1288 3479 levia

102 3515 433 3578 damnasuccesserunt.
886 3532 890 3540 “

141 3612 221 3673 Illud
244 3634 363 3695 quoque
385 3614 553 3676 ominosum
576 3614 716 3677 Saxoniae
740 3614 809 3684 fuit,
833 3612 953 3693 quando
979 3616 1009 3673 in
1032 3611 1144 3693 templo
1169 3610 1288 3673 Sanctae

104 3708 205 3771 Crucis
219 3710 338 3776 Drestoe
357 3711 478 3793 siguum
494 3712 622 3774 militare
642 3711 783 3793 lugubre,
796 3710 880 3792 qnod
895 3709 1039 3771 Generali
1054 3708 1192 3770 Caesareo
1207 3709 1287 3768 Arn-

665 3813 682 3868 3
699 3829 718 3868 s
