3225 4700
633 336 751 396 100
1403 326 2226 397 ITINERARIUM.

624 491 885 544 nuerunt
921 482 1321 566 quadraginta
1361 494 1639 565 quatuor,
1679 493 1976 546 tormenta
2003 484 2221 545 bellica
2248 482 2481 564 majora
2518 478 2768 560 aliquot.
2855 478 3037 541 Visae

623 580 870 660 quidem
897 580 1183 642 dicuntur
1223 580 1500 644 Suedicae
1535 582 1763 663 aliquot
1796 602 1977 642 naves
2014 582 2079 641 in
2116 599 2465 641 succursum
2500 576 2814 638 destinatae
2841 576 3040 659 juxta

625 676 866 751 iisdum,
910 677 1018 737 sed
1059 697 1200 738 cum
1235 678 1526 759 impetum
1561 689 1896 739 nostrorum
1939 687 2064 738 tam
2098 677 2512 738 vehementem
2545 673 2853 747 viderunt,
2897 692 3037 732 non

625 782 764 834 sunt
799 792 958 835 ausae
993 774 1236 856 propius
1271 776 1576 850 accedere,
1609 776 1911 837 succensis
1947 774 2146 854 itaque
2182 774 2246 833 in
2290 770 2488 832 insula
2517 769 2753 832 levibus
2792 769 3041 850 aliquot

626 870 966 950 tuguriolis,
989 879 1474 933 retrocesserunt.
1548 872 1673 933 Sed
1698 881 1758 933 et
1776 871 1903 952 ipse
1933 870 2250 932 Generalis
2270 868 2539 930 Bannier
2558 866 2721 929 haud
2746 866 2862 927 sibi
2890 866 3039 927 Ste-

627 965 741 1025 tini
766 965 958 1027 fidens
987 966 1300 1028 Wolinum
1331 969 1498 1030 abiit.
1582 968 1737 1029 Mox
1763 969 1839 1028 ab
1866 969 2308 1049 expugnatione
2347 964 2667 1046 imperavit
2702 962 3035 1023 Florentiae

631 1060 803 1137 Dux,
841 1071 910 1124 ut
940 1063 1003 1123 in
1043 1064 1445 1144 provisionem
1475 1065 1658 1145 hujus
1690 1064 1829 1139 loci,
1870 1064 2249 1144 militumque
2288 1061 2795 1133 sustentationem,
2820 1060 3039 1120 omnia

626 1159 810 1219 totius
833 1159 1060 1220 Insulae
1079 1146 1295 1240 pecora
1315 1160 1697 1240 Wolgastum
1716 1161 2181 1235 adducerentur,
2201 1179 2272 1220 ac
2301 1160 2412 1219 rite
2431 1158 2707 1218 omnibus
2734 1156 3039 1230 ordinatis

627 1265 928 1318 tormenta
946 1275 1053 1316 sua
1079 1255 1296 1316 bellica
1314 1255 1510 1335 primo
1532 1256 1595 1316 in
1617 1266 1812 1317 castra
1830 1257 2040 1319 reduci
2067 1258 2322 1333 curavit,
2345 1256 2487 1317 inde
2505 1274 2649 1316 vero
2670 1252 3039 1325 Daminum,

630 1353 707 1413 de
735 1373 856 1433 quo
882 1352 1215 1413 obsidendo
1242 1372 1400 1414 nova
1424 1352 1622 1416 indies
1646 1353 1897 1415 consilia
1921 1354 2322 1437 agitabantur,
2350 1353 2650 1435 profectus
2675 1359 2784 1412 est.

1649 1693 1664 1694 ff
1779 1642 1841 1728 ².
2092 1641 2249 1748 ,τῲ
2523 1613 2672 1722 πῖτ*

1419 1969 1802 2046 CAPUT
1875 1969 2244 2046 XXVII.

1565 2150 1670 2216 De
1706 2149 2106 2217 Pomeranic‘i.

816 2331 828 2339 '
917 2327 932 2399 ,⁷
985 2411 993 2419 f
1052 2339 1073 2343 “
1151 2331 1276 2394 ΟΝ
1323 2331 1523 2393 minus
1576 2333 1905 2416 prudenter
1945 2330 2130 2414 quam
2181 2330 2435 2406 fortiter,
2482 2328 3045 2391 Excellentissimus

981 2459 993 2475 s
1109 2455 1129 2495 ·;
1193 2427 1492 2489 Dominus
1521 2427 1838 2489 Generalis
1864 2426 2083 2488 Comes
2108 2427 2184 2488 de
2214 2425 2423 2487 Gallas
2457 2445 2583 2485 rem
2611 2425 2891 2486 bellicam
2923 2424 3043 2484 hoc

977 2507 981 2511 ’
1010 2565 1013 2567 >
1045 2479 1133 2572 ’¹3
1189 2532 1456 2603 tempore
1509 2521 1984 2583 administrabat.
2095 2521 2280 2582 Enim
2333 2520 2475 2583 vero
2528 2541 2668 2580 cum
2724 2520 3047 2581 Generalis

778 2604 807 2696 ἵν
851 2588 949 2720 ἠὲ
982 2688 985 2689 ⁷
1053 2640 1121 2692 :ss
1192 2616 1462 2677 Bannier
1498 2625 1734 2696 putaret
1767 2615 2063 2698 frangere,
2100 2616 2198 2677 vel
2232 2619 2396 2677 certe
2431 2625 2500 2676 ut
2542 2615 2861 2676 minimum
2903 2616 3042 2676 fati-

676 2752 688 2768 .
880 2748 909 2764 --
947 2729 948 2732 ’
977 2722 981 2728 ‘
1025 2777 1028 2778 γ
1190 2734 1333 2796 gare
1368 2712 1663 2775 Caesarias
1692 2713 1895 2794 copias
1929 2733 2055 2774 sese
2091 2713 2452 2775 continendo
2483 2713 2639 2773 intra
2679 2711 3045 2773 arctissimos

640 2813 1017 2874 Pomeraniae
1053 2820 1306 2882 meatus,
1334 2808 1414 2869 ad
1447 2828 1618 2888 quos,
1652 2810 1895 2890 quoquo
1932 2830 1995 2871 se
2029 2819 2347 2886 verterent,
2385 2809 2630 2871 difficile
2666 2817 2792 2870 erat
2827 2810 3048 2870 nostris

638 2920 968 2990 penetrare,
996 2917 1132 2990 post
1156 2905 1376 2967 multas
1402 2905 1650 2986 quidem
1677 2906 1975 2968 molestias
2004 2907 2351 2981 exantlatas,
2375 2907 2437 2966 in
2466 2915 2769 2967 auctorem
2796 2906 3047 2966 tandem

639 3008 1007 3088 propositum
1028 3003 1286 3066 retorsit.
1338 3002 1671 3083 Postquam
1694 3003 1856 3064 enim
1877 3004 1956 3064 ad
1978 3003 2373 3066 Rostockium
2398 3003 2623 3064 fixisset
2648 3010 2845 3063 castra
2866 3002 3049 3062 militi

642 3113 846 3161 nostro
872 3101 1101 3182 aliquid
1135 3098 1352 3182 quietis
1384 3098 1657 3172 indulsit,
1684 3100 1889 3181 quoad
1925 3100 2291 3161 Banniricus
2321 3100 2616 3161 exercitus
2643 3099 2858 3173 lassus,
2900 3097 3049 3158 Sue-

644 3196 838 3256 tinum
866 3216 939 3257 ex
967 3196 1214 3258 latibulo
1242 3216 1348 3256 suo
1375 3195 1543 3268 exiit,
1572 3194 1796 3256 relictis
1820 3195 1983 3256 circa
2003 3196 2345 3278 Damgardt
2368 3206 2430 3258 et
2446 3195 2813 3277 Tripsesium
2844 3195 3047 3256 Uran-

641 3291 784 3371 gelii
812 3293 1020 3374 copiis,
1051 3312 1187 3373 quoe
1216 3292 1277 3352 in
1305 3291 1675 3354 Caesarianas
1711 3291 2132 3374 advigilarent,
2160 3313 2300 3354 cum
2336 3293 2465 3354 sine
2501 3292 2669 3353 mora
2692 3299 2932 3354 secutus
2960 3301 3051 3350 est

646 3387 976 3448 Gallassus.
1058 3387 1300 3448 Interea
1325 3387 1392 3448 S.
1423 3388 1702 3450 Caesarea
1732 3387 2023 3470 Majestas
2059 3390 2135 3450 de
2173 3389 2364 3451 milite
2401 3409 2510 3451 suo
2546 3389 2821 3463 sollicita,
2849 3407 2927 3448 ne
2965 3387 3041 3446 ob

645 3484 956 3545 continuas
978 3484 1356 3565 diutinasque
1377 3483 1766 3566 migrationes
1786 3483 2017 3565 aliquid
2046 3484 2313 3547 hocloco
2338 3486 2704 3548 incommodi
2724 3493 3043 3567 pateretur,

644 3600 783 3642 eum
811 3580 874 3639 in
900 3578 1168 3660 hyberna
1194 3580 1412 3640 ducere
1440 3580 1683 3660 cogitat,
1706 3580 1792 3640 nil
1823 3582 2049 3643 monita
2075 3583 2151 3644 de
2178 3583 2396 3644 nostris
2418 3593 2630 3644 contra
2652 3583 2879 3644 hostem
2904 3599 3040 3640 suc-

645 3676 944 3754 cessibus3
992 3677 1100 3739 sed
1138 3675 1349 3739 Galles
1385 3696 1526 3739 cum
1565 3676 1894 3740 Fortunam
1932 3678 2232 3743 faventem
2266 3680 2530 3759 haberet,
2568 3701 2641 3743 ea
2670 3680 2919 3744 ulterius
2952 3677 3045 3738 uti
