3225 4700
342 310 407 372 356
743 304 1144 373 ITINERARIUM.

345 460 558 522 Serenissimns
570 460 773 542 Letharingiae
784 459 858 521 Dux
870 460 997 522 Carolus
1007 459 1107 520 valide
1118 457 1264 519 incubuit.
1297 458 1449 517 Exeunte
1461 455 1559 536 igitur

345 560 486 636 Augusto
506 577 577 618 eum
598 557 692 638 copiis
711 559 773 618 suis
796 557 1010 639 profectionem
1034 556 1164 618 Mottam
1187 575 1288 615 versus
1308 552 1463 625 instituit,
1492 572 1560 611 cnm
1584 588 1585 593 κ

347 652 455 727 Gallis,
470 653 619 733 siqnidem
633 664 785 736 promptos
798 655 838 716 ad
854 674 937 715 arma
950 654 1101 735 reperiret,
1116 662 1322 736 pugnaturus3
1345 651 1385 712 de
1400 668 1476 729 qua
1492 669 1561 707 cnm
1584 646 1585 683 l

345 748 390 809 illi
409 750 550 811 certiores
562 761 661 811 essent
679 749 800 826 redditi,
817 748 913 811 soluta
926 749 1024 811 subito
1043 750 1198 811 obsidione
1217 748 1366 809 securiora
1380 746 1462 806 loca
1484 748 1562 826 peti-

346 854 445 905 erunt.

388 940 458 1001 Non
473 942 576 1003 deerat
586 952 657 1004 tunc
666 943 788 1024 quidem
801 944 991 1025 Lotharingis
1001 944 1119 1004 animus
1130 940 1327 1025 persequendi
1343 938 1560 1003 Hallierinm,

346 1048 428 1097 etex
442 1036 517 1119 fuga
530 1039 701 1101 retrahendi
710 1041 750 1101 ad
764 1061 907 1123 pugnam,
917 1041 985 1101 cum
999 1040 1069 1101 verb
1080 1040 1195 1119 equites
1208 1038 1343 1100 excitatis
1355 1048 1387 1099 et
1398 1036 1430 1097 in
1451 1034 1561 1117 plnres

347 1133 412 1193 dies
425 1136 605 1198 continuatis
615 1136 771 1199 itineribus
786 1137 854 1199 fessi
869 1138 1058 1217 desperarent
1069 1137 1185 1218 assequi
1199 1136 1374 1217 fugientem.
1391 1132 1559 1194 tantillum

347 1230 457 1309 quietis
469 1232 526 1292 sibi
540 1233 740 1308 indulserunt,
755 1244 785 1295 et
800 1254 871 1295 mox
887 1234 1086 1314 exploratores
1100 1234 1245 1295 miserunt
1258 1232 1311 1313 qni
1328 1246 1559 1313 cognoscerent

346 1328 385 1387 de
400 1326 560 1390 Gallorum
573 1330 643 1402 situ,
659 1339 689 1392 et
706 1352 832 1391 numero
847 1330 989 1406 militum,
1004 1330 1057 1411 qui
1078 1340 1112 1391 ut
1124 1330 1255 1412 primum
1274 1338 1355 1391 certa
1374 1329 1500 1389 nuncia
1519 1328 1558 1388 de

347 1423 487 1484 omnibns
509 1426 684 1498 retulerunt,
705 1427 823 1489 monuit
845 1425 1049 1509 Lotharingiae
1071 1426 1139 1487 Dux
1159 1446 1237 1501 suos,
1258 1435 1291 1487 ut
1310 1426 1350 1487 ad
1371 1426 1431 1486 iter
1453 1444 1557 1505 quan·

349 1518 461 1579 tumvis
475 1520 652 1603 intempesta
669 1534 767 1598 noete,
782 1533 814 1586 et
831 1522 908 1584 coelo
927 1522 1041 1605 pluvio,
1056 1523 1295 1603 prosequendum
1309 1542 1340 1583 se
1357 1522 1556 1602 expedirent,

348 1624 436 1694 atque
456 1617 589 1680 animose
606 1630 712 1681 contm
726 1620 842 1681 hostem
863 1618 1067 1701 procederent
1107 1618 1177 1680 Non
1193 1618 1281 1680 latuit
1299 1618 1352 1679 illo
1367 1616 1556 1679 acceleratio

350 1710 547 1790 Hallierium‚
560 1715 641 1777 unde
651 1738 689 1777 ex
698 1716 932 1778 alterafluminis
941 1716 1007 1797 ripa
1016 1727 1113 1778 eastra
1122 1726 1249 1778 metatus
1257 1725 1312 1785 est,
1321 1725 1351 1777 et
1362 1715 1402 1776 ad
1411 1733 1552 1795 pugnam

348 1828 379 1868 se
389 1808 546 1891 disposuit.
589 1812 766 1895 lotharingi
784 1811 905 1873 interim
919 1823 1128 1895 praeoccupato
1142 1812 1219 1873 vado
1237 1813 1396 1893 trajectum
1416 1808 1551 1869 molion-

348 1915 408 1981 tnr,
430 1918 461 1969 et
481 1921 586 1969 eontra
606 1907 719 1969 hostem
742 1909 839 1990 plenis
859 1908 1029 1991 agminibus
1049 1918 1180 1980 movent,
1201 1907 1422 1987 fortissimeque
1438 1926 1550 1987 aggre-

348 2003 484 2075 diuntur,
504 2006 579 2067 adeo
595 2016 629 2066 nt
646 2005 743 2085 prima
760 2005 860 2066 statim
880 2005 1084 2085 impressione,
1100 2004 1263 2084 equitatum
1282 2003 1442 2064 Gallorum
1456 2003 1549 2063 dissi·

348 2100 459 2180 parint,
487 2112 517 2163 et
545 2102 577 2161 in
600 2100 809 2163 effusissimam
837 2101 941 2184 iugem
966 2101 1174 2182 compulerint.
1220 2102 1269 2161 Ac
1297 2120 1366 2159 mox
1392 2102 1550 2161 renovatis

349 2198 457 2258 animis
470 2198 575 2259 eadem
589 2198 762 2260 fortitudine
784 2199 816 2258 in
832 2198 999 2280 peditatum
1018 2198 1147 2267 irruunt,
1160 2196 1215 2277 qni
1232 2196 1399 2257 exoneratis
1412 2195 1546 2277 simplici
1584 2188 1585 2257 l

348 2295 414 2357 vice
428 2294 547 2371 fistulis,
561 2314 645 2356 arma
657 2295 723 2357 sine
737 2315 821 2357 mora
837 2295 957 2376 abjecit,
972 2314 1007 2356 sc
1020 2313 1052 2355 se
1067 2294 1172 2376 paneis
1181 2292 1322 2374 exceptis,
1332 2292 1385 2374 qui
1395 2293 1547 2354 beneficio
1584 2306 1585 2319 ¹

348 2391 442 2472 sylvae
461 2392 534 2474 fuga
554 2394 646 2474 elapsi
667 2403 748 2467 sunt,
768 2413 832 2454 sese
850 2391 1013 2452 victoribus
1033 2391 1225 2452 dediderunt.
1267 2389 1399 2450 Obtentn
1418 2402 1490 2451 snut
1508 2412 1544 2451 ea

349 2489 537 2569 expeditione
550 2510 626 2570 pene
639 2489 741 2550 omnia
755 2487 914 2549 Gallorum
928 2487 1025 2570 signa,
1040 2497 1103 2548 tam
1116 2486 1264 2568 equestria
1276 2485 1366 2566 quam
1382 2487 1543 2566 pedestria,
1584 2539 1585 2544 ,

348 2583 412 2644 nna
431 2604 501 2644 eum
522 2584 844 2665 impedimentisque*
865 2583 969 2644 militis
988 2583 1101 2664 rapinas
1121 2583 1265 2665 permissa
1286 2593 1366 2644 sunt.
1408 2582 1544 2663 Reperta

348 2679 407 2741 fuit
420 2679 498 2741 inter
516 2701 563 2741 res
581 2680 655 2741 alias
669 2680 761 2740 fascia
778 2680 899 2743 eoerulei
919 2679 1027 2741 coloris
1047 2679 1151 2751 serica,
1172 2699 1210 2740 ex
1226 2698 1286 2758 qua
1300 2679 1451 2758 pendebat
1467 2701 1541 2740 crux

349 2774 1539 2858 aurea,ordinisetequitnmsanctiSpiritussymbolum,eamadMaresehallum

349 2874 449 2956 campi
463 2873 583 2936 Hallier
596 2884 742 2955 spectasse
756 2883 895 2934 constans
907 2873 988 2934 sama
1001 2872 1068 2942 tuit,
1082 2891 1173 2953 quam
1187 2892 1277 2932 uuam
1292 2891 1329 2932 ex
1343 2872 1428 2932 omni
1439 2874 1541 2953 praeda

351 2970 546 3033 serenissimo
558 2970 951 3033 DuciCaroloobtulernnt:
973 2969 1021 3029 cui
1030 2969 1195 3030 sufficiebat
1202 2968 1300 3050 gloria
1308 2979 1338 3031 et
1347 2979 1440 3030 strato
1449 2968 1539 3044 hoste,

350 3077 381 3128 et
394 3067 495 3129 Motta
507 3068 663 3130 obsidione
676 3069 794 3148 penitus
804 3079 952 3147 exempta.
