3225 4700
308 343 373 409 382
706 336 1106 407 ITINERARIUM.

309 494 425 555 biculas
443 504 474 556 ct
490 515 593 577 pagos,
614 494 803 556 Gersbacum
821 493 913 554 etiam
931 502 961 554 et
974 491 1193 554 Oberkircham
1211 511 1248 552 ac
1266 491 1364 572 ipsam
1378 489 1536 567 denique

312 592 432 653 Badam
453 591 601 654 Marchiae
616 591 807 673 metropolim
826 601 932 650 contra
945 589 1045 650 datam
1060 588 1153 650 fidem
1170 595 1201 648 et
1217 587 1332 648 salvam
1351 585 1535 667 quardiam

309 690 422 750 abactis
442 690 600 769 pecoribus
622 689 822 770 diripuerunt,
844 687 894 746 ubi
921 697 981 747 tam
1003 684 1217 747 ecclesiasticos
1238 683 1330 765 qudrn
1351 680 1533 744 saeculares

309 787 508 867 ignominiose
525 785 635 859 verbis,
649 784 882 864 verberibusque
900 783 1024 864 aliisque
1043 783 1139 844 modis
1153 781 1267 843 habitos
1277 780 1321 842 ita
1332 790 1531 848 tractarunt,

311 893 345 943 ut
358 882 491 943 calamus
505 884 634 943 scribere
648 874 864 962 perhorrescat.

352 979 423 1051 Quo
436 979 541 1040 eodem
555 979 617 1040 fere
636 989 769 1060 tempore
782 977 893 1038 Comes
907 978 946 1039 de
959 975 1094 1038 &usual
1111 975 1205 1059 Regis
1220 973 1331 1036 Galliae
1349 993 1526 1044 consensu,

311 1075 505 1137 Gubernator
520 1074 736 1158 Uberlinganoe
751 1075 832 1135 urbis
847 1095 906 1135 uon
922 1075 964 1135 ita
976 1074 1094 1155 pridem
1111 1073 1294 1154 interceptae,
1313 1081 1358 1133 cst
1369 1071 1524 1152 designa-

311 1185 379 1233 tus:
408 1172 459 1232 cui
476 1171 636 1253 assignata
652 1172 766 1233 centies
786 1171 869 1232 mille
887 1171 972 1232 librae
988 1190 1041 1232 seu
1058 1170 1154 1231 franci
1172 1169 1284 1232 Gallici
1305 1189 1360 1250 pro
1378 1167 1525 1229 conscri-

311 1268 417 1329 bendis
440 1269 615 1352 quingentis
637 1269 788 1349 equitibus
810 1279 839 1330 et
860 1267 1041 1350 octingentis
1066 1267 1228 1348 peditibus,
1252 1287 1288 1327 ac
1313 1263 1522 1347 expediendis

311 1387 363 1427 sex
384 1366 510 1426 navibus
529 1387 598 1447 quoe
620 1387 673 1447 per
692 1365 792 1427 lacum
815 1366 1023 1430 Acrouiauum
1048 1375 1152 1426 contra
1174 1363 1362 1425 adversarios
1382 1361 1524 1422 excuba-

312 1471 387 1524 rent.

353 1558 483 1620 Decimo
497 1579 578 1620 nono
595 1559 701 1621 Martii
721 1559 881 1621 Erlacbius
900 1580 970 1621 cum
989 1558 1119 1621 Gallicis
1135 1557 1280 1640 suppetiis
1299 1555 1426 1617 iusidias
1449 1553 1521 1615 Zel-

311 1655 443 1717 lensibus
456 1657 567 1736 posuit,
581 1677 619 1717 ex
638 1677 764 1738 quorum
785 1657 924 1740 prasidio
936 1677 1005 1717 curn
1025 1655 1177 1716 elicuisset
1193 1664 1313 1716 centum
1329 1651 1442 1734 viginti
1458 1653 1520 1712 cir-

312 1753 387 1814 citer
407 1754 532 1833 equites,
555 1754 670 1815 cinctos
687 1766 856 1836 opportuno
877 1754 943 1815 loco
961 1753 1070 1827 obruit,
1091 1753 1134 1813 ita
1151 1762 1184 1813 ut
1197 1753 1250 1813 vix
1268 1753 1373 1813 decem
1394 1751 1518 1812 cladem

312 1849 517 1911 renunciaturi
529 1848 699 1933 effugerint.
742 1850 804 1923 Qui
818 1851 900 1913 idem
916 1850 1101 1912 Iauffensem
1115 1870 1233 1932 passum
1245 1869 1314 1910 cum
1325 1848 1519 1910 nobilissima

312 1968 381 2008 arce
397 1946 568 2008 Stettenfels
582 1948 646 2008 sine
660 1968 783 2009 suorum
796 1948 943 2031 sauguine
958 1947 1085 2009 feliciter
1099 1947 1269 2028 occupavit.
1309 1945 1518 2028 Uberliugani

312 2063 432 2123 quoque
452 2043 556 2104 navim
573 2043 713 2105 ducentis
729 2044 874 2106 frumenti
894 2045 987 2105 modii
1008 2053 1162 2104 sonustam
1182 2063 1219 2104 ex
1235 2043 1412 2105 molendino
1427 2042 1517 2104 Golt-

312 2138 389 2200 bach
402 2150 576 2202 avexerunt.

355 2237 422 2297 Nec
437 2237 534 2298 multo
546 2245 612 2319 post
624 2237 717 2299 iidem
730 2237 943 2301 Pfuleudorfic
955 2237 1065 2321 viginti
1079 2257 1170 2318 equos
1184 2257 1252 2297 cum
1268 2257 1374 2318 pecore
1387 2237 1426 2298 ab
1440 2237 1516 2319 ipsis
1585 2249 1586 2254 ’

313 2334 432 2395 moeniis
448 2335 648 2397 abduxerunt.
692 2335 778 2396 Dum
791 2337 863 2397 verb
878 2336 1003 2397 redeunt
1021 2335 1051 2396 iu
1069 2345 1190 2396 centum
1204 2333 1410 2416 cataphractos
1427 2335 1514 2416 equi·
1585 2370 1586 2377 κ

314 2443 357 2493 tes
373 2443 404 2493 et
420 2434 459 2492 60
476 2431 595 2494 circiter
611 2433 788 2495 desultorios
809 2432 1024 2515 Miirsbnrgum
1044 2444 1235 2513 properantes
1253 2432 1454 2507 incurrerunt,
1476 2456 1513 2495 ac

314 2528 428 2609 impetu
443 2529 521 2589 facto
540 2530 667 2611 triginta
684 2532 899 2611 protriverunt,
916 2530 1117 2612 quadraginta
1136 2541 1289 2610 ceperunt,
1304 2550 1340 2590 ac
1358 2531 1512 2612 octoginta
1585 2526 1586 2601 ζ

314 2634 443 2707 quatuor
455 2644 546 2705 equos
558 2645 629 2687 cum
642 2627 725 2687 omui
741 2628 890 2688 instructu
903 2646 1003 2687 secum
1019 2626 1194 2688 retulerunt.
1585 2614 1586 2635 ³

358 2721 452 2782 Haud
473 2721 687 2784 infelicioribus
702 2723 841 2804 auspiciis
860 2724 900 2785 ad
921 2724 1172 2806 Ravenspurgum
1191 2724 1423 2786 Weimarienses
1441 2746 1508 2787 cum
1585 2772 1586 2813 ,

318 2818 403 2879 Boiis
417 2818 532 2880 velitati
545 2829 626 2892 sunt,
639 2819 672 2879 iu
690 2820 750 2899 qud
763 2820 953 2901 expeditione
972 2820 1058 2882 multi
1075 2820 1260 2881 Bavarorum
1275 2822 1366 2882 occisi
1380 2834 1458 2892 sunt,
1474 2844 1507 2883 ac
1585 2816 1586 2897 Ῑ

315 2917 378 2996 ipse
393 2914 548 2996 copiarum
567 2915 676 2977 ductor
690 2916 844 2979 Werthius
860 2918 1071 3000 gravissimum
1092 2919 1274 2999 captivitatis
1294 2928 1324 2980 et
1343 2922 1446 2982 mortis
1459 2942 1506 3003 pe·

316 3012 445 3073 riculum
460 3012 592 3085 adiisset,
608 3012 666 3073 nisi
680 3014 836 3075 confestim
851 3014 890 3076 ad
906 3015 1008 3075 urbem
1023 3014 1095 3097 fugi
1107 3014 1223 3097 elapsus
1236 3024 1322 3077 esset.

360 3107 430 3170 Hac
444 3108 509 3189 ipsi
520 3110 693 3171 velitatione
708 3109 866 3172 Generalis
878 3110 1046 3173 Praefeotus
1058 3112 1230 3194 vigiliarum
1248 3113 1394 3195 Meropus
1405 3136 1505 3176 secuu-

317 3207 389 3268 dum
402 3217 492 3287 caput
507 3205 644 3267 lethalem
656 3207 776 3290 plagam
789 3208 914 3289 accepit.
954 3209 1021 3269 Nec
1036 3210 1161 3271 adversa
1175 3232 1243 3293 pars
1257 3212 1344 3292 plane
1362 3212 1505 3274 indemnis
1585 3234 1586 3301 p

317 3303 384 3373 fuit,
398 3322 435 3363 cx
449 3302 506 3384 qui
522 3303 631 3365 Comes
645 3305 768 3385 quidam
783 3306 822 3366 de
839 3306 1035 3388 Witgenstein
1050 3308 1194 3369 occidisse
1208 3310 1390 3390 perhibetur.

360 3400 423 3463 Sub
437 3400 597 3460 dimidium
611 3400 635 3461 J
638 3400 692 3461 ulii
706 3400 865 3468 Generalis
882 3422 1034 3463 armorum
1048 3403 1235 3466 Gallicorum
1250 3406 1360 3469 Comes
1374 3408 1413 3469 de
1427 3407 1503 3469 Gue-

319 3496 415 3567 briau,
435 3494 599 3557 Rotwilam
617 3496 752 3558 obsidere
769 3498 904 3575 tentavit,
920 3519 955 3560 ac
970 3508 1052 3561 tauto
1071 3502 1185 3582 impetu
1202 3502 1325 3563 adortus
1343 3511 1398 3578 est,
1412 3515 1443 3565 ut
1457 3506 1502 3565 ob·

319 3592 390 3653 sessi
405 3594 485 3653 iutra
498 3612 591 3652 uuum
612 3592 692 3654 diem
711 3612 802 3676 supra
819 3594 963 3656 ducentos
983 3598 1174 3680 septuaginta
1189 3597 1303 3680 globos,
1319 3620 1356 3661 ex
1375 3601 1502 3660 maximis

321 3689 476 3751 tormentis
494 3689 609 3751 bellicis
628 3710 764 3753 excussos
782 3712 836 3771 per
855 3692 957 3753 urbem
977 3692 1162 3775 collegerint,
1177 3695 1285 3776 quibus
1305 3705 1402 3757 tamen
1418 3697 1501 3757 nihilo
