3225 4700
317 363 590 434 EPISTOLA
626 309 842 434 DEchn
854 363 1037 433 TORIA.
1245 387 1286 429 xv

102 475 109 500 l

81 517 180 579 estate
194 518 330 600 profecti,
346 520 377 580 in
392 521 521 582 eundem
536 519 713 594 incideritis,
728 521 974 591 reminiscamini,
988 541 1056 601 qum
1071 518 1246 582 calamitoso
1260 531 1288 580 et

84 616 332 698 sanguinolento,
353 617 515 678 tenerrime
534 626 632 677 vestra
651 627 723 678 aetus
743 629 879 678 assecuto
895 618 935 679 sit
954 629 1098 698 tempore·
1142 616 1241 688 Quem
1262 616 1288 675 si

87 732 196 774 sereno
209 713 295 775 vultu
307 714 493 795 exceperitis,
507 714 648 794 vobisque
664 726 780 797 gratum
791 735 857 776 esse
868 715 1051 786 intellexero,
1062 715 1162 774 omnia
1172 733 1289 773 summe

89 830 142 870 me
155 819 346 872 consecutum
360 811 480 892 pubsbo,
492 810 720 892 efficieminique
732 833 769 872 ne
780 831 839 891 qne
853 811 1027 872 difficultate
1038 810 1179 892 deinceps
1190 821 1290 869 nostre

89 908 212 969 fatiscet
224 909 383 980 industris,
395 909 421 968 si
433 908 581 969 laboribus
592 929 664 970 aura
675 920 779 970 voetrae
790 908 1006 969 benevolentiae
1016 907 1144 988 sspirere
1154 906 1289 986 eoeperit,

89 1005 125 1064 id
139 1005 219 1084 qnod
237 1005 383 1065 submisse
400 1013 506 1086 expeto
523 1014 554 1066 et
570 1026 632 1066 oro.
678 1005 778 1066 Deum
800 1005 917 1086 optim.
934 1004 1020 1064 Max.
1035 1003 1154 1064 interim
1172 1022 1287 1082 precor,

89 1111 128 1160 ut
140 1101 218 1161 inter
228 1099 319 1182 hujus
328 1101 400 1162 vitoe
411 1102 561 1183 ambages,
573 1113 662 1182 etque
675 1102 860 1162 atrocissime
873 1101 1014 1163 desolotae
1028 1101 1131 1182 pstriae
1146 1097 1288 1179 periculo,
1311 1152 1315 1158 .

90 1197 194 1257 felices
213 1217 250 1258 eo
269 1196 435 1258 incolumes
451 1198 505 1259 diu
524 1208 695 1258 conservet:
722 1197 905 1280 Mogontiae‚
927 1218 1006 1258 anno
1025 1206 1168 1277 reparotae
1187 1193 1289 1270 solutis

87 1296 331 1366 aeternae,1640,
350 1296 386 1353 14
400 1293 495 1356 colen.
512 1294 704 1377 Septembris,
1181 1292 1184 1295 ’
1291 1309 1296 1318 ·

336 1461 410 1518 Rev.
426 1460 534 1530 Perill.
549 1480 585 1519 ac
603 1459 725 1518 Genera.
743 1460 829 1518 Dom.
851 1459 928 1517 Vert-

567 1604 766 1666 Humillimus
780 1615 868 1684 etque
882 1599 1096 1684 paratissimus,

584 1767 606 1828 J
610 1764 829 1829 OHANNES
851 1761 1087 1824 BALTASAR
1108 1761 1275 1834 KUN'l'Z,

858 1907 943 1970 Civis
956 1917 987 1969 et
999 1907 1178 1990 Bibliopolas.
