3225 4700
327 329 370 398 44
712 327 737 396 I
743 327 804 398 Tr
811 325 1037 397 NERARI
1046 325 1132 394 ΗΜ.

327 479 359 542 in
373 449 490 556 rnblius,
503 487 727 563 statueruntque
735 481 960 563 jurati'omnes,
973 487 1069 541 morte
1080 477 1246 561 proditores
1264 475 1405 558 plectere·
1447 475 1527 559 Op*
1605 540 1606 559 ,

328 579 455 660 portune
468 588 568 639 sutem
581 578 690 640 occidit
697 587 732 639 ut
745 577 869 640 Baccho
881 586 954 638 tuuc
967 575 1075 638 fierent
1086 574 1221 635 solennia
1233 593 1344 636 annua.
1365 573 1526 636 Gordono
1605 566 1606 661 ζ

327 673 421 756 igitur
432 677 603 756 impositum
619 682 653 736 ut
671 674 830 737 Butlerum
845 675 885 736 ad
902 693 1017 734 caenam
1038 672 1188 732 invitaret
1230 670 1294 732 Hic
1311 671 1369 732 sibi
1384 679 1528 732 sumeret
1605 676 1606 697 ¹

329 770 487 832 Fridlandi
504 772 663 852 complices
683 779 714 832 et
733 770 916 852 proditiones
932 767 1123 829 Architeotos
1141 767 1257 847 Tersky
1270 777 1300 828 et
1313 767 1374 843 Ilo,
1387 766 1437 828 cui
1450 787 1524 826 uon
1605 758 1606 803 1

328 865 439 928 invitus
453 866 552 947 paruit
565 866 737 942 Gordouus,
756 875 787 926 et
807 865 966 926 Butlerum
979 864 1019 925 ad
1033 883 1149 924 ooenem
1163 863 1290 945 rogavit,
1303 864 1343 925 ad
1356 883 1448 944 quarn
1458 862 1524 923 iate

328 981 360 1024 se
374 963 542 1024 condixisse
559 963 753 1045 presentibus
769 971 842 1023 tuno
862 962 938 1024 forte
951 961 1154 1043 proditoribus
1171 958 1307 1032 asseruit,
1319 961 1373 1040 qui
1391 980 1423 1020 se
1439 979 1525 1040 quo·

329 1077 387 1138 que
405 1057 610 1120 convivatores
628 1058 707 1119 ultrb
728 1058 874 1131 obtulere,
894 1069 925 1120 et
942 1059 997 1118 sub
1016 1077 1169 1138 vesperam
1189 1055 1315 1135 Kinsky
1331 1066 1362 1116 et
1378 1055 1523 1135 equiturn

328 1154 483 1215 tribunum
495 1154 635 1236 Nyeman
649 1153 716 1234 (qui
730 1154 749 1215 d
762 1154 884 1214 secretis
893 1154 990 1215 fuerat
1002 1153 1034 1214 in
1048 1162 1110 1214 toto
1122 1152 1178 1214 boc
1188 1152 1367 1234 proditionis
1377 1150 1523 1234 negotio)

329 1250 391 1312 und
406 1271 508 1314 seeum
525 1252 715 1312 adduxerunt
737 1251 768 1309 in
783 1269 893 1325 arcem,
916 1270 1007 1330 quam
1027 1249 1176 1310 insidebat
1192 1269 1262 1308 cum
1282 1248 1352 1308 forti
1373 1249 1523 1329 praesidio

330 1347 445 1409 Gordo.
494 1347 668 1426 Antequam
688 1346 759 1407 verb
784 1347 824 1407 ad
844 1366 961 1408 coenum
982 1346 1189 1421 convenirent,
1210 1345 1348 1428 delegere
1370 1365 1407 1405 ex
1430 1344 1521 1407 fidis-

329 1444 413 1504 simis
433 1442 563 1504 militum
582 1443 734 1522 pauculos,
755 1462 829 1523 quos
849 1442 954 1523 glorius
975 1443 1071 1504 socios
1091 1463 1154 1504 esse
1178 1441 1335 1503 commode
1354 1462 1440 1524 posse
1458 1463 1520 1524 pu-

329 1539 441 1601 tabant.
484 1539 532 1598 Ex
546 1537 593 1599 bis
607 1538 664 1600 luit
678 1539 827 1600 Robertus
841 1539 1034 1610 Geraldiuus,
1048 1538 1161 1621 vigiliis
1174 1538 1331 1619 profectus
1346 1538 1379 1598 iu
1394 1538 1517 1621 legione

332 1633 509 1695 Butlerianb
531 1643 562 1696 et
582 1635 754 1696 Waltherus
776 1635 940 1696 Devaroux
957 1636 1119 1710 Tribunus,
1142 1636 1251 1716 quibus
1275 1636 1315 1695 ad
1340 1655 1439 1697 arcem
1460 1656 1517 1718 per

330 1730 478 1812 posticum
498 1731 586 1792 datus
603 1738 648 1792 est
665 1732 774 1806 editus,
793 1733 1041 1812 commissumque
1060 1743 1095 1793 ut
1115 1733 1171 1793 sub
1194 1731 1287 1794 finem
1305 1753 1399 1794 ooeuae
1420 1732 1518 1793 tricli-

331 1827 415 1886 nium
428 1826 555 1909 ingressi
565 1828 758 1890 confoderent
770 1849 845 1909 quos
859 1828 973 1890 Coesari
985 1827 1098 1891 infidos
1109 1828 1296 1909 reperissent.
1332 1829 1517 1890 Edmundus

331 1922 449 1984 Borcke
469 1923 651 2004 capitaneus
669 1945 739 1985 eum
757 1925 892 1986 centuriis
907 1926 1037 1987 militum
1049 1927 1151 2009 jussus
1169 1935 1215 1987 est
1229 1927 1311 1986 obire
1330 1927 1470 2006 compita,
1482 1935 1517 1988 et

329 2020 488 2101 providere
508 2020 612 2083 sedulb
635 2041 672 2082 ne
694 2020 755 2102 qut
774 2022 1005 2083 tumultuaretur
1022 2024 1054 2083 in
1076 2025 1160 2084 urbe.
1204 2021 1264 2082 His
1283 2023 1327 2082 its
1346 2023 1516 2083 constitutis

330 2115 408 2176 iuter
434 2116 562 2197 scyphos
585 2117 617 2176 in
639 2117 795 2178 sanitatem
815 2117 912 2179 Ducis
935 2118 1072 2180 Saxonis
1095 2128 1168 2180 tunc
1192 2139 1261 2180 cum
1285 2117 1404 2180 Caesere
1427 2118 1516 2180 dissi·

331 2216 431 2278 dentis
449 2217 639 2297 praebibitum
655 2226 709 2290 est,
722 2237 812 2297 quem
829 2215 966 2278 haustum
980 2218 1105 2278 miratus
1119 2215 1261 2278 Butlerus
1273 2215 1387 2288 abnuit,
1401 2234 1517 2295 negans

332 2313 414 2375 sein
434 2313 590 2376 sanitatem
611 2314 787 2375 hausturum
808 2314 930 2376 alterius
951 2334 1041 2396 quam
1064 2313 1203 2388 Coesaris,
1222 2313 1272 2375 cui
1288 2313 1379 2374 fldem
1395 2311 1518 2393 juratus

332 2410 506 2472 addixisset.
548 2412 652 2491 Atque
669 2410 726 2471 hoc
744 2412 834 2472 modo
850 2412 929 2472 inter
945 2412 1053 2492 pocula
1069 2431 1122 2473 ssu
1139 2412 1282 2472 convivas
1302 2410 1402 2491 potids
1416 2417 1518 2469 ortum

333 2516 377 2568 est
397 2506 565 2569 dissidium.
618 2506 738 2569 Interea
761 2507 835 2569 dicti
859 2509 921 2568 duo
943 2508 1046 2568 Duces
1068 2527 1122 2588 per
1144 2508 1264 2567 diversa
1288 2506 1364 2567 ostia
1382 2506 1518 2566 convivii

332 2604 432 2665 locum
456 2604 668 2686 ingrediuntur
688 2603 760 2664 hinc
785 2604 967 2665 Geruldinus
989 2624 1059 2665 oum
1078 2604 1150 2676 suis,
1168 2604 1239 2664 iude
1262 2603 1424 2663 Deveroux
1445 2622 1518 2663 cum

333 2700 405 2773 suis,
429 2700 541 2760 strictis
564 2700 714 2781 utrimque
738 2700 870 2774 ensibus,
891 2699 1107 2763 succlamantes
1127 2700 1210 2761 vivat
1234 2699 1442 2761 Ferdinandus
1466 2698 1516 2759 II.

332 2795 416 2857 vivat
436 2795 542 2856 domus
559 2796 693 2871 Austris,
708 2806 829 2877 quantus
849 2816 887 2857 ex
907 2796 1056 2879 insperati
1076 2796 1133 2857 bac
1154 2796 1366 2877 proditoribus,
1383 2815 1519 2856 eommo-

333 2892 424 2965 tioue,
443 2902 516 2952 ortoe
530 2892 590 2953 siut
603 2892 709 2965 turbes,
723 2892 812 2954 facile
829 2902 874 2955 est
886 2894 1028 2976 cogitare,
1040 2912 1111 2954 oum
1124 2892 1176 2953 alii
1188 2912 1321 2953 mensam
1337 2913 1407 2954 cum
1424 2892 1519 2953 bella-

334 2986 387 3047 riis
399 2988 580 3063 subvertere,
594 2988 646 3049 alii
658 2989 697 3049 cd
711 3008 794 3050 arma
805 2990 951 3071 prosilire,
964 2990 1016 3050 ulii
1029 2990 1174 3051 clamores
1186 2989 1275 3051 ciere.
1306 2989 1354 3050 Ilo
1368 2990 1412 3049 nil
1425 3010 1519 3051 cunc-

334 3083 459 3143 tandum
473 3092 565 3159 ratus,
576 3104 646 3145 oum
657 3084 795 3146 manibus
803 3085 921 3160 fideret,
932 3087 972 3147 ad
982 3105 1082 3147 ensem
1092 3107 1128 3147 ex
1138 3086 1239 3146 vicino
1247 3086 1333 3147 clavo
1341 3087 1518 3168 pendulum,

333 3178 458 3257 proruit,
473 3190 507 3240 ut
520 3198 552 3239 se
565 3190 727 3260 opponeret
741 3181 929 3256 adversariis,
943 3182 997 3243 sed
1014 3182 1141 3243 frustra:
1171 3182 1284 3264 inipso
1302 3194 1410 3243 conatu
1424 3182 1519 3243 situm

334 3292 405 3333 cum
418 3272 519 3354 gladio
529 3294 639 3355 ponere
652 3276 824 3357 compulsus
836 3287 890 3338 est.
923 3278 1002 3339 Inde
1015 3287 1119 3339 contra
1131 3278 1263 3358 Tertzky
1275 3289 1386 3350 actum,
1400 3278 1453 3358 qui
1464 3298 1518 3358 per

332 3369 553 3430 varisvuluera
568 3380 694 3432 mortem
711 3372 843 3449 admisit,
858 3372 995 3435 similiter
1010 3375 1118 3435 etalii.
1161 3375 1247 3436 Inter
1264 3374 1318 3435 bes
1336 3375 1437 3436 turbes
1448 3374 1517 3434 Tri-

332 3464 414 3525 buno
429 3465 592 3527 Deveroux
604 3466 677 3528 dum
691 3469 800 3549 passim
818 3470 919 3531 cresim
933 3471 1126 3552 punctimque
1142 3492 1206 3533 rem
1218 3480 1337 3534 strenue
1349 3472 1424 3554 agit,
1438 3472 1518 3532 ensis

334 3580 387 3642 per
399 3561 533 3623 medium
552 3572 666 3644 ruptus,
680 3576 792 3627 etcum
808 3577 912 3629 contra
924 3567 1186 3631 Wallensteinium
1198 3568 1298 3630 adbuc
1311 3569 1368 3629 sibi
1383 3568 1517 3629 eundum

334 3666 420 3734 esset,
433 3660 588 3726 commode
606 3661 717 3743 reperit
728 3660 833 3725 hastile
844 3664 961 3727 acutius
978 3665 1058 3745 quod
1071 3685 1125 3748 pro
1142 3664 1244 3748 gladio
1256 3664 1403 3741 deserens,
1417 3665 1449 3727 iu
1464 3666 1519 3727 do·
