3225 4700
324 313 387 378 266
716 307 1120 377 lTINERARlUM.

326 465 386 526 nisi
401 464 465 526 dux
482 463 610 525 nimium
627 475 734 525 centus
752 464 922 526 retraxisset
938 459 1191 546 indignabundus,
1208 461 1284 524 forte
1299 460 1375 542 quia
1389 460 1542 541 sperabat

327 560 391 621 iore
410 569 443 621 ut
462 559 542 622 ultro
559 560 744 622 deditionem
765 559 909 632 facerent,
930 561 1008 622 forta
1027 560 1101 640 qnia
1121 559 1241 620 uolebat
1259 568 1323 620 tam
1343 557 1487 619 nobilem
1508 567 1544 617 et

328 655 452 716 charum
471 673 593 717 suorum
613 656 744 718 militum
761 657 941 739 sangninem
962 657 1107 718 funderes
1140 656 1262 717 Interea
1280 663 1312 716 et
1328 655 1352 716 ii
1370 654 1425 734 qni
1448 653 1543 714 intra

326 751 438 814 sumnia
452 761 547 828 erunt,
560 771 652 833 seque
660 754 726 834 jam
739 754 779 814 ed
793 773 894 815 arcem
906 752 990 815 velut
1006 753 1147 814 ultimum
1163 751 1282 833 asylum
1298 750 1450 813 retrahere
1469 771 1541 812 cm·

327 857 445 932 perant,
459 849 521 910 imo
538 849 676 912 obtestati
694 851 814 912 iberant
825 851 926 912 virum
944 850 1128 932 religiosum,
1142 859 1174 910 ut
1189 869 1244 910 sun
1255 847 1433 910 auctoritate
1446 867 1543 908 com·

328 947 420 1008 moda
432 954 520 1028 pacta
539 947 621 1028 apud
639 946 813 1028 Hispanum
832 947 1015 1028 impetraret,
1034 945 1157 1028 ignavia
1173 945 1376 1006 obsidentium
1391 945 1460 1006 visa
1480 946 1543 1006 ob-

327 1049 502 1105 struxerunt
514 1051 606 1104 noctu
622 1044 705 1123 quod
717 1043 853 1104 interdiu·
869 1041 1031 1124 disjectum
1047 1041 1161 1113 iuerat;
1184 1051 1215 1103 et
1228 1041 1360 1103 Roseeui
1372 1043 1426 1123 qui
1439 1041 1541 1102 Prid-

328 1137 429 1222 bergoe
446 1139 488 1201 ad
505 1138 565 1200 buc
584 1139 792 1211 subsistebant,
811 1159 866 1220 pro
882 1138 1032 1200 solutione
1051 1139 1217 1201 obsidionis
1235 1139 1422 1201 advenerunt
1437 1139 1540 1218 usque

328 1236 437 1297 validis
453 1236 545 1298 armis
563 1255 655 1317 quam
671 1235 791 1311 animis,
807 1236 846 1297 sd
863 1255 993 1317 quornm
1012 1246 1208 1316 conspectum
1227 1235 1361 1316 Hispani
1375 1254 1444 1296 mox
1467 1234 1540 1295 col·

328 1331 422 1405 lectis,
439 1342 475 1395 nt
492 1341 628 1414 poterant
645 1331 754 1413 panico
768 1351 861 1414 prope
878 1340 962 1394 matu
979 1332 1154 1410 exanimati,
1174 1331 1265 1402 vasis,
1284 1329 1435 1392 curriculo
1454 1330 1539 1391 inde

328 1429 535 1510 profugerunt,
544 1427 655 1489 relictis
666 1439 733 1509 post
742 1447 774 1490 se
786 1427 925 1490 omnibus
935 1428 1091 1490 tormentis
1102 1427 1227 1499 bellicis,
1235 1428 1345 1509 quibus
1357 1427 1446 1510 paulo
1456 1437 1537 1490 unte

327 1525 439 1586 muenia
455 1533 675 1585 concusserunt
717 1523 795 1597 Qum
809 1524 932 1606 quidem
949 1525 1052 1586 omnia
1069 1545 1129 1585 nou
1145 1525 1210 1586 sine
1225 1524 1397 1606 turpissimo
1411 1525 1535 1606 probro

326 1621 358 1682 iu
372 1619 502 1681 bostium
520 1639 627 1680 manus
645 1619 846 1694 devenissent,
858 1621 918 1681 nisi
931 1621 1046 1702 equites
1060 1621 1238 1704 Mogentini
1250 1621 1366 1683 hostem
1380 1622 1537 1703 tantisper

327 1715 547 1792 sustinuissent,
562 1717 662 1796 quoad
680 1719 741 1779 dno
759 1738 797 1780 ex
815 1717 875 1779 illis
893 1717 953 1779 ulio
971 1718 1160 1780 intutiorem
1178 1717 1279 1779 locum
1293 1717 1382 1778 avehi
1394 1727 1533 1799 posent.

331 1813 416 1874 Hinc
433 1822 468 1874 ut
485 1814 636 1876 creverint
651 1814 744 1876 animi
762 1813 898 1876 hostibus
911 1834 1040 1896 pronum
1055 1825 1101 1877 est
1115 1814 1212 1876 cuiuis
1225 1812 1366 1895 prudenti
1373 1813 1532 1895 judicare,

327 1911 408 1972 certe
422 1918 525 1990 postea
542 1911 608 1972 ausi
625 1919 696 1973 sunt
712 1910 774 1983 ille,
789 1910 830 1971 ad
846 1930 915 1991 quse
932 1910 1015 1992 prius
1034 1931 1091 1972 nec
1110 1909 1323 1992 cogitationem
1341 1909 1531 1989 adjecerant,

327 2005 420 2069 libere
433 2006 515 2067 enim
533 2015 605 2068 tunc
620 2005 723 2088 Bingt
740 2005 942 2088 Fridbergum
960 2016 991 2069 et
1008 2005 1081 2068 bine
1093 2006 1171 2067 istuc
1185 2005 1369 2079 comeabant,
1384 2025 1531 2066 excurre-

327 2103 401 2166 bant
413 2101 446 2163 in
459 2103 561 2164 vicina
576 2102 689 2184 oppida
705 2111 735 2164 et
748 2122 852 2184 pagos,
867 2103 1114 2186 depopulabundi
1125 2103 1346 2184 praedabantur,
1360 2100 1532 2162 illudebant

328 2199 499 2262 adversario
511 2197 602 2260 militi
616 2207 678 2260 tam
695 2197 837 2280 preclare
854 2198 972 2261 scilicet
986 2199 1107 2260 urbium
1119 2196 1335 2279 expugnatori:
1355 2205 1528 2258 comestum

328 2297 450 2379 insuper
463 2317 518 2379 pro
535 2295 624 2358 libitu
643 2296 834 2372 invehebant,
849 2305 1050 2379 preterquam
1064 2296 1146 2377 quod
1162 2303 1312 2356 tormenta
1328 2293 1382 2354 illa
1394 2293 1459 2354 siue
1473 2314 1528 2355 eu·

324 2394 466 2475 jusqusm
479 2393 714 2455 contradictione
724 2392 901 2465 evehebant,
910 2402 942 2454 et
955 2392 986 2453 in
997 2393 1173 2473 despectum
1185 2389 1377 2473 Moguntinm
1389 2390 1482 2465 urbis,
1495 2391 1528 2451 in

329 2500 491 2572 conspectu
507 2510 583 2572 pone
601 2490 715 2553 civium
732 2500 764 2553 et
776 2490 910 2551 militum
922 2498 1073 2551 tormenta
1089 2507 1187 2569 nuper
1203 2496 1337 2571 accepta,
1358 2488 1530 2551 identidem

328 2584 530 2645 exonerabaut
543 2602 613 2645 cum
627 2600 739 2667 magno
753 2583 860 2665 plausu
871 2592 904 2644 et
915 2583 1021 2645 ἰωιίιιι
1032 2583 1259 2647 acclamatione.

369 2680 558 2763 Ringebatur
571 2698 662 2761 prope
677 2678 960 2761 Moguutinensium
977 2678 1107 2743 militum
1123 2682 1309 2753 animositas,
1321 2681 1529 2743 succensebat-

328 2792 388 2858 qne
409 2794 472 2838 sure
492 2776 640 2849 tenuitati,
662 2774 746 2855 qaod
766 2774 919 2836 sufficiens
938 2794 1000 2835 non
1021 2785 1101 2838 esset
1122 2777 1295 2839 advenario
1316 2776 1406 2839 militi
1429 2798 1528 2859 perse-

328 2872 469 2956 quend03
490 2892 528 2933 ns
539 2882 637 2933 tamen
653 2890 770 2951 semper
780 2870 904 2951 impune
911 2871 1014 2954 vagari
1024 2873 1210 2953 permitteret
1219 2874 1300 2936 bunc
1310 2896 1342 2936 se
1351 2874 1528 2937 vindicandi

328 2972 454 3033 modum
474 2968 666 3053 excogitavit.
708 2968 891 3029 Adduxerst
909 2967 1058 3029 Colonffli
1078 2971 1162 3032 Rosa
1184 2972 1403 3034 beumteuens
1424 2972 1526 3034 nescio

329 3066 405 3149 quid
417 3066 651 3127 necessariarum
665 3084 765 3125 rerum
781 3065 926 3148 Bingnm,
938 3077 1044 3128 contra
1057 3066 1138 3129 hunc
1149 3069 1234 3130 exire
1247 3070 1325 3131 serio
1336 3078 1480 3144 statuunt,
1494 3079 1525 3131 et

328 3178 367 3221 ne
379 3180 506 3223 numero
516 3161 670 3223 inferiores
679 3160 758 3224 hosti
769 3164 873 3244 preda
882 3172 913 3224 et
922 3163 1048 3225 victima
1057 3164 1174 3239 fierent,
1186 3166 1367 3247 Magistrum
1378 3166 1522 3247 Equitum

329 3276 389 3318 non
413 3258 565 3319 neminem
586 3278 623 3319 ex
642 3258 805 3320 senissima
824 3258 1039 3321 Meatlseriunn
1057 3260 1191 3341 legione
1209 3260 1242 3321 in
1260 3262 1373 3323 vicinia
1386 3272 1521 3347 agentem

328 3352 478 3415 advocant
490 3355 521 3414 iu
537 3353 721 3429 societatem,
737 3364 827 3434 atque
844 3356 889 3417 ita
905 3376 945 3416 ex
962 3356 1083 3417 insidiis
1099 3376 1288 3419 meremur
1303 3357 1454 3421 colonelli
1465 3360 1521 3420 [o-

328 3456 549 3511 cumtenentem
569 3448 756 3527 (Baltlsssari
772 3450 888 3512 bomini
905 3472 1015 3513 nomen
1035 3454 1112 3529 erat)
1128 3463 1297 3535 expectant,
1314 3476 1521 3538 egrwumqus

329 3547 519 3631 exinopinata
547 3568 666 3610 summa
695 3548 887 3610 contentione
914 3548 1076 3626 invadant,
1107 3550 1241 3612 fundunt
1269 3552 1391 3627 maltos,
1419 3553 1522 3635 fugant

325 3644 427 3728 plures
442 3645 574 3728 reliquos
590 3664 652 3707 uno
669 3664 740 3708 corn
761 3642 850 3707 Duce
866 3643 1045 3708 Bultbssars
1061 3647 1094 3707 in
1108 3647 1315 3728 eaptivimtem
1329 3648 1521 3731 Mogentiana

326 3742 492 3804 abducunt.
