3225 4700
1505 913 1896 990 CAPUT
1965 911 2207 989 L111.

662 1078 1043 1169 Pacificatio
1077 1078 1515 1147 Leodiemium
1551 1097 1691 1144 cum
1737 1076 2134 1144 Sereni-ssime
2176 1073 2516 1160 Principe,
2567 1067 3114 1136 Eminentismno-

1229 1204 1343 1268 que
1369 1178 1666 1246 *Elector-e
1700 1178 2047 1245 Coloniensi
2078 1175 2509 1243 Ferdinando.

866 1344 1155 1564 &TU
1196 1372 1698 1437 RMAVERAT
1714 1375 1929 1436 iterum
1950 1371 2215 1455 insignes
2230 1369 2433 1452 copias
2454 1364 2942 1429 Serenissimus
2958 1361 3114 1422 Elec·

1041 1439 1163 1564 ff
1222 1481 1315 1534 tor
1340 1472 1739 1547 coloniensis,
1757 1473 2008 1554 jamque
2033 1469 2275 1531 hostiles
2308 1465 2526 1548 copias
2569 1470 2812 1524 contra
2845 1459 3107 1522 refracta·

987 1597 995 1617 ιι
1039 1552 1155 1621 ’Ψὲῗ
1223 1571 1343 1631 rios
1369 1570 1482 1631 sibi
1520 1571 1877 1632 Iaeodienses
1904 1570 1967 1630 in
2001 1587 2283 1649 campum
2320 1565 2713 1634 educturum,
2751 1566 3109 1635 cruentaque

784 1746 789 1748 Δ
831 1738 833 1740 ,
1007 1613 1163 1725 *Ψ
1222 1682 1390 1726 arma
1424 1664 1816 1727 tumultuanti
1851 1662 2082 1725 civitati
2118 1661 2398 1722 illaturus
2435 1666 2629 1732 erat3
2680 1674 2833 1715 cum
2872 1651 2963 1713 ffli
2997 1668 3105 1708 me-

855 1773 862 1788 ““
882 1717 991 1801 ‘³²5
1051 1757 1171 1805 Ὗ*
1219 1778 1417 1821 mores
1460 1760 1847 1841 pristinarum
1896 1756 2306 1818 calamitatum
2354 1754 2393 1814 ὲ,
2439 1754 2494 1816 J
2498 1774 2721 1815 oanne
2772 1751 2856 1812 de
2905 1742 3103 1806 Werth
3169 1743 3170 1769 ¹

669 1858 919 1939 aliisque
948 1856 1225 1918 Ducibus
1249 1876 1371 1917 non
1400 1856 1488 1917 ita
1519 1855 1754 1936 pridem
1790 1854 1938 1917 illue
1971 1853 2189 1928 missis,
2225 1871 2696 1933 perpessarum,
2735 1842 3093 1908 concludunt

673 1974 802 2016 rem
830 1953 1029 2036 potius
1057 1952 1452 2033 quietioribus
1485 1951 1682 2014 modis
1718 1969 2097 2033 componere,
2139 1948 2389 2010 mittunt
2425 1946 2638 2030 igitur
2667 1945 2756 2006 ad
2793 1936 3100 2004 serenissi-

674 2069 836 2111 mum
869 2048 1210 2113 Electorem
1239 2048 1659 2111 coloniensem
1686 2046 2218 2111 clementissimum
2248 2043 2610 2106 Dominum
2628 2060 2845 2115 suum,
2868 2041 3089 2118 petunt·

675 2166 794 2228 que
820 2146 1172 2227 suppliciter
1208 2143 1552 2207 rebellionis
1593 2143 1859 2216 veniam,
1894 2163 2080 2224 quam
2118 2142 2171 2204 si
2207 2141 2583 2225 polliceatur
2622 2159 2744 2202 sua
2783 2132 3090 2198 serenitas,

679 2242 978 2324 spondent
1012 2242 1442 2320 subjectionem
1472 2248 1534 2307 et
1569 2260 1810 2302 omnem
1836 2239 2191 2303 fidelitatem
2217 2258 2356 2322 quae
2382 2238 2680 2302 subditos
2712 2245 2778 2299 et
2802 2231 2897 2296 sui
2925 2227 3087 2291 Prin·

677 2338 830 2421 cipis
877 2347 1145 2407 amantes
1190 2340 1420 2413 deceat.
1526 2336 1954 2403 serenissimus
2003 2337 2248 2400 Elector
2295 2336 2406 2400 etsi
2450 2335 2738 2398 multum
2784 2326 3088 2393 rebellione

678 2434 971 2499 insolente
995 2434 1480 2500 turbulentorum
1506 2436 1887 2517 quorundam
1912 2433 2229 2497 hominum
2252 2444 2408 2497 esset
2436 2433 2744 2500 offensus,
2782 2425 3078 2502 mediaque

684 2532 750 2593 in
786 2542 1069 2614 promptu
1104 2531 1448 2606 habivisset,
1483 2533 1842 2598 vindicandi
1874 2531 2106 2595 illatam
2142 2532 2257 2595 sibi
2290 2531 2614 2613 injuriam,
2656 2525 2879 2590 maluit
2902 2531 3080 2582 tamen

687 2628 1117 2704 moderatione,
1147 2648 1333 2710 quam
1359 2628 1739 2691 vehementia
1769 2649 1897 2691 rem
1923 2649 2164 2691 omnem
2188 2629 2561 2704 discernere,
2590 2633 2657 2687 et
2694 2643 2807 2706 pro
2831 2614 3079 2699 ingenita

683 2724 1054 2807 benignitate
1081 2725 1319 2808 ignovit
1355 2727 1816 2808 deprecantibus
1855 2726 2164 2800 delictum,
2200 2726 2492 2808 pacisque
2530 2716 2988 2786 conditionibus
3018 2708 3081 2769 li·

686 2823 896 2885 benter
920 2823 1288 2905 subscripsit.
1331 2823 1475 2896 Quo
1499 2823 1727 2885 nuncio
1752 2823 1875 2885 loeti
1902 2824 2193 2904 primores
2211 2822 2472 2884 civitatis
2492 2831 2908 2903 opportunum
2928 2809 3070 2870 diem

689 2919 1012 2994 destinant,
1052 2939 1175 3000 quo
1209 2928 1336 2981 tota
1370 2920 1583 2982 civitas
1618 2920 1979 3003 gaudiorum
2013 2920 2182 2981 frena
2220 2919 2404 2989 laxet,
2438 2918 2564 2981 fuit
2601 2918 2656 2977 is
2685 2919 2935 2994 quartus
2959 2903 3071 2965 dies

689 3017 736 3078 J
740 3016 848 3077 ulii
883 3036 1005 3097 quo
1050 3016 1216 3099 pacis
1248 3015 1504 3078 nuncios
1541 3036 1648 3097 per
1690 3025 1878 3078 totam
1921 3016 2131 3078 urbem
2174 3016 2513 3091 dimittunt,
2565 3024 2639 3075 ut
2687 3012 2770 3073 ad
2817 3003 3061 3069 buccinae

688 3132 901 3174 sonum
928 3112 993 3173 in
1022 3113 1300 3174 omnibus
1326 3112 1493 3174 urbis
1519 3113 1733 3193 plateis
1762 3132 1968 3194 pacem
1996 3111 2384 3195 proclament.

773 3208 1112 3270 Audiet-ant
1138 3209 1481 3292 Evangelos
1507 3208 1751 3284 summi,
1781 3208 2174 3281 medioxumi,
2201 3208 2420 3284 infimi,
2449 3229 2563 3290 per
2588 3215 2778 3267 totam
2798 3200 2910 3262 late
2927 3190 3056 3255 civi·

696 3311 900 3377 tatem,
931 3316 1156 3383 quanto
1184 3326 1323 3367 cum
1351 3305 1579 3367 laetitiae
1607 3325 1785 3366 sensu
1812 3325 1988 3366 nemo
2013 3304 2210 3381 facile,
2241 3307 2358 3367 nisi
2385 3307 2490 3387 qui
2521 3302 2770 3375 viderit,
2796 3293 3059 3373 scriptur⁸⁰

693 3397 919 3460 credat.
1005 3400 1231 3463 Nullus
1257 3423 1319 3463 se
1331 3403 1463 3483 jam
1492 3402 1659 3463 domi
1687 3401 1994 3463 continere
2015 3410 2266 3484 poterat,
2295 3402 2688 3465 effundebant
2714 3417 2774 3461 se
2802 3391 2948 3454 cives
2964 3401 3047 3443 ω-

694 3494 975 3556 tervatim
1001 3495 1064 3556 in
1086 3498 1420 3577 publicum,
1450 3498 1722 3560 omnium
1749 3499 2041 3560 bonorum
2070 3520 2384 3561 commune
2412 3509 2543 3562 erat
2574 3493 2877 3581 gaudium,
2910 3498 3046 3543 0⁰¹⁰·

695 3592 896 3653 munis
932 3591 1242 3668 festivitas,
1279 3615 1487 3657 omnes
1521 3595 1598 3656 de
1635 3614 1804 3676 pace,
1843 3595 1921 3656 de
1960 3595 2274 3658 mitissimo
2308 3617 2416 3658 suo
2452 3593 2761 3673 Principe,
2794 3586 2867 3648 de
2895 3572 3046 3638 venfss

695 3689 912 3751 erroris
938 3690 1511 3768 sermocinabantur,
1535 3692 1610 3753 iis
1643 3691 1785 3755 solis
1813 3693 2098 3775 exceptis,
2140 3694 2355 3774 quibus
2382 3692 2601 3775 volupe
2636 3694 2759 3749 erat
2783 3678 3042 3743 turbatam
