3225 4700
636 327 766 391 396
1449 327 2269 396 ITINERARIUM.

712 479 1071 541 Constitutis
1112 480 1528 562 conclusisque
1568 481 1664 543 his
1703 482 1894 564 pactis
1934 492 1994 545 et
2024 484 2334 565 utriusque
2370 485 2553 567 partis
2589 484 3059 566 subscriptione

635 578 941 648 roboratis,
972 587 1201 638 tantum
1233 579 1395 658 apud
1426 579 1755 660 Hybernos
1782 581 2107 642 catholicos
2141 582 2361 662 passim
2389 582 2507 643 fuit
2541 582 2868 663 gaudium,
2913 594 3063 642 tan·

638 673 816 753 taque
836 673 1156 755 gratulatio
1180 684 1250 735 ut
1272 675 1487 759 Regiae
1515 696 1585 737 su
1607 676 1925 758 Majestati
1951 678 2108 739 ultro
2143 680 2475 740 maximam
2507 680 2791 762 pecuniae
2808 679 2956 740 vim
2990 693 3061 740 et

635 772 830 832 omnis
854 772 1089 853 generis
1115 787 1512 835 commeatum
1540 793 1753 854 resque
1781 776 2140 836 necessarias
2165 777 2506 838 obtulerint.

700 1029 2986 1205 &samagam

1456 1396 1806 1476 CAPUT
1854 1398 2220 1478 LXXIII.

1186 1589 1321 1656 Res
1341 1601 1527 1679 yestae
1544 1614 1667 1680 per
1698 1590 2082 1679 Hispaniam
2112 1602 2172 1656 et
2197 1590 2491 1657 Italiam.

906 1750 910 1754 ¹
1086 1758 1504 1823 NEUNTE
1539 1761 1770 1822 Martio
1803 1777 2030 1836 mense,
2063 1762 2205 1824 anni
2255 1757 2573 1823 Millesimi
2616 1754 3041 1821 sexcentesimi

926 1878 945 1890 ·‘
1195 1859 1644 1939 quadragesimi
1677 1859 1838 1920 tertii
1874 1861 2229 1921 obsidebant
2260 1858 2523 1941 Hispani
2549 1856 2884 1939 majoribus
2908 1855 3040 1915 ani·

1197 1957 1311 2016 mis
1353 1956 1537 2036 quem
1580 1976 1855 2018 successu
1898 1959 2280 2018 fortissimam
2327 1956 2726 2017 munitionem
2768 1953 3040 2016 Flixien·

1196 2072 1342 2129 sem,
1371 2053 1410 2113 a
1443 2052 1565 2134 qua
1594 2075 1716 2115 non
1745 2054 1936 2117 multo
1966 2064 2100 2136 post
2122 2054 2530 2138 prementibus
2563 2053 2762 2115 Gallis
2793 2052 3038 2113 infectis

673 2207 677 2208 γ
906 2207 914 2211 ,
1194 2149 1369 2209 rebus
1412 2151 1692 2211 recedere
1741 2151 1935 2212 coacti
1976 2160 2152 2225 sunt;
2211 2169 2290 2211 ne
2336 2163 2534 2211 tamen
2575 2165 2816 2210 omnem
2859 2168 3037 2209 suam

638 2267 882 2327 operam
903 2246 1235 2328 perdidisse
1253 2246 1600 2308 viderentur
1627 2247 2076 2329 campiductore
2100 2247 2458 2308 Marchione
2475 2247 2548 2307 de
2569 2245 2630 2306 la
2651 2246 2856 2307 Nezza
2885 2246 3036 2307 civi-

636 2343 890 2406 tatulam
931 2341 1234 2425 quandam
1268 2343 1349 2405 ad
1390 2342 1540 2405 Ebri
1568 2344 1838 2406 fluminis
1879 2345 2072 2427 ripam
2115 2344 2314 2407 adorti
2349 2356 2509 2420 sunt,
2542 2364 2654 2407 nec
2684 2343 2873 2405 multo
2903 2355 3038 2425 post

638 2440 802 2503 haud
830 2461 1051 2523 magno
1071 2440 1375 2522 impendio
1401 2440 1710 2503 deditione
1731 2451 2110 2525 acceperunt.
2176 2442 2347 2504 Hinc
2375 2442 2660 2504 Castrum
2681 2442 3033 2503 Mirabclla-

642 2561 791 2600 num
826 2538 1097 2600 obsidere
1136 2548 1473 2619 coeperunt,
1510 2539 1902 2621 excitatisque
1935 2538 2326 2602 tumultuario
2362 2559 2540 2621 opere
2567 2540 2887 2622 aggeribus
2915 2550 3035 2601 ton-

642 2636 859 2697 mentis
886 2635 1242 2696 militaribus
1280 2635 1601 2698 fortissime
1637 2637 2086 2719 impetiverunt,
2121 2646 2290 2698 tanto
2322 2636 2633 2698 molimine
2667 2648 2733 2697 ut
2769 2637 2937 2697 brevi
2967 2638 3030 2697 in

641 2735 837 2815 ipsum
880 2731 1034 2793 arcis
1073 2732 1290 2793 atrium
1334 2740 1737 2814 penetrarent.
1819 2732 1980 2794 Cum
2021 2752 2162 2793 ecce
2207 2732 2316 2794 tibi
2363 2752 2505 2793 cum
2549 2731 2792 2793 Gallico
2839 2732 3032 2795 milite

642 2840 899 2912 quatuor
918 2828 1175 2892 millium
1198 2829 1462 2909 peditum
1500 2839 1561 2890 et
1588 2829 1755 2890 mille
1781 2830 2056 2910 equitum
2083 2830 2387 2891 Dominus
2415 2829 2575 2891 dela
2600 2829 2903 2890 Ferasiere
2929 2849 3031 2911 ap—

639 2935 937 3010 properat,
952 2926 1316 3006 trajectoque
1330 2926 1493 2987 Ebro
1502 2936 1762 3006 quatuor
1771 2925 2026 2987 diversis
2034 2925 2182 2988 locis
2193 2947 2266 2987 ex
2276 2926 2601 3008 improviso
2615 2926 3028 3007 Hispanorum

643 3034 839 3086 castra
872 3024 1159 3094 adoritur,
1185 3042 1257 3083 ac
1284 3032 1421 3104 post
1447 3040 1778 3103 paucarum
1809 3021 2094 3085 horarum
2124 3024 2476 3085 conflictum
2515 3021 2898 3084 Mirabellam
2924 3025 3028 3083 ob-

641 3121 871 3182 sidione
902 3119 1132 3192 liberat,
1168 3118 1339 3179 caesis
1384 3118 1802 3198 Hispanorum
1838 3120 2321 3203 quadringentis,
2361 3122 2551 3201 captis
2592 3118 2758 3179 mille
2789 3120 3027 3180 circiter

641 3218 941 3300 plerisque
970 3217 1046 3277 de
1075 3216 1379 3297 praecipua
1397 3214 1727 3285 nobilitate,
1751 3224 1812 3276 et
1837 3215 2216 3291 officialibus,
2239 3218 2345 3298 qui
2372 3218 2449 3279 ad
2474 3216 2629 3276 hanc
2657 3215 3024 3277 obsidionem

642 3314 1083 3375 confluxerant.
1159 3311 1527 3373 Desideratis
1548 3312 1626 3372 de
1643 3313 1768 3374 suis
1793 3333 1914 3374 non
1933 3313 2191 3393 amplius
2211 3314 2609 3396 quadraginta
2627 3313 2941 3392 capitibus,
2963 3314 3022 3374 in

639 3412 856 3492 quibus
890 3418 1240 3471 numeratus
1274 3420 1366 3470 est
1404 3409 1708 3471 Dominus
1750 3410 1824 3471 de
1857 3409 2105 3487 Porta13
2150 3411 2494 3492 interceptis
2534 3410 2814 3471 omnibus
2844 3410 3022 3491 impe-

640 3507 941 3582 dimentis,
983 3505 1219 3568 duobus
1258 3508 1570 3569 tormentis
1612 3528 1752 3588 quae
1803 3507 1868 3567 in
1909 3507 2137 3568 fiumen
2191 3507 2457 3590 Hispani
2505 3508 2927 3579 demerserant,
2966 3520 3022 3567 et

640 3626 861 3690 magna
887 3606 1017 3667 auri
1045 3606 1400 3688 argentique
1422 3606 1505 3667 vi.
1593 3603 2053 3685 Praecipuorum
2085 3605 2455 3686 captivorum
2492 3622 2811 3665 numerum
2838 3614 2904 3664 ut
2927 3623 3016 3663 ac-

639 3703 793 3784 cepi,
824 3702 1088 3765 fideliter
1115 3702 1275 3765 bunc
1301 3702 1640 3765 adscribere
1668 3699 1918 3782 placuit,
1939 3700 2183 3762 fuerunt
2209 3712 2409 3763 autem
2439 3700 2736 3783 imprimis
2763 3698 2848 3760 hi.
