3225 4700
312 322 354 389 98
707 314 1115 431 triumuirorum.

313 478 430 533 nostroe
449 470 653 556 (septingenti,
670 493 730 535 non
751 474 861 557 plnres,
878 475 1008 550 eramus)
1025 472 1065 533 acl
1085 470 1230 552 impetum
1250 465 1426 531 faciendam
1447 462 1535 526 bor·
1603 509 1605 542 ,

313 576 403 629 tatur.
438 568 516 640 Quis
529 569 578 630 hic
591 590 651 630 non
666 570 783 633 incuset
796 570 895 631 Ducis
907 567 1152 650 imprudentiam,
1167 566 1225 627 nisi
1239 565 1421 646 qnandoqne
1436 559 1537 623 mili·
1603 555 1605 590 ‘

312 664 393 725 tibus
410 665 584 727 audendum
600 674 687 742 esset,
703 687 773 727 oum
790 667 919 729 audaces
936 666 1056 728 fortuna
1070 664 1169 747 juvet,
1187 662 1311 745 ignavos
1331 659 1539 738 timidosque

313 770 440 842 premat.
472 760 578 823 Nostri
592 761 692 843 itaque
707 762 830 845 vespert
842 763 1059 845 patrocinante,
1072 769 1103 822 et
1113 761 1231 833 timore,
1243 777 1304 839 qno
1316 754 1417 817 hostes
1428 761 1541 815 eram
1603 791 1604 840 3

314 856 453 939 perculsi,
468 856 597 932 favente,
610 858 640 919 in
650 859 877 942 propugnacula
888 858 989 939 priora
998 858 1127 919 ferocem
1137 856 1213 917 dant
1220 854 1375 935 impetam,
1386 848 1443 913 sed
1455 870 1539 911 non
1603 851 1604 876 ³

314 973 444 1014 vanum:
473 952 534 1014 His
549 954 726 1037 expugnatis
743 954 775 1016 in
793 955 984 1017 fortissimam
999 964 1031 1015 et
1045 950 1275 1014 munitissimam
1292 970 1403 1024 arcem,
1421 967 1538 1028 quam

316 1048 374 1109 sibi
390 1047 483 1111 hostis
498 1070 552 1129 pro
564 1047 672 1112 ultimo
687 1050 821 1111 subsidio
835 1050 976 1132 elegerat,
990 1049 1109 1111 facilius
1120 1049 1187 1130 jam
1199 1055 1263 1109 erat
1278 1045 1362 1120 eniti,
1375 1043 1408 1104 in
1422 1064 1536 1125 qaam

315 1165 378 1207 non
392 1144 486 1207 multb
499 1155 567 1227 post
578 1146 660 1207 enixi
671 1154 750 1217 sunt,
763 1155 794 1207 et
806 1145 935 1207 feliciter
946 1144 1167 1228 expugnarunt.
1209 1142 1356 1216 Quamvis
1368 1141 1435 1203 brec
1450 1139 1535 1222 qni·

317 1241 387 1303 dem
403 1241 553 1324 expeditio
574 1242 674 1321 aliquo
690 1241 843 1322 utrimque
863 1242 1008 1323 sanguine
1028 1241 1151 1315 steterit,
1171 1239 1243 1321 quia
1263 1248 1363 1300 tamen
1383 1238 1535 1309 fanstm

317 1336 423 1399 habuit
438 1356 618 1410 successam,
633 1336 722 1399 facile
738 1336 913 1400 resarcitum
930 1346 985 1401 est.
1031 1337 1081 1398 Ex
1100 1336 1233 1418 Legione
1249 1334 1398 1397 Colonelli
1417 1334 1532 1395 Deve-

317 1454 393 1495 ronx
410 1432 519 1515 viginti
537 1434 660 1494 omnino
677 1434 889 1506 occubuerant,
908 1432 972 1521 laesi
991 1442 1094 1495 autem
1111 1442 1183 1495 sant
1200 1432 1330 1515 plusculi
1348 1451 1387 1492 ex
1408 1430 1534 1511 qubus

317 1526 475 1611 Capitanei
494 1528 598 1611 Kinge
617 1530 773 1591 brachium
791 1530 913 1613 globulo
929 1530 1130 1592 vulneratam.
1177 1530 1296 1591 Interea
1315 1526 1534 1609 imprudentia

319 1624 405 1685 Petri
423 1624 503 1687 thz
520 1623 655 1687 Castrini
672 1626 742 1687 dnae
761 1626 908 1709 Legiones
925 1626 1073 1689 Cesareoe
1090 1627 1129 1687 ab
1145 1624 1229 1687 hoste
1249 1625 1407 1700 cedantur,
1427 1644 1531 1705 qaam

317 1720 460 1801 injuriam
476 1719 569 1782 ulturi
585 1722 669 1797 socii,
685 1742 755 1783 cum
770 1742 832 1785 non
846 1732 966 1805 possent
980 1723 1068 1785 aliter
1081 1742 1188 1785 nocere
1204 1721 1292 1797 hosti,
1306 1722 1400 1783 molas
1416 1742 1531 1783 omnes

318 1826 348 1878 et
362 1816 496 1879 Damino
508 1825 539 1878 et
553 1818 710 1881 Anclaviae
723 1820 907 1900 adjacentes,
920 1829 1158 1883 concremarunt.
1200 1819 1276 1881 Erat
1289 1818 1364 1881 sorte
1375 1839 1440 1880 noa
1452 1838 1529 1900 pro-

318 1913 369 1979 cul
382 1914 454 1975 inde
472 1914 571 1977 insula
586 1916 703 1980 lisdum
721 1916 812 1993 diota,
827 1916 860 1977 in
874 1937 964 1997 quam
980 1937 1013 1979 se
1026 1916 1162 1979 cohortes
1177 1915 1293 1996 aliquot
1305 1935 1375 1977 cam
1390 1915 1530 1995 impedi·
1603 1917 1604 1932 ¹

318 2012 426 2074 mentis
436 2011 497 2073 suis
507 2021 690 2093 receperant,
701 2022 853 2095 sperantes
865 2014 915 2075 vel
924 2013 992 2076 istic
1004 2023 1078 2076 tntae
1091 2034 1165 2087 esse,
1179 2033 1254 2093 qaas
1264 2012 1534 2075 atanimadrertit
1603 2045 1604 2064 ι

320 2109 461 2183 Bredas,
477 2128 618 2190 magnam
632 2109 823 2191 navigiorum
835 2110 954 2193 copiam
967 2112 1007 2172 ad
1020 2110 1148 2171 flurium
1159 2109 1239 2171 Peiu
1251 2109 1382 2191 collegit,
1393 2129 1532 2189 qaorum

318 2204 452 2267 subsidio
461 2204 511 2265 die
524 2204 642 2267 decimi
652 2206 830 2269 Decembris
842 2216 958 2269 nostros
972 2206 1132 2288 Dragones
1143 2206 1327 2287 Equitesqne
1340 2205 1414 2267 alios
1424 2216 1529 2270 &aas

319 2302 401 2364 mitti
419 2301 500 2364 fecit.
542 2301 676 2365 Praeibat
695 2322 765 2366 cnm
784 2303 846 2366 sais
866 2302 1040 2369 colonellas
1061 2304 1192 2380 Meider,
1213 2324 1303 2389 quem
1322 2303 1529 2384 sequebantur

298 2479 300 2491 k
321 2397 471 2462 Colonelli
491 2398 604 2475 Silboii,
621 2400 795 2474 Dereronx,
808 2411 841 2464 et
857 2400 1045 2476 Corrasehie,
1059 2422 1187 2483 eamque
1203 2403 1242 2463 de
1259 2401 1375 2464 viribus
1389 2398 1528 2462 boatium

320 2496 393 2559 facti
406 2505 504 2558 esseut
519 2495 670 2570 certiores,
684 2497 772 2559 tertio
785 2498 809 2561 J
809 2498 927 2560 anuarii
940 2498 973 2560 in
988 2499 1173 2562 adversariae
1185 2508 1299 2560 turmas
1312 2497 1470 2559 incursum
1482 2496 1527 2558 fe·

321 2602 438 2665 cerunt,
451 2613 554 2654 omnes
567 2591 770 2656 internecione
785 2594 935 2671 delerant,
950 2596 1166 2677 impedimenta
1178 2595 1250 2657 verb
1266 2595 1298 2656 in
1311 2603 1409 2656 castm
1420 2613 1525 2656 aecum

322 2698 495 2753 avexerunt.
537 2686 657 2750 Interea
670 2689 853 2772 cataphracti
864 2690 992 2755 Comitis
1004 2692 1043 2754 de
1058 2692 1163 2772 Bruay
1174 2701 1205 2754 et
1216 2690 1366 2754 Colonelli
1379 2688 1525 2752 Milbeim

322 2786 524 2850 Tabellarium
536 2783 839 2867 comprehenderunt,
852 2787 905 2869 qni
916 2789 1071 2853 bluniore
1083 2788 1220 2873 Urangel
1233 2789 1273 2850 ad
1285 2787 1441 2850 seniorem
1454 2807 1526 2848 cam

322 2883 418 2946 literis
430 2883 502 2959 ibat,
518 2881 626 2964 quibus
639 2901 725 2945 suam
737 2884 859 2965 suisque
873 2884 1032 2948 Generalis
1047 2886 1187 2948 Bannirii
1200 2885 1335 2949 miserias
1346 2882 1527 2945 lamentabi-

322 2981 392 3043 liter
404 2980 658 3062 conquerebatur:
679 2977 745 3041 Has
755 2979 857 3041 literas
867 2981 907 3042 ad
917 2980 1087 3044 Gallassam
1102 2982 1284 3058 detulerunt,
1295 2981 1349 3062 qui
1358 3001 1409 3042 eas
1420 2980 1525 3054 lectas,

325 3096 417 3158 quam
435 3077 566 3158 primum
584 3077 624 3138 ad
642 3076 773 3140 Bredaw
788 3076 960 3139 destinavit.
1003 3077 1066 3139 Sub
1079 3077 1160 3140 idem
1177 3089 1295 3161 tempus
1310 3076 1526 3142 Serenissimas

327 3172 486 3233 Florentiae
500 3173 574 3234 an
588 3172 701 3253 aliquot
713 3174 850 3254 peditum
862 3173 994 3257 agmina,
1005 3185 1035 3236 et
1044 3175 1174 3257 paucula
1183 3184 1334 3237 tormenta
1345 3175 1462 3255 majora
1473 3193 1526 3254 ap·

326 3268 438 3349 plicare
451 3267 570 3330 volebat
583 3269 623 3332 ad
637 3270 807 3352 cogendum
820 3270 1059 3353 Wolagstianam
1072 3291 1182 3334 arcem.

369 3363 535 3426 Innotesoit
546 3363 661 3428 interea
672 3367 791 3444 nostris,
803 3367 985 3430 Generalem
995 3368 1131 3431 Bannier
1142 3389 1203 3430 non
1217 3367 1322 3452 procul
1330 3364 1403 3430 inde
1415 3366 1449 3428 in
1459 3387 1526 3428 ma-

327 3457 474 3523 nitissimi
492 3459 595 3540 aliqud
613 3461 725 3526 Insulb=
736 3463 848 3544 Molyn
863 3463 955 3540 dicu,
974 3464 1007 3524 in
1022 3463 1083 3546 qut
1098 3464 1227 3526 munitio
1241 3475 1305 3528 erat
1322 3465 1362 3526 ad
1374 3465 1524 3546 cogendas

329 3559 369 3620 ad
382 3554 511 3639 vectigal
528 3577 631 3621 omnes
647 3581 738 3624 naves
754 3559 906 3622 Stetinum
924 3561 1216 3642 proetemarigantes,
1232 3563 1422 3643 nescioquas
1433 3561 1524 3621 sociis

329 3652 452 3718 obsessis
465 3654 617 3736 suppetias
629 3655 740 3733 moliri,
755 3676 792 3718 ex
808 3657 920 3724 nostris,
933 3657 1043 3738 saepius
1053 3657 1121 3737 jam
1138 3658 1283 3720 nominati
1298 3669 1426 3739 quatuor
1434 3655 1526 3720 colo
