3225 4700
496 339 894 408 ITINERARIUM.
1231 341 1296 406 405

97 490 100 495 ’
129 494 176 554 Ea
200 501 322 575 propter
342 490 374 554 in
398 493 505 575 primis
525 504 557 556 et
576 503 645 556 ante
667 495 770 556 omnia
789 493 1004 557 confirmamus
1020 503 1056 556 et
1075 503 1140 556 rata
1157 493 1297 556 volumus

87 602 181 672 pacta
197 601 228 652 et
246 593 460 653 conventiones
480 613 550 653 cum
568 592 780 654 ooufoederatis
799 593 887 653 nobis
909 592 1017 654 initas:
1050 592 1296 674 qnandoquidem

80 689 265 768 judicamus
279 689 358 750 inter
368 689 520 771 praecipua
533 690 634 750 media
646 691 860 752 conservanda
870 702 901 752 ct
910 693 1057 773 augendae
1068 691 1176 752 domus
1187 699 1296 752 nostrae

88 785 171 848 illud
191 806 265 860 esse,
280 796 314 846 ut
333 795 450 847 exteras
470 785 606 848 nationes
627 787 737 847 nostris
750 787 885 847 consiliis
906 787 1082 868 conjunctas
1103 788 1296 860 retineamus,

90 903 178 944 more
191 884 341 965 majorum
360 891 542 958 nostrornm,
555 883 610 964 qui
630 890 700 945 ante
722 903 776 944 nos
796 883 828 943 in
849 883 883 945 id
904 883 1037 944 uniebat
1056 885 1190 946 studiose
1211 885 1297 946 ineu·

91 981 235 1041 buerunt.
283 980 517 1042 Minorennibus
538 982 610 1042 verb
631 979 705 1041 liliis
727 980 837 1041 nostris
859 980 974 1042 nullam
997 980 1088 1042 aliam
1111 981 1298 1043 educationis

91 1081 242 1140 rationem
251 1079 436 1154 ordinamus,
446 1099 537 1160 quam
545 1100 615 1161 qum
625 1078 679 1140 fiet
691 1080 748 1140 suh
761 1079 883 1160 optimae
898 1099 959 1140 suar
971 1079 1084 1152 matris,
1097 1077 1299 1140 dilectissimae

92 1177 235 1258 conjugis
258 1186 378 1249 nostrae,
401 1177 486 1248 ouri,
506 1197 577 1238 enm
602 1177 746 1238 diuturna
764 1175 950 1257 experientia
971 1176 1079 1237 doceat
1104 1174 1182 1236 lidos
1203 1176 1300 1257 magis

93 1275 274 1335 educatores
288 1285 318 1335 et
333 1274 492 1354 magistros
505 1294 624 1336 morum
641 1273 744 1334 haberi
758 1294 819 1334 non
839 1293 924 1354 posse
938 1273 1028 1355 quam
1047 1293 1107 1342 eos,
1121 1293 1158 1333 ex
1172 1293 1299 1354 quorum

95 1390 189 1432 carne
210 1380 241 1432 et
253 1371 399 1452 sangnine
417 1369 475 1430 filii
494 1371 700 1454 compaginati
721 1381 801 1432 sunt.
844 1370 962 1443 Quodsi
980 1372 1053 1432 verb
1072 1380 1103 1431 et
1122 1369 1187 1451 ipsa
1205 1379 1302 1431 mater

96 1467 355 1529 animadverteret
374 1480 443 1548 post
461 1478 597 1530 nostrum
618 1469 732 1537 obitam
753 1489 786 1529 se
805 1467 888 1529 haud
908 1467 961 1528 diu
982 1467 1215 1550 supersuturam,
1236 1467 1302 1547 ejus

97 1564 269 1645 prudentias
283 1575 314 1625 et
331 1563 529 1625 sollicitudini
542 1565 742 1647 relinquimus
756 1575 790 1626 ut
807 1563 949 1625 adhibitis
962 1564 1145 1644 prudentum
1163 1563 1303 1624 consilia-

98 1661 214 1721 riorum
223 1660 360 1742 jndioih,
375 1659 449 1722 alios
463 1662 638 1723 educatores
648 1663 814 1724 secundum
827 1682 914 1722 suum
928 1660 1148 1742 beneplacitum
1163 1659 1304 1720 ordinare

97 1758 205 1838 possit.

144 1853 191 1915 Ut
203 1863 304 1915 autem
318 1855 407 1917 nobis
420 1858 616 1920 suavissimus
630 1858 723 1920 frater
735 1868 836 1920 noster
850 1857 924 1919 Dux
935 1856 1162 1919 Aurelianensis
1175 1876 1304 1940 cognos-

101 1960 152 2011 cat
165 1961 300 2012 nostrum
314 1952 346 2012 in
360 1973 391 2014 se
405 1951 557 2029 affectum,
572 1976 662 2037 quem
676 1955 705 2016 ei
721 1955 805 2017 nullo
820 1975 879 2017 non
893 1965 1028 2036 tempore
1043 1953 1230 2014 ostendimus
1244 1973 1303 2014 non

101 2049 235 2130 potuisse
251 2048 424 2110 labefactari
438 2060 492 2111 aut
504 2050 567 2113 ulla
580 2061 747 2134 temporum
761 2052 884 2133 injuria,
898 2061 950 2114 aut
963 2050 1219 2113 machinationum
1238 2070 1305 2131 per-

101 2146 186 2221 fidia,
212 2145 422 2208 constituimus
449 2147 548 2228 ipsum
568 2149 753 2211 minorennis
774 2149 870 2231 Regis
891 2156 958 2231 post
980 2157 1118 2209 nostrum
1141 2147 1305 2208 discessum

101 2245 273 2328 generalem
301 2245 404 2307 locum
431 2256 582 2308 tenentem
608 2247 773 2308 universim
795 2265 850 2327 per
876 2265 981 2307 ornnes
1008 2244 1095 2325 regui
1122 2243 1304 2324 provincias,

101 2364 164 2425 quo
179 2342 211 2404 in
226 2342 337 2417 officio,
353 2344 456 2425 quoad
472 2343 539 2405 Rex
553 2343 592 2404 ad
606 2342 725 2425 plenam
741 2353 773 2405 et
788 2340 1014 2426 gubernationis
1028 2362 1167 2424 capacem
1188 2349 1306 2402 aetatem

102 2445 269 2528 pertigerit.
312 2444 379 2507 Nec
394 2446 522 2507 obstabit
535 2445 686 2506 ordinatio
698 2444 752 2505 illa
765 2464 856 2526 penes
869 2442 1098 2504 Parlameutnm
1112 2454 1246 2503 nostrum
1261 2462 1308 2503 as-

103 2553 233 2615 servata,
253 2562 313 2625 qua
330 2562 398 2603 eum
417 2541 582 2603 inhabilem
599 2542 639 2603 ad
655 2540 758 2603 omnia
772 2540 941 2602 officiorum
962 2539 1068 2599 munia
1082 2549 1112 2601 et
1125 2539 1308 2621 dignitatum

102 2640 216 2722 gradus
236 2636 362 2701 antchac
382 2639 613 2713 declaravimus,
636 2658 726 2720 quam
747 2637 842 2698 hacce
863 2645 964 2697 nostra
983 2646 1134 2717 postrema
1155 2634 1308 2697 voluntate

103 2737 304 2799 rescindimus
318 2748 348 2798 et
357 2736 557 2798 annullamus.
587 2734 786 2797 confidentes
796 2733 1022 2816 benignissimae
1032 2733 1126 2814 ipsius
1135 2748 1263 2808 naturae,
1277 2743 1309 2795 et

102 2835 196 2917 regim
213 2855 251 2895 ex
267 2855 328 2917 qua
341 2846 424 2895 ortus
438 2844 483 2895 est
496 2832 655 2916 prosapia,
670 2830 756 2893 illum
771 2830 856 2891 nullo
870 2830 959 2891 modo
973 2830 1199 2911 permissurum,
1212 2839 1246 2891 ut
1260 2830 1308 2892 vel

103 2940 211 2992 contra
223 2930 353 3014 Regem,
366 2932 415 2992 vel
432 2931 519 3013 regni
540 2929 620 3012 leges
633 2939 664 2991 et
682 2938 794 2990 statuta
814 2928 980 3010 quidquam
994 2927 1183 3002 admittatur,
1197 2938 1249 2989 aut
1263 2928 1310 2988 in-

104 3027 293 3090 troducatur.
331 3026 530 3088 Declaramus
544 3025 667 3107 insuper
676 3036 719 3100 ut,
735 3024 762 3085 si
775 3024 839 3105 ipae
851 3024 1063 3106 quoquomodo
1074 3033 1180 3086 eontra
1189 3044 1309 3085 omnem

104 3143 190 3204 spem
203 3134 337 3186 nostram
352 3124 486 3205 quidque
501 3142 594 3205 regno
608 3122 732 3183 noxium
745 3121 794 3183 val
808 3122 889 3204 Regi
903 3122 1064 3182 adversum
1075 3118 1309 3191 machinaretur,

105 3218 213 3280 abillo
231 3219 330 3281 officio
348 3229 378 3281 et
397 3220 576 3301 praefectura
592 3231 781 3301 quantocyus
802 3229 991 3281 removeatur
1007 3217 1052 3279 uti
1072 3228 1102 3278 et
1123 3217 1310 3298 inpraesenti

107 3336 307 3378 removemus.
350 3316 611 3398 Prohibemnsque
625 3316 765 3376 omnibus
778 3326 808 3377 et
821 3314 948 3398 siugulis
958 3315 1085 3376 subditis
1098 3314 1215 3389 nostris,
1229 3325 1311 3378 uteo

107 3434 191 3484 cusu,
213 3433 302 3494 quem
321 3414 422 3495 superi
438 3422 575 3474 avertant
591 3412 649 3493 ipsi
666 3431 857 3493 nequaquam
875 3421 1010 3493 pareant,
1033 3420 1084 3472 aut
1104 3412 1136 3471 in
1157 3430 1309 3493 quoquam

108 3509 267 3571 adsistant.
303 3508 458 3581 Quantum
473 3508 546 3569 verb
559 3509 599 3570 ad
611 3507 760 3590 Reginam
773 3508 936 3591 conjugem
947 3517 1089 3583 nostram,
1101 3518 1169 3589 post
1182 3518 1309 3569 mortem

110 3616 242 3668 nostram
257 3606 489 3689 gubernaturum
509 3605 650 3687 pertinet,
665 3604 732 3684 ejus
745 3604 850 3665 virtuti
863 3615 893 3665 et
909 3603 1024 3685 pietati,
1038 3622 1127 3683 quam
1146 3602 1309 3664 multorum

109 3723 260 3764 armorum
275 3702 493 3764 cohabitatione
508 3699 627 3762 abunde
641 3700 861 3780 exploravimus
870 3700 1061 3761 confidimus.
1100 3700 1176 3761 Eam
1192 3708 1226 3760 ut
1240 3698 1309 3760 Ma·
