<?xml version="1.0" encoding="UTF-8"?>
<!DOCTYPE html PUBLIC "-//W3C//DTD XHTML 1.0 Transitional//EN"
    "http://www.w3.org/TR/xhtml1/DTD/xhtml1-transitional.dtd">
<html xmlns="http://www.w3.org/1999/xhtml" xml:lang="en" lang="en">
 <head>
  <title>
</title>
<meta http-equiv="Content-Type" content="text/html;charset=utf-8" />
  <meta name='ocr-system' content='tesseract 3.04.00' />
  <meta name='ocr-capabilities' content='ocr_page ocr_carea ocr_par ocr_line ocrx_word'/>
</head>
<body>
  <div class='ocr_page' id='page_1' title='image "./itinerariumthom00kerngoog_0113.png"; bbox 0 0 3225 4700; ppageno 0'>
   <div class='ocr_carea' id='block_1_1' title="bbox 476 330 1269 413">
    <p class='ocr_par' dir='ltr' id='par_1_1' title="bbox 476 330 1269 413">
     <span class='ocr_line' id='line_1_1' title="bbox 476 330 1269 413; baseline 0.008 -16"><span class='ocrx_word' id='word_1_1' title='bbox 476 332 500 397; x_wconf 89' lang='lat' dir='ltr'><strong><em>I</em></strong></span> <span class='ocrx_word' id='word_1_2' title='bbox 505 330 789 403; x_wconf 80' lang='lat' dir='ltr'><strong><em>TINERARI</em></strong></span> <span class='ocrx_word' id='word_1_3' title='bbox 798 334 885 402; x_wconf 73' lang='grc' dir='ltr'><strong>ΠΜ.</strong></span> <span class='ocrx_word' id='word_1_4' title='bbox 1227 348 1269 413; x_wconf 67' lang='lat'><strong>&#39;59</strong></span> 
     </span>
    </p>
   </div>
   <div class='ocr_carea' id='block_1_2' title="bbox 71 483 1276 3748">
    <p class='ocr_par' dir='ltr' id='par_1_2' title="bbox 71 483 1276 3748">
     <span class='ocr_line' id='line_1_2' title="bbox 72 483 1275 579; baseline 0.012 -34"><span class='ocrx_word' id='word_1_5' title='bbox 72 492 154 546; x_wconf 88' lang='lat' dir='ltr'><strong>esset</strong></span> <span class='ocrx_word' id='word_1_6' title='bbox 167 483 258 545; x_wconf 79' lang='lat' dir='ltr'><strong>diesi</strong></span> <span class='ocrx_word' id='word_1_7' title='bbox 273 484 410 559; x_wconf 86' lang='lat' dir='ltr'><strong>Veneris,</strong></span> <span class='ocrx_word' id='word_1_8' title='bbox 421 484 638 565; x_wconf 88' lang='lat' dir='ltr'><strong>responderunt</strong></span> <span class='ocrx_word' id='word_1_9' title='bbox 646 487 751 549; x_wconf 84' lang='lat' dir='ltr'><strong>nostri:</strong></span> <span class='ocrx_word' id='word_1_10' title='bbox 764 487 852 549; x_wconf 89' lang='lat' dir='ltr'><strong>Itene</strong></span> <span class='ocrx_word' id='word_1_11' title='bbox 864 490 947 563; x_wconf 84' lang='lat' dir='ltr'><strong>verb,</strong></span> <span class='ocrx_word' id='word_1_12' title='bbox 956 491 1074 576; x_wconf 89' lang='lat' dir='ltr'><strong>eit,ego</strong></span> <span class='ocrx_word' id='word_1_13' title='bbox 1082 494 1203 556; x_wconf 89' lang='lat' dir='ltr'><strong>tertium</strong></span> <span class='ocrx_word' id='word_1_14' title='bbox 1207 497 1275 579; x_wconf 88' lang='lat' dir='ltr'><strong>jem</strong></span> 
     </span>
     <span class='ocr_line' id='line_1_3' title="bbox 71 580 1275 676; baseline 0.012 -35"><span class='ocrx_word' id='word_1_15' title='bbox 71 581 158 641; x_wconf 88' lang='lat' dir='ltr'><strong>diem</strong></span> <span class='ocrx_word' id='word_1_16' title='bbox 171 580 231 641; x_wconf 89' lang='lat' dir='ltr'><strong>boe</strong></span> <span class='ocrx_word' id='word_1_17' title='bbox 245 580 277 639; x_wconf 92' lang='lat' dir='ltr'><strong>in</strong></span> <span class='ocrx_word' id='word_1_18' title='bbox 292 580 454 662; x_wconf 86' lang='lat' dir='ltr'><strong>Ergsstulo</strong></span> <span class='ocrx_word' id='word_1_19' title='bbox 466 580 527 663; x_wconf 90' lang='lat' dir='ltr'><strong>egi,</strong></span> <span class='ocrx_word' id='word_1_20' title='bbox 542 581 606 643; x_wconf 89' lang='lat' dir='ltr'><strong>dies</strong></span> <span class='ocrx_word' id='word_1_21' title='bbox 623 584 703 645; x_wconf 88' lang='lat' dir='ltr'><strong>euim</strong></span> <span class='ocrx_word' id='word_1_22' title='bbox 718 583 866 647; x_wconf 80' lang='lat' dir='ltr'>Mercurii</span> <span class='ocrx_word' id='word_1_23' title='bbox 881 594 954 661; x_wconf 86' lang='lat' dir='ltr'><strong>eret,</strong></span> <span class='ocrx_word' id='word_1_24' title='bbox 968 608 1038 649; x_wconf 87' lang='lat' dir='ltr'><strong>cum</strong></span> <span class='ocrx_word' id='word_1_25' title='bbox 1050 589 1138 652; x_wconf 83' lang='lat' dir='ltr'><strong>vivus</strong></span> <span class='ocrx_word' id='word_1_26' title='bbox 1151 591 1170 653; x_wconf 71' lang='lat' dir='ltr'><strong>l</strong></span> <span class='ocrx_word' id='word_1_27' title='bbox 1183 596 1275 676; x_wconf 91' lang='lat' dir='ltr'><strong>pessi-</strong></span> 
     </span>
     <span class='ocr_line' id='line_1_4' title="bbox 73 675 1276 771; baseline 0.014 -36"><span class='ocrx_word' id='word_1_28' title='bbox 73 676 133 737; x_wconf 88' lang='lat' dir='ltr'><strong>mis</strong></span> <span class='ocrx_word' id='word_1_29' title='bbox 143 676 311 737; x_wconf 68' lang='lat' dir='ltr'><strong>latronibus</strong></span> <span class='ocrx_word' id='word_1_30' title='bbox 320 675 439 737; x_wconf 76' lang='lat' dir='ltr'><strong>rusticis</strong></span> <span class='ocrx_word' id='word_1_31' title='bbox 448 677 488 738; x_wconf 91' lang='lat' dir='ltr'><strong>ed</strong></span> <span class='ocrx_word' id='word_1_32' title='bbox 497 685 681 740; x_wconf 83' lang='lat' dir='ltr'><strong>mortuorum</strong></span> <span class='ocrx_word' id='word_1_33' title='bbox 692 698 759 741; x_wconf 89' lang='lat' dir='ltr'><strong>sum</strong></span> <span class='ocrx_word' id='word_1_34' title='bbox 769 680 885 743; x_wconf 89' lang='lat' dir='ltr'><strong>deletus</strong></span> <span class='ocrx_word' id='word_1_35' title='bbox 894 681 1107 749; x_wconf 87' lang='lat' dir='ltr'><strong>bebiteculum.</strong></span> <span class='ocrx_word' id='word_1_36' title='bbox 1139 688 1276 771; x_wconf 71' lang='lat' dir='ltr'><strong>Septimi</strong></span> 
     </span>
     <span class='ocr_line' id='line_1_5' title="bbox 77 770 1275 862; baseline 0.001 -28"><span class='ocrx_word' id='word_1_37' title='bbox 77 784 109 834; x_wconf 87' lang='lat' dir='ltr'><strong>et</strong></span> <span class='ocrx_word' id='word_1_38' title='bbox 121 770 271 854; x_wconf 69' lang='lat' dir='ltr'><strong>vigesimi</strong></span> <span class='ocrx_word' id='word_1_39' title='bbox 287 772 361 834; x_wconf 88' lang='lat' dir='ltr'><strong>dicti</strong></span> <span class='ocrx_word' id='word_1_40' title='bbox 376 772 486 834; x_wconf 78' lang='lat' dir='ltr'><strong>mensis</strong></span> <span class='ocrx_word' id='word_1_41' title='bbox 503 771 554 834; x_wconf 89' lang='lat' dir='ltr'><strong>die</strong></span> <span class='ocrx_word' id='word_1_42' title='bbox 574 773 775 838; x_wconf 84' lang='lat' dir='ltr'><strong>Gellessienss</strong></span> <span class='ocrx_word' id='word_1_43' title='bbox 794 777 895 858; x_wconf 82' lang='lat' dir='ltr'><strong>copies</strong></span> <span class='ocrx_word' id='word_1_44' title='bbox 910 779 1074 862; x_wconf 76' lang='lat' dir='ltr'><strong>attigimus,</strong></span> <span class='ocrx_word' id='word_1_45' title='bbox 1093 792 1122 846; x_wconf 79' lang='lat' dir='ltr'><strong>st</strong></span> <span class='ocrx_word' id='word_1_46' title='bbox 1138 805 1209 846; x_wconf 83' lang='lat' dir='ltr'><strong>mox</strong></span> <span class='ocrx_word' id='word_1_47' title='bbox 1228 807 1275 848; x_wconf 65' lang='lat' dir='ltr'><strong>ge.</strong></span> 
     </span>
     <span class='ocr_line' id='line_1_6' title="bbox 79 867 1275 957; baseline 0.011 -26"><span class='ocrx_word' id='word_1_48' title='bbox 79 868 184 950; x_wconf 81' lang='lat' dir='ltr'><strong>quenti</strong></span> <span class='ocrx_word' id='word_1_49' title='bbox 203 869 255 931; x_wconf 85' lang='lat' dir='ltr'><strong>die</strong></span> <span class='ocrx_word' id='word_1_50' title='bbox 273 867 421 951; x_wconf 68' lang='lat' dir='ltr'><strong>vigesimi</strong></span> <span class='ocrx_word' id='word_1_51' title='bbox 439 867 545 931; x_wconf 70' lang='lat' dir='ltr'><strong>ceteri</strong></span> <span class='ocrx_word' id='word_1_52' title='bbox 564 880 668 933; x_wconf 82' lang='lat' dir='ltr'><strong>contre</strong></span> <span class='ocrx_word' id='word_1_53' title='bbox 686 871 791 935; x_wconf 85' lang='lat' dir='ltr'><strong>Gellos</strong></span> <span class='ocrx_word' id='word_1_54' title='bbox 811 894 872 935; x_wconf 91' lang='lat' dir='ltr'><strong>non</strong></span> <span class='ocrx_word' id='word_1_55' title='bbox 893 878 996 957; x_wconf 88' lang='lat' dir='ltr'><strong>procul</strong></span> <span class='ocrx_word' id='word_1_56' title='bbox 1012 878 1032 939; x_wconf 78' lang='lat' dir='ltr'><strong>h</strong></span> <span class='ocrx_word' id='word_1_57' title='bbox 1048 879 1134 941; x_wconf 88' lang='lat' dir='ltr'><strong>nobis</strong></span> <span class='ocrx_word' id='word_1_58' title='bbox 1157 882 1275 944; x_wconf 90' lang='lat' dir='ltr'><strong>dissitos</strong></span> 
     </span>
     <span class='ocr_line' id='line_1_7' title="bbox 80 964 1275 1061; baseline 0.013 -36"><span class='ocrx_word' id='word_1_59' title='bbox 80 965 190 1044; x_wconf 86' lang='lat' dir='ltr'><strong>egressi</strong></span> <span class='ocrx_word' id='word_1_60' title='bbox 207 984 319 1040; x_wconf 88' lang='lat' dir='ltr'><strong>sumus,</strong></span> <span class='ocrx_word' id='word_1_61' title='bbox 334 964 388 1046; x_wconf 91' lang='lat' dir='ltr'><strong>qui</strong></span> <span class='ocrx_word' id='word_1_62' title='bbox 403 984 473 1026; x_wconf 91' lang='lat' dir='ltr'><strong>oum</strong></span> <span class='ocrx_word' id='word_1_63' title='bbox 485 966 524 1027; x_wconf 90' lang='lat' dir='ltr'><strong>de</strong></span> <span class='ocrx_word' id='word_1_64' title='bbox 540 975 643 1029; x_wconf 88' lang='lat' dir='ltr'><strong>nostro</strong></span> <span class='ocrx_word' id='word_1_65' title='bbox 655 968 786 1029; x_wconf 86' lang='lat' dir='ltr'><strong>edventu</strong></span> <span class='ocrx_word' id='word_1_66' title='bbox 799 970 969 1048; x_wconf 91' lang='lat' dir='ltr'><strong>eudierunt,</strong></span> <span class='ocrx_word' id='word_1_67' title='bbox 983 993 1054 1036; x_wconf 87' lang='lat' dir='ltr'><strong>mox</strong></span> <span class='ocrx_word' id='word_1_68' title='bbox 1069 985 1152 1038; x_wconf 89' lang='lat' dir='ltr'><strong>metu</strong></span> <span class='ocrx_word' id='word_1_69' title='bbox 1167 978 1275 1061; x_wconf 76' lang='lat' dir='ltr'><strong>dilapsi</strong></span> 
     </span>
     <span class='ocr_line' id='line_1_8' title="bbox 78 1060 1274 1135; baseline 0.012 -14"><span class='ocrx_word' id='word_1_70' title='bbox 78 1072 158 1122; x_wconf 80' lang='lat' dir='ltr'><strong>mut.</strong></span> <span class='ocrx_word' id='word_1_71' title='bbox 201 1060 265 1123; x_wconf 84' lang='lat' dir='ltr'><strong>Hic</strong></span> <span class='ocrx_word' id='word_1_72' title='bbox 277 1081 350 1123; x_wconf 85' lang='lat' dir='ltr'><strong>rero</strong></span> <span class='ocrx_word' id='word_1_73' title='bbox 362 1062 436 1122; x_wconf 87' lang='lat' dir='ltr'><strong>dum</strong></span> <span class='ocrx_word' id='word_1_74' title='bbox 451 1061 659 1125; x_wconf 88' lang='lat' dir='ltr'><strong>Mercbiouem</strong></span> <span class='ocrx_word' id='word_1_75' title='bbox 672 1064 710 1125; x_wconf 92' lang='lat' dir='ltr'><strong>de</strong></span> <span class='ocrx_word' id='word_1_76' title='bbox 725 1064 831 1127; x_wconf 72' lang='lat' dir='ltr'><strong>(irene</strong></span> <span class='ocrx_word' id='word_1_77' title='bbox 843 1086 912 1127; x_wconf 91' lang='lat' dir='ltr'><strong>cum</strong></span> <span class='ocrx_word' id='word_1_78' title='bbox 929 1070 1083 1131; x_wconf 90' lang='lat' dir='ltr'><strong>tormentis</strong></span> <span class='ocrx_word' id='word_1_79' title='bbox 1096 1072 1209 1133; x_wconf 82' lang='lat' dir='ltr'><strong>bellicis</strong></span> <span class='ocrx_word' id='word_1_80' title='bbox 1222 1094 1274 1135; x_wconf 87' lang='lat' dir='ltr'><strong>ex-</strong></span> 
     </span>
     <span class='ocr_line' id='line_1_9' title="bbox 78 1157 1275 1241; baseline 0.012 -24"><span class='ocrx_word' id='word_1_81' title='bbox 78 1168 244 1237; x_wconf 82' lang='lat' dir='ltr'><strong>pectemus,</strong></span> <span class='ocrx_word' id='word_1_82' title='bbox 254 1157 346 1219; x_wconf 78' lang='lat' dir='ltr'><strong>seriis</strong></span> <span class='ocrx_word' id='word_1_83' title='bbox 355 1158 579 1220; x_wconf 90' lang='lat' dir='ltr'><strong>excursionibus</strong></span> <span class='ocrx_word' id='word_1_84' title='bbox 588 1160 680 1220; x_wconf 77' lang='lat' dir='ltr'><strong>nostri</strong></span> <span class='ocrx_word' id='word_1_85' title='bbox 688 1159 787 1241; x_wconf 91' lang='lat' dir='ltr'><strong>plures</strong></span> <span class='ocrx_word' id='word_1_86' title='bbox 797 1160 926 1223; x_wconf 86' lang='lat' dir='ltr'><strong>hostium</strong></span> <span class='ocrx_word' id='word_1_87' title='bbox 937 1162 969 1224; x_wconf 94' lang='lat' dir='ltr'><strong>in</strong></span> <span class='ocrx_word' id='word_1_88' title='bbox 979 1174 1076 1227; x_wconf 88' lang='lat' dir='ltr'><strong>cestre</strong></span> <span class='ocrx_word' id='word_1_89' title='bbox 1086 1167 1275 1231; x_wconf 84' lang='lat' dir='ltr'><strong>edduxemnt</strong></span> 
     </span>
     <span class='ocr_line' id='line_1_10' title="bbox 79 1252 1274 1338; baseline 0.011 -25"><span class='ocrx_word' id='word_1_90' title='bbox 79 1252 223 1333; x_wconf 72' lang='lat' dir='ltr'><strong>cepticos.</strong></span> <span class='ocrx_word' id='word_1_91' title='bbox 268 1254 374 1315; x_wconf 83' lang='lat' dir='ltr'><strong>Pridie</strong></span> <span class='ocrx_word' id='word_1_92' title='bbox 393 1254 426 1315; x_wconf 84' lang='lat' dir='ltr'><strong>S.</strong></span> <span class='ocrx_word' id='word_1_93' title='bbox 446 1254 606 1316; x_wconf 69' lang='lat' dir='ltr'><strong>Micheelis</strong></span> <span class='ocrx_word' id='word_1_94' title='bbox 624 1252 809 1338; x_wconf 78' lang='lat' dir='ltr'><strong>Archangeli</strong></span> <span class='ocrx_word' id='word_1_95' title='bbox 829 1258 970 1321; x_wconf 87' lang='lat' dir='ltr'><strong>Merohio</strong></span> <span class='ocrx_word' id='word_1_96' title='bbox 988 1261 1027 1322; x_wconf 93' lang='lat' dir='ltr'><strong>de</strong></span> <span class='ocrx_word' id='word_1_97' title='bbox 1048 1262 1154 1324; x_wconf 84' lang='lat' dir='ltr'><strong>Grens</strong></span> <span class='ocrx_word' id='word_1_98' title='bbox 1170 1265 1274 1326; x_wconf 83' lang='lat' dir='ltr'><strong>edesse</strong></span> 
     </span>
     <span class='ocr_line' id='line_1_11' title="bbox 77 1348 1274 1435; baseline 0.011 -26"><span class='ocrx_word' id='word_1_99' title='bbox 77 1349 250 1425; x_wconf 68' lang='lat' dir='ltr'><strong>nunciatur,</strong></span> <span class='ocrx_word' id='word_1_100' title='bbox 266 1348 371 1411; x_wconf 85' lang='lat' dir='ltr'><strong>Gelles</strong></span> <span class='ocrx_word' id='word_1_101' title='bbox 383 1370 454 1432; x_wconf 91' lang='lat' dir='ltr'><strong>ergo</strong></span> <span class='ocrx_word' id='word_1_102' title='bbox 470 1351 639 1413; x_wconf 85' lang='lat' dir='ltr'><strong>convocetis</strong></span> <span class='ocrx_word' id='word_1_103' title='bbox 652 1352 716 1432; x_wconf 90' lang='lat' dir='ltr'><strong>ipso</strong></span> <span class='ocrx_word' id='word_1_104' title='bbox 729 1350 916 1435; x_wconf 78' lang='lat' dir='ltr'><strong>Archangeli</strong></span> <span class='ocrx_word' id='word_1_105' title='bbox 931 1356 1007 1418; x_wconf 84' lang='lat' dir='ltr'><strong>festo</strong></span> <span class='ocrx_word' id='word_1_106' title='bbox 1021 1358 1160 1419; x_wconf 91' lang='lat' dir='ltr'><strong>omnibus</strong></span> <span class='ocrx_word' id='word_1_107' title='bbox 1173 1360 1274 1422; x_wconf 83' lang='lat' dir='ltr'><strong>Gene-</strong></span> 
     </span>
     <span class='ocr_line' id='line_1_12' title="bbox 76 1445 1273 1527; baseline 0.011 -22"><span class='ocrx_word' id='word_1_108' title='bbox 76 1445 190 1506; x_wconf 88' lang='lat' dir='ltr'><strong>relibus</strong></span> <span class='ocrx_word' id='word_1_109' title='bbox 202 1456 233 1507; x_wconf 91' lang='lat' dir='ltr'><strong>et</strong></span> <span class='ocrx_word' id='word_1_110' title='bbox 246 1445 432 1509; x_wconf 84' lang='lat' dir='ltr'><strong>Officielibus</strong></span> <span class='ocrx_word' id='word_1_111' title='bbox 445 1447 585 1509; x_wconf 76' lang='lat' dir='ltr'><strong>inritavit</strong></span> <span class='ocrx_word' id='word_1_112' title='bbox 597 1467 646 1509; x_wconf 91' lang='lat' dir='ltr'><strong>eos</strong></span> <span class='ocrx_word' id='word_1_113' title='bbox 659 1449 698 1510; x_wconf 91' lang='lat' dir='ltr'><strong>ed</strong></span> <span class='ocrx_word' id='word_1_114' title='bbox 712 1448 817 1513; x_wconf 81' lang='lat' dir='ltr'><strong>Missse</strong></span> <span class='ocrx_word' id='word_1_115' title='bbox 831 1448 1030 1527; x_wconf 77' lang='lat' dir='ltr'><strong>Sacrificium,</strong></span> <span class='ocrx_word' id='word_1_116' title='bbox 1043 1463 1074 1514; x_wconf 90' lang='lat' dir='ltr'><strong>et</strong></span> <span class='ocrx_word' id='word_1_117' title='bbox 1088 1453 1273 1519; x_wconf 72' lang='lat' dir='ltr'><strong>concionem</strong></span> 
     </span>
     <span class='ocr_line' id='line_1_13' title="bbox 72 1542 1270 1634; baseline 0.011 -33"><span class='ocrx_word' id='word_1_118' title='bbox 72 1542 259 1604; x_wconf 74' lang='lat' dir='ltr'><strong>audiendam</strong></span> <span class='ocrx_word' id='word_1_119' title='bbox 275 1562 365 1623; x_wconf 88' lang='lat' dir='ltr'><strong>quem</strong></span> <span class='ocrx_word' id='word_1_120' title='bbox 380 1543 472 1605; x_wconf 86' lang='lat' dir='ltr'><strong>Peter</strong></span> <span class='ocrx_word' id='word_1_121' title='bbox 489 1543 528 1604; x_wconf 90' lang='lat' dir='ltr'><strong>de</strong></span> <span class='ocrx_word' id='word_1_122' title='bbox 542 1544 688 1605; x_wconf 83' lang='lat' dir='ltr'><strong>Societebe</strong></span> <span class='ocrx_word' id='word_1_123' title='bbox 702 1544 725 1605; x_wconf 86' lang='lat' dir='ltr'><strong>J</strong></span> <span class='ocrx_word' id='word_1_124' title='bbox 727 1564 781 1605; x_wconf 84' lang='lat' dir='ltr'><strong>neu</strong></span> <span class='ocrx_word' id='word_1_125' title='bbox 798 1544 912 1621; x_wconf 83' lang='lat' dir='ltr'><strong>hebuit,</strong></span> <span class='ocrx_word' id='word_1_126' title='bbox 926 1548 1047 1629; x_wconf 84' lang='lat' dir='ltr'><strong>egitque</strong></span> <span class='ocrx_word' id='word_1_127' title='bbox 1064 1550 1103 1611; x_wconf 93' lang='lat' dir='ltr'><strong>de</strong></span> <span class='ocrx_word' id='word_1_128' title='bbox 1119 1552 1222 1634; x_wconf 73' lang='lat' dir='ltr'><strong>pugni</strong></span> <span class='ocrx_word' id='word_1_129' title='bbox 1236 1552 1270 1614; x_wconf 77' lang='lat' dir='ltr'><strong>S.</strong></span> 
     </span>
     <span class='ocr_line' id='line_1_14' title="bbox 75 1638 1270 1722; baseline 0.009 -23"><span class='ocrx_word' id='word_1_130' title='bbox 75 1638 239 1700; x_wconf 71' lang='lat' dir='ltr'><strong>Michaelis</strong></span> <span class='ocrx_word' id='word_1_131' title='bbox 252 1639 284 1699; x_wconf 89' lang='lat' dir='ltr'><strong>in</strong></span> <span class='ocrx_word' id='word_1_132' title='bbox 298 1638 422 1701; x_wconf 87' lang='lat' dir='ltr'><strong>rebelles</strong></span> <span class='ocrx_word' id='word_1_133' title='bbox 437 1638 513 1701; x_wconf 84' lang='lat' dir='ltr'><strong>coelo</strong></span> <span class='ocrx_word' id='word_1_134' title='bbox 525 1638 671 1721; x_wconf 77' lang='lat' dir='ltr'><strong>Angelos,</strong></span> <span class='ocrx_word' id='word_1_135' title='bbox 684 1640 832 1721; x_wconf 74' lang='lat' dir='ltr'><strong>duceque</strong></span> <span class='ocrx_word' id='word_1_136' title='bbox 844 1640 915 1703; x_wconf 90' lang='lat' dir='ltr'><strong>inde</strong></span> <span class='ocrx_word' id='word_1_137' title='bbox 931 1643 1137 1722; x_wconf 88' lang='lat' dir='ltr'><strong>similitudine,</strong></span> <span class='ocrx_word' id='word_1_138' title='bbox 1150 1650 1270 1711; x_wconf 85' lang='lat' dir='ltr'><strong>univer·</strong></span> 
     </span>
     <span class='ocr_line' id='line_1_15' title="bbox 73 1734 1273 1818; baseline 0.01 -23"><span class='ocrx_word' id='word_1_139' title='bbox 73 1752 122 1795; x_wconf 89' lang='lat' dir='ltr'><strong>sos</strong></span> <span class='ocrx_word' id='word_1_140' title='bbox 136 1734 177 1795; x_wconf 80' lang='lat' dir='ltr'><strong>ed</strong></span> <span class='ocrx_word' id='word_1_141' title='bbox 190 1736 306 1798; x_wconf 84' lang='lat' dir='ltr'><strong>fortiter</strong></span> <span class='ocrx_word' id='word_1_142' title='bbox 315 1736 512 1818; x_wconf 74' lang='lat' dir='ltr'><strong>preliandum</strong></span> <span class='ocrx_word' id='word_1_143' title='bbox 525 1755 580 1817; x_wconf 92' lang='lat' dir='ltr'><strong>pro</strong></span> <span class='ocrx_word' id='word_1_144' title='bbox 592 1734 662 1797; x_wconf 82' lang='lat' dir='ltr'><strong>Deo</strong></span> <span class='ocrx_word' id='word_1_145' title='bbox 675 1746 705 1797; x_wconf 91' lang='lat' dir='ltr'><strong>et</strong></span> <span class='ocrx_word' id='word_1_146' title='bbox 715 1736 834 1798; x_wconf 71' lang='lat' dir='ltr'><strong>(lesere</strong></span> <span class='ocrx_word' id='word_1_147' title='bbox 845 1736 981 1799; x_wconf 74' lang='lat' dir='ltr'><strong>hortatus</strong></span> <span class='ocrx_word' id='word_1_148' title='bbox 993 1747 1048 1800; x_wconf 89' lang='lat' dir='ltr'><strong>est.</strong></span> <span class='ocrx_word' id='word_1_149' title='bbox 1073 1738 1158 1803; x_wconf 91' lang='lat' dir='ltr'><strong>Hinc</strong></span> <span class='ocrx_word' id='word_1_150' title='bbox 1168 1754 1273 1808; x_wconf 87' lang='lat' dir='ltr'><strong>contre</strong></span> 
     </span>
     <span class='ocr_line' id='line_1_16' title="bbox 74 1832 1272 1917; baseline 0.005 -22"><span class='ocrx_word' id='word_1_151' title='bbox 74 1832 192 1895; x_wconf 85' lang='lat' dir='ltr'><strong>hostem</strong></span> <span class='ocrx_word' id='word_1_152' title='bbox 210 1854 280 1895; x_wconf 88' lang='lat' dir='ltr'><strong>mox</strong></span> <span class='ocrx_word' id='word_1_153' title='bbox 297 1834 372 1894; x_wconf 85' lang='lat' dir='ltr'><strong>itum</strong></span> <span class='ocrx_word' id='word_1_154' title='bbox 387 1842 441 1909; x_wconf 87' lang='lat' dir='ltr'><strong>est,</strong></span> <span class='ocrx_word' id='word_1_155' title='bbox 457 1834 632 1895; x_wconf 86' lang='lat' dir='ltr'><strong>mendetum</strong></span> <span class='ocrx_word' id='word_1_156' title='bbox 649 1834 730 1895; x_wconf 90' lang='lat' dir='ltr'><strong>enim</strong></span> <span class='ocrx_word' id='word_1_157' title='bbox 744 1833 839 1915; x_wconf 89' lang='lat' dir='ltr'><strong>Regis</strong></span> <span class='ocrx_word' id='word_1_158' title='bbox 851 1833 1020 1916; x_wconf 84' lang='lat' dir='ltr'><strong>Hungeriee</strong></span> <span class='ocrx_word' id='word_1_159' title='bbox 1035 1837 1160 1917; x_wconf 87' lang='lat' dir='ltr'><strong>urgebet</strong></span> <span class='ocrx_word' id='word_1_160' title='bbox 1175 1846 1210 1899; x_wconf 88' lang='lat' dir='ltr'><strong>ut</strong></span> <span class='ocrx_word' id='word_1_161' title='bbox 1225 1860 1272 1901; x_wconf 86' lang='lat' dir='ltr'><strong>res</strong></span> 
     </span>
     <span class='ocr_line' id='line_1_17' title="bbox 74 1929 1272 2009; baseline 0.005 -18"><span class='ocrx_word' id='word_1_162' title='bbox 74 1930 184 2009; x_wconf 81' lang='lat' dir='ltr'><strong>proelio</strong></span> <span class='ocrx_word' id='word_1_163' title='bbox 204 1930 423 1992; x_wconf 85' lang='lat' dir='ltr'><strong>decerneretur.</strong></span> <span class='ocrx_word' id='word_1_164' title='bbox 465 1929 556 1991; x_wconf 79' lang='lat' dir='ltr'><strong>Sexto</strong></span> <span class='ocrx_word' id='word_1_165' title='bbox 574 1929 715 1990; x_wconf 83' lang='lat' dir='ltr'><strong>Octobris</strong></span> <span class='ocrx_word' id='word_1_166' title='bbox 735 1930 784 1990; x_wconf 89' lang='lat' dir='ltr'><strong>die</strong></span> <span class='ocrx_word' id='word_1_167' title='bbox 803 1930 878 1990; x_wconf 88' lang='lat' dir='ltr'><strong>Dux</strong></span> <span class='ocrx_word' id='word_1_168' title='bbox 895 1930 1060 1993; x_wconf 89' lang='lat' dir='ltr'><strong>Wimerius</strong></span> <span class='ocrx_word' id='word_1_169' title='bbox 1079 1931 1203 1995; x_wconf 84' lang='lat' dir='ltr'><strong>Oroetes</strong></span> <span class='ocrx_word' id='word_1_170' title='bbox 1225 1935 1272 1997; x_wconf 91' lang='lat' dir='ltr'><strong>in·</strong></span> 
     </span>
     <span class='ocr_line' id='line_1_18' title="bbox 73 2023 1271 2113; baseline 0.004 -26"><span class='ocrx_word' id='word_1_171' title='bbox 73 2025 182 2087; x_wconf 85' lang='lat' dir='ltr'><strong>feustis</strong></span> <span class='ocrx_word' id='word_1_172' title='bbox 195 2026 335 2107; x_wconf 88' lang='lat' dir='ltr'><strong>suspieiis</strong></span> <span class='ocrx_word' id='word_1_173' title='bbox 348 2026 489 2107; x_wconf 86' lang='lat' dir='ltr'><strong>impetere</strong></span> <span class='ocrx_word' id='word_1_174' title='bbox 500 2023 606 2113; x_wconf 84' lang='lat' dir='ltr'><strong>voluit,</strong></span> <span class='ocrx_word' id='word_1_175' title='bbox 617 2045 688 2085; x_wconf 89' lang='lat' dir='ltr'><strong>nem</strong></span> <span class='ocrx_word' id='word_1_176' title='bbox 701 2045 771 2087; x_wconf 89' lang='lat' dir='ltr'><strong>oum</strong></span> <span class='ocrx_word' id='word_1_177' title='bbox 784 2026 911 2087; x_wconf 90' lang='lat' dir='ltr'><strong>militem</strong></span> <span class='ocrx_word' id='word_1_178' title='bbox 920 2036 1055 2089; x_wconf 89' lang='lat' dir='ltr'><strong>nostrum</strong></span> <span class='ocrx_word' id='word_1_179' title='bbox 1067 2038 1176 2111; x_wconf 82' lang='lat' dir='ltr'><strong>preter</strong></span> <span class='ocrx_word' id='word_1_180' title='bbox 1187 2052 1271 2113; x_wconf 89' lang='lat' dir='ltr'><strong>spem</strong></span> 
     </span>
     <span class='ocr_line' id='line_1_19' title="bbox 73 2120 1270 2208; baseline 0.005 -25"><span class='ocrx_word' id='word_1_181' title='bbox 73 2121 203 2204; x_wconf 85' lang='lat' dir='ltr'><strong>vigilem</strong></span> <span class='ocrx_word' id='word_1_182' title='bbox 216 2122 382 2203; x_wconf 87' lang='lat' dir='ltr'><strong>reperisset,</strong></span> <span class='ocrx_word' id='word_1_183' title='bbox 392 2141 483 2202; x_wconf 87' lang='lat' dir='ltr'><strong>qoem</strong></span> <span class='ocrx_word' id='word_1_184' title='bbox 493 2120 611 2183; x_wconf 85' lang='lat' dir='ltr'><strong>Croetis</strong></span> <span class='ocrx_word' id='word_1_185' title='bbox 624 2121 802 2192; x_wconf 85' lang='lat' dir='ltr'><strong>intenderet,</strong></span> <span class='ocrx_word' id='word_1_186' title='bbox 812 2122 937 2203; x_wconf 89' lang='lat' dir='ltr'><strong>ipsemet</strong></span> <span class='ocrx_word' id='word_1_187' title='bbox 949 2122 1066 2185; x_wconf 89' lang='lat' dir='ltr'><strong>cledem</strong></span> <span class='ocrx_word' id='word_1_188' title='bbox 1075 2126 1162 2202; x_wconf 73' lang='lat' dir='ltr'><strong>tulit,</strong></span> <span class='ocrx_word' id='word_1_189' title='bbox 1181 2136 1270 2208; x_wconf 89' lang='lat' dir='ltr'><strong>etque</strong></span> 
     </span>
     <span class='ocr_line' id='line_1_20' title="bbox 74 2214 1272 2301; baseline 0.006 -22"><span class='ocrx_word' id='word_1_190' title='bbox 74 2228 150 2279; x_wconf 88' lang='lat' dir='ltr'><strong>tuno</strong></span> <span class='ocrx_word' id='word_1_191' title='bbox 165 2218 284 2280; x_wconf 79' lang='lat' dir='ltr'><strong>Croetse</strong></span> <span class='ocrx_word' id='word_1_192' title='bbox 300 2227 367 2298; x_wconf 89' lang='lat' dir='ltr'><strong>post</strong></span> <span class='ocrx_word' id='word_1_193' title='bbox 381 2236 473 2279; x_wconf 77' lang='lat' dir='ltr'><strong>cesos</strong></span> <span class='ocrx_word' id='word_1_194' title='bbox 487 2214 630 2297; x_wconf 88' lang='lat' dir='ltr'><strong>plurimos</strong></span> <span class='ocrx_word' id='word_1_195' title='bbox 645 2217 720 2278; x_wconf 87' lang='lat' dir='ltr'><strong>duos</strong></span> <span class='ocrx_word' id='word_1_196' title='bbox 733 2218 880 2280; x_wconf 79' lang='lat' dir='ltr'><strong>Tribunos</strong></span> <span class='ocrx_word' id='word_1_197' title='bbox 896 2239 966 2279; x_wconf 91' lang='lat' dir='ltr'><strong>cum</strong></span> <span class='ocrx_word' id='word_1_198' title='bbox 980 2220 1141 2301; x_wconf 79' lang='lat' dir='ltr'><strong>Fquitibus</strong></span> <span class='ocrx_word' id='word_1_199' title='bbox 1156 2232 1225 2285; x_wconf 89' lang='lat' dir='ltr'><strong>octo</strong></span> <span class='ocrx_word' id='word_1_200' title='bbox 1240 2234 1272 2287; x_wconf 89' lang='lat' dir='ltr'><strong>et</strong></span> 
     </span>
     <span class='ocr_line' id='line_1_21' title="bbox 76 2312 1271 2399; baseline 0.006 -24"><span class='ocrx_word' id='word_1_201' title='bbox 76 2314 279 2399; x_wconf 77' lang='lat' dir='ltr'><strong>qmdruginte</strong></span> <span class='ocrx_word' id='word_1_202' title='bbox 294 2315 397 2396; x_wconf 86' lang='lat' dir='ltr'><strong>Equos</strong></span> <span class='ocrx_word' id='word_1_203' title='bbox 413 2322 577 2395; x_wconf 79' lang='lat' dir='ltr'><strong>coeperunt.</strong></span> <span class='ocrx_word' id='word_1_204' title='bbox 618 2312 689 2375; x_wconf 89' lang='lat' dir='ltr'><strong>Hec</strong></span> <span class='ocrx_word' id='word_1_205' title='bbox 709 2312 794 2376; x_wconf 83' lang='lat' dir='ltr'><strong>olsde</strong></span> <span class='ocrx_word' id='word_1_206' title='bbox 811 2313 933 2397; x_wconf 73' lang='lat' dir='ltr'><strong>seeeptd</strong></span> <span class='ocrx_word' id='word_1_207' title='bbox 949 2315 1113 2379; x_wconf 88' lang='lat' dir='ltr'><strong>Wimerius</strong></span> <span class='ocrx_word' id='word_1_208' title='bbox 1129 2318 1170 2380; x_wconf 90' lang='lat' dir='ltr'><strong>ed</strong></span> <span class='ocrx_word' id='word_1_209' title='bbox 1186 2319 1271 2382; x_wconf 89' lang='lat' dir='ltr'><strong>dolos</strong></span> 
     </span>
     <span class='ocr_line' id='line_1_22' title="bbox 76 2408 1270 2498; baseline 0.005 -26"><span class='ocrx_word' id='word_1_210' title='bbox 76 2412 213 2473; x_wconf 78' lang='lat' dir='ltr'><strong>animum</strong></span> <span class='ocrx_word' id='word_1_211' title='bbox 232 2411 388 2488; x_wconf 78' lang='lat' dir='ltr'><strong>convertit,</strong></span> <span class='ocrx_word' id='word_1_212' title='bbox 407 2410 505 2472; x_wconf 86' lang='lat' dir='ltr'><strong>emisit</strong></span> <span class='ocrx_word' id='word_1_213' title='bbox 524 2411 604 2471; x_wconf 87' lang='lat' dir='ltr'><strong>enim</strong></span> <span class='ocrx_word' id='word_1_214' title='bbox 624 2410 656 2470; x_wconf 92' lang='lat' dir='ltr'><strong>in</strong></span> <span class='ocrx_word' id='word_1_215' title='bbox 677 2408 784 2471; x_wconf 79' lang='lat' dir='ltr'><strong>Cestru</strong></span> <span class='ocrx_word' id='word_1_216' title='bbox 800 2410 978 2474; x_wconf 85' lang='lat' dir='ltr'><strong>Croeturum</strong></span> <span class='ocrx_word' id='word_1_217' title='bbox 996 2433 1033 2474; x_wconf 89' lang='lat' dir='ltr'><strong>ex</strong></span> <span class='ocrx_word' id='word_1_218' title='bbox 1051 2414 1168 2476; x_wconf 69' lang='lat' dir='ltr'><strong>diversi</strong></span> <span class='ocrx_word' id='word_1_219' title='bbox 1186 2427 1270 2498; x_wconf 87' lang='lat' dir='ltr'><strong>perte</strong></span> 
     </span>
     <span class='ocr_line' id='line_1_23' title="bbox 76 2506 1270 2591; baseline 0.003 -20"><span class='ocrx_word' id='word_1_220' title='bbox 76 2521 208 2571; x_wconf 80' lang='lat' dir='ltr'><strong>tur-mem</strong></span> <span class='ocrx_word' id='word_1_221' title='bbox 221 2509 382 2591; x_wconf 87' lang='lat' dir='ltr'><strong>duplicem,</strong></span> <span class='ocrx_word' id='word_1_222' title='bbox 394 2528 521 2589; x_wconf 83' lang='lat' dir='ltr'><strong>cumque</strong></span> <span class='ocrx_word' id='word_1_223' title='bbox 535 2507 596 2568; x_wconf 78' lang='lat' dir='ltr'><strong>und</strong></span> <span class='ocrx_word' id='word_1_224' title='bbox 605 2507 637 2568; x_wconf 88' lang='lat' dir='ltr'><strong>in</strong></span> <span class='ocrx_word' id='word_1_225' title='bbox 648 2506 771 2570; x_wconf 78' lang='lat' dir='ltr'><strong>Oroetes</strong></span> <span class='ocrx_word' id='word_1_226' title='bbox 784 2518 930 2590; x_wconf 84' lang='lat' dir='ltr'><strong>pergeret,</strong></span> <span class='ocrx_word' id='word_1_227' title='bbox 942 2509 1059 2571; x_wconf 84' lang='lat' dir='ltr'><strong>Oroetae</strong></span> <span class='ocrx_word' id='word_1_228' title='bbox 1073 2510 1117 2570; x_wconf 93' lang='lat' dir='ltr'><strong>nil</strong></span> <span class='ocrx_word' id='word_1_229' title='bbox 1127 2531 1164 2572; x_wconf 86' lang='lat' dir='ltr'><strong>ex</strong></span> <span class='ocrx_word' id='word_1_230' title='bbox 1176 2511 1270 2574; x_wconf 74' lang='lat' dir='ltr'><strong>dcere</strong></span> 
     </span>
     <span class='ocr_line' id='line_1_24' title="bbox 75 2603 1270 2688; baseline 0.003 -22"><span class='ocrx_word' id='word_1_231' title='bbox 75 2615 162 2688; x_wconf 85' lang='lat' dir='ltr'><strong>perte</strong></span> <span class='ocrx_word' id='word_1_232' title='bbox 178 2606 304 2686; x_wconf 86' lang='lat' dir='ltr'><strong>periculi</strong></span> <span class='ocrx_word' id='word_1_233' title='bbox 318 2614 491 2680; x_wconf 88' lang='lat' dir='ltr'><strong>metuentes,</strong></span> <span class='ocrx_word' id='word_1_234' title='bbox 504 2613 581 2666; x_wconf 87' lang='lat' dir='ltr'><strong>totos</strong></span> <span class='ocrx_word' id='word_1_235' title='bbox 597 2624 628 2664; x_wconf 92' lang='lat' dir='ltr'><strong>se</strong></span> <span class='ocrx_word' id='word_1_236' title='bbox 645 2603 676 2664; x_wconf 91' lang='lat' dir='ltr'><strong>iu</strong></span> <span class='ocrx_word' id='word_1_237' title='bbox 693 2623 757 2666; x_wconf 91' lang='lat' dir='ltr'><strong>esm</strong></span> <span class='ocrx_word' id='word_1_238' title='bbox 777 2613 890 2684; x_wconf 79' lang='lat' dir='ltr'><strong>pestem</strong></span> <span class='ocrx_word' id='word_1_239' title='bbox 908 2613 1127 2682; x_wconf 88' lang='lat' dir='ltr'><strong>converterunt,</strong></span> <span class='ocrx_word' id='word_1_240' title='bbox 1142 2626 1270 2687; x_wconf 91' lang='lat' dir='ltr'><strong>cumque</strong></span> 
     </span>
     <span class='ocr_line' id='line_1_25' title="bbox 75 2700 1270 2783; baseline 0 -21"><span class='ocrx_word' id='word_1_241' title='bbox 75 2702 195 2764; x_wconf 86' lang='lat' dir='ltr'><strong>hostem</strong></span> <span class='ocrx_word' id='word_1_242' title='bbox 211 2701 359 2764; x_wconf 76' lang='lat' dir='ltr'><strong>incentirls</strong></span> <span class='ocrx_word' id='word_1_243' title='bbox 378 2701 553 2783; x_wconf 84' lang='lat' dir='ltr'><strong>longiusque</strong></span> <span class='ocrx_word' id='word_1_244' title='bbox 573 2701 808 2781; x_wconf 89' lang='lat' dir='ltr'><strong>insequerentur,</strong></span> <span class='ocrx_word' id='word_1_245' title='bbox 827 2700 920 2762; x_wconf 81' lang='lat' dir='ltr'><strong>altere</strong></span> <span class='ocrx_word' id='word_1_246' title='bbox 936 2711 1036 2763; x_wconf 84' lang='lat' dir='ltr'><strong>terme</strong></span> <span class='ocrx_word' id='word_1_247' title='bbox 1054 2721 1091 2763; x_wconf 86' lang='lat' dir='ltr'><strong>ex</strong></span> <span class='ocrx_word' id='word_1_248' title='bbox 1108 2701 1168 2762; x_wconf 77' lang='lat' dir='ltr'><strong>alis</strong></span> <span class='ocrx_word' id='word_1_249' title='bbox 1185 2713 1270 2783; x_wconf 84' lang='lat' dir='ltr'><strong>perte</strong></span> 
     </span>
     <span class='ocr_line' id='line_1_26' title="bbox 76 2797 1269 2879; baseline 0.002 -21"><span class='ocrx_word' id='word_1_250' title='bbox 76 2798 176 2874; x_wconf 85' lang='lat' dir='ltr'><strong>irruit,</strong></span> <span class='ocrx_word' id='word_1_251' title='bbox 195 2817 355 2879; x_wconf 86' lang='lat' dir='ltr'><strong>omnesque</strong></span> <span class='ocrx_word' id='word_1_252' title='bbox 373 2817 475 2859; x_wconf 90' lang='lat' dir='ltr'><strong>eorum</strong></span> <span class='ocrx_word' id='word_1_253' title='bbox 493 2817 599 2858; x_wconf 88' lang='lat' dir='ltr'><strong>currus</strong></span> <span class='ocrx_word' id='word_1_254' title='bbox 617 2805 648 2858; x_wconf 90' lang='lat' dir='ltr'><strong>et</strong></span> <span class='ocrx_word' id='word_1_255' title='bbox 665 2797 879 2878; x_wconf 81' lang='lat' dir='ltr'><strong>impedimenta</strong></span> <span class='ocrx_word' id='word_1_256' title='bbox 896 2798 1045 2859; x_wconf 86' lang='lat' dir='ltr'><strong>subducit.</strong></span> <span class='ocrx_word' id='word_1_257' title='bbox 1098 2797 1177 2859; x_wconf 86' lang='lat' dir='ltr'><strong>Haeo</strong></span> <span class='ocrx_word' id='word_1_258' title='bbox 1195 2799 1269 2860; x_wconf 88' lang='lat' dir='ltr'><strong>dum</strong></span> 
     </span>
     <span class='ocr_line' id='line_1_27' title="bbox 77 2892 1270 2978; baseline -0.001 -21"><span class='ocrx_word' id='word_1_259' title='bbox 77 2896 168 2972; x_wconf 87' lang='lat' dir='ltr'><strong>fiunt,</strong></span> <span class='ocrx_word' id='word_1_260' title='bbox 178 2895 375 2978; x_wconf 87' lang='lat' dir='ltr'><strong>epulebsntur</strong></span> <span class='ocrx_word' id='word_1_261' title='bbox 387 2895 507 2956; x_wconf 89' lang='lat' dir='ltr'><strong>interim</strong></span> <span class='ocrx_word' id='word_1_262' title='bbox 520 2903 550 2956; x_wconf 87' lang='lat' dir='ltr'><strong>et</strong></span> <span class='ocrx_word' id='word_1_263' title='bbox 564 2892 686 2955; x_wconf 81' lang='lat' dir='ltr'><strong>Baccho</strong></span> <span class='ocrx_word' id='word_1_264' title='bbox 699 2894 824 2957; x_wconf 87' lang='lat' dir='ltr'><strong>liteheut</strong></span> <span class='ocrx_word' id='word_1_265' title='bbox 835 2894 967 2976; x_wconf 88' lang='lat' dir='ltr'><strong>plurimi,</strong></span> <span class='ocrx_word' id='word_1_266' title='bbox 977 2893 1098 2976; x_wconf 75' lang='lat' dir='ltr'><strong>cogniti</strong></span> <span class='ocrx_word' id='word_1_267' title='bbox 1107 2895 1178 2956; x_wconf 84' lang='lat' dir='ltr'><strong>verb</strong></span> <span class='ocrx_word' id='word_1_268' title='bbox 1192 2905 1270 2978; x_wconf 88' lang='lat' dir='ltr'><strong>post·</strong></span> 
     </span>
     <span class='ocr_line' id='line_1_28' title="bbox 77 2989 1269 3072; baseline 0.001 -18"><span class='ocrx_word' id='word_1_269' title='bbox 77 2992 204 3054; x_wconf 89' lang='lat' dir='ltr'><strong>modum</strong></span> <span class='ocrx_word' id='word_1_270' title='bbox 215 2991 331 3064; x_wconf 83' lang='lat' dir='ltr'><strong>frende,</strong></span> <span class='ocrx_word' id='word_1_271' title='bbox 341 2990 482 3072; x_wconf 87' lang='lat' dir='ltr'><strong>deinceps</strong></span> <span class='ocrx_word' id='word_1_272' title='bbox 490 2989 587 3071; x_wconf 84' lang='lat' dir='ltr'><strong>megis</strong></span> <span class='ocrx_word' id='word_1_273' title='bbox 600 2989 753 3072; x_wconf 79' lang='lat' dir='ltr'><strong>magisque</strong></span> <span class='ocrx_word' id='word_1_274' title='bbox 765 2989 879 3052; x_wconf 89' lang='lat' dir='ltr'><strong>bostem</strong></span> <span class='ocrx_word' id='word_1_275' title='bbox 892 2991 1086 3051; x_wconf 77' lang='lat' dir='ltr'><strong>observarunt</strong></span> <span class='ocrx_word' id='word_1_276' title='bbox 1097 2991 1201 3067; x_wconf 91' lang='lat' dir='ltr'><strong>nostri,</strong></span> <span class='ocrx_word' id='word_1_277' title='bbox 1212 3013 1269 3055; x_wconf 91' lang='lat' dir='ltr'><strong>nec</strong></span> 
     </span>
     <span class='ocr_line' id='line_1_29' title="bbox 76 3085 1269 3168; baseline 0 -17"><span class='ocrx_word' id='word_1_278' title='bbox 76 3090 231 3151; x_wconf 85' lang='lat' dir='ltr'><strong>eudebsnt</strong></span> <span class='ocrx_word' id='word_1_279' title='bbox 239 3097 308 3149; x_wconf 86' lang='lat' dir='ltr'><strong>ente</strong></span> <span class='ocrx_word' id='word_1_280' title='bbox 321 3087 351 3148; x_wconf 93' lang='lat' dir='ltr'><strong>in</strong></span> <span class='ocrx_word' id='word_1_281' title='bbox 362 3107 502 3168; x_wconf 88' lang='lat' dir='ltr'><strong>csmpum</strong></span> <span class='ocrx_word' id='word_1_282' title='bbox 514 3085 628 3168; x_wconf 87' lang='lat' dir='ltr'><strong>egredi,</strong></span> <span class='ocrx_word' id='word_1_283' title='bbox 636 3106 727 3167; x_wconf 90' lang='lat' dir='ltr'><strong>quem</strong></span> <span class='ocrx_word' id='word_1_284' title='bbox 739 3086 920 3148; x_wconf 90' lang='lat' dir='ltr'><strong>Pieolomini</strong></span> <span class='ocrx_word' id='word_1_285' title='bbox 930 3097 961 3147; x_wconf 90' lang='lat' dir='ltr'><strong>et</strong></span> <span class='ocrx_word' id='word_1_286' title='bbox 969 3086 993 3147; x_wconf 85' lang='lat' dir='ltr'>J</span> <span class='ocrx_word' id='word_1_287' title='bbox 994 3106 1106 3148; x_wconf 89' lang='lat' dir='ltr'><strong>osnnes</strong></span> <span class='ocrx_word' id='word_1_288' title='bbox 1115 3086 1269 3151; x_wconf 88' lang='lat' dir='ltr'><strong>Werthius</strong></span> 
     </span>
     <span class='ocr_line' id='line_1_30' title="bbox 76 3181 1269 3267; baseline 0 -21"><span class='ocrx_word' id='word_1_289' title='bbox 76 3185 280 3248; x_wconf 70' lang='lat' dir='ltr'><strong>advenissent.</strong></span> <span class='ocrx_word' id='word_1_290' title='bbox 322 3183 441 3244; x_wconf 77' lang='lat' dir='ltr'><strong>interes</strong></span> <span class='ocrx_word' id='word_1_291' title='bbox 454 3181 593 3243; x_wconf 86' lang='lat' dir='ltr'><strong>Merobio</strong></span> <span class='ocrx_word' id='word_1_292' title='bbox 607 3181 639 3242; x_wconf 86' lang='lat' dir='ltr'><strong>S.</strong></span> <span class='ocrx_word' id='word_1_293' title='bbox 653 3182 781 3244; x_wconf 88' lang='lat' dir='ltr'><strong>Mertini</strong></span> <span class='ocrx_word' id='word_1_294' title='bbox 794 3203 864 3244; x_wconf 88' lang='lat' dir='ltr'><strong>cum</strong></span> <span class='ocrx_word' id='word_1_295' title='bbox 877 3182 1002 3244; x_wconf 87' lang='lat' dir='ltr'><strong>Butlero</strong></span> <span class='ocrx_word' id='word_1_296' title='bbox 1016 3183 1159 3244; x_wconf 87' lang='lat' dir='ltr'><strong>Genereli</strong></span> <span class='ocrx_word' id='word_1_297' title='bbox 1168 3184 1269 3267; x_wconf 78' lang='lat' dir='ltr'><strong>vigili·</strong></span> 
     </span>
     <span class='ocr_line' id='line_1_31' title="bbox 77 3277 1269 3342; baseline 0 0"><span class='ocrx_word' id='word_1_298' title='bbox 77 3301 165 3342; x_wconf 82' lang='lat' dir='ltr'><strong>erum</strong></span> <span class='ocrx_word' id='word_1_299' title='bbox 177 3280 326 3341; x_wconf 80' lang='lat' dir='ltr'><strong>Praefeoto</strong></span> <span class='ocrx_word' id='word_1_300' title='bbox 338 3279 479 3340; x_wconf 86' lang='lat' dir='ltr'><strong>edventet</strong></span> <span class='ocrx_word' id='word_1_301' title='bbox 487 3298 556 3339; x_wconf 93' lang='lat' dir='ltr'><strong>cum</strong></span> <span class='ocrx_word' id='word_1_302' title='bbox 570 3286 637 3339; x_wconf 92' lang='lat' dir='ltr'><strong>octo</strong></span> <span class='ocrx_word' id='word_1_303' title='bbox 646 3278 775 3340; x_wconf 88' lang='lat' dir='ltr'><strong>militurn</strong></span> <span class='ocrx_word' id='word_1_304' title='bbox 789 3277 921 3339; x_wconf 88' lang='lat' dir='ltr'><strong>millibus</strong></span> <span class='ocrx_word' id='word_1_305' title='bbox 930 3287 960 3339; x_wconf 90' lang='lat' dir='ltr'><strong>et</strong></span> <span class='ocrx_word' id='word_1_306' title='bbox 972 3278 1131 3340; x_wconf 88' lang='lat' dir='ltr'><strong>duodecim</strong></span> <span class='ocrx_word' id='word_1_307' title='bbox 1140 3289 1269 3342; x_wconf 89' lang='lat' dir='ltr'><strong>tormen·</strong></span> 
     </span>
     <span class='ocr_line' id='line_1_32' title="bbox 77 3373 1270 3456; baseline -0.001 -18"><span class='ocrx_word' id='word_1_308' title='bbox 77 3379 116 3438; x_wconf 88' lang='lat' dir='ltr'><strong>tis</strong></span> <span class='ocrx_word' id='word_1_309' title='bbox 130 3377 257 3450; x_wconf 92' lang='lat' dir='ltr'><strong>bellicis,</strong></span> <span class='ocrx_word' id='word_1_310' title='bbox 271 3377 309 3438; x_wconf 89' lang='lat' dir='ltr'><strong>de</strong></span> <span class='ocrx_word' id='word_1_311' title='bbox 323 3395 449 3456; x_wconf 91' lang='lat' dir='ltr'><strong>quorum</strong></span> <span class='ocrx_word' id='word_1_312' title='bbox 464 3375 596 3436; x_wconf 81' lang='lat' dir='ltr'><strong>adventu</strong></span> <span class='ocrx_word' id='word_1_313' title='bbox 612 3373 702 3436; x_wconf 87' lang='lat' dir='ltr'><strong>hostis</strong></span> <span class='ocrx_word' id='word_1_314' title='bbox 718 3375 858 3447; x_wconf 85' lang='lat' dir='ltr'><strong>monitus,</strong></span> <span class='ocrx_word' id='word_1_315' title='bbox 872 3374 975 3436; x_wconf 89' lang='lat' dir='ltr'><strong>solutis</strong></span> <span class='ocrx_word' id='word_1_316' title='bbox 989 3376 1093 3437; x_wconf 87' lang='lat' dir='ltr'><strong>cestris</strong></span> <span class='ocrx_word' id='word_1_317' title='bbox 1109 3375 1168 3437; x_wconf 86' lang='lat' dir='ltr'><strong>elib</strong></span> <span class='ocrx_word' id='word_1_318' title='bbox 1184 3377 1270 3450; x_wconf 88' lang='lat' dir='ltr'><strong>ebiit,</strong></span> 
     </span>
     <span class='ocr_line' id='line_1_33' title="bbox 78 3470 1270 3554; baseline -0.002 -20"><span class='ocrx_word' id='word_1_319' title='bbox 78 3493 170 3554; x_wconf 87' lang='lat' dir='ltr'><strong>quem</strong></span> <span class='ocrx_word' id='word_1_320' title='bbox 184 3471 329 3554; x_wconf 71' lang='lat' dir='ltr'><strong>vigesimi</strong></span> <span class='ocrx_word' id='word_1_321' title='bbox 339 3470 478 3532; x_wconf 87' lang='lat' dir='ltr'><strong>Octobris</strong></span> <span class='ocrx_word' id='word_1_322' title='bbox 490 3471 524 3530; x_wconf 92' lang='lat' dir='ltr'><strong>in</strong></span> <span class='ocrx_word' id='word_1_323' title='bbox 533 3471 650 3532; x_wconf 90' lang='lat' dir='ltr'><strong>silentio</strong></span> <span class='ocrx_word' id='word_1_324' title='bbox 664 3471 727 3532; x_wconf 91' lang='lat' dir='ltr'><strong>sine</strong></span> <span class='ocrx_word' id='word_1_325' title='bbox 737 3471 836 3532; x_wconf 88' lang='lat' dir='ltr'><strong>sonitu</strong></span> <span class='ocrx_word' id='word_1_326' title='bbox 848 3471 983 3532; x_wconf 74' lang='lat' dir='ltr'><strong>huccine</strong></span> <span class='ocrx_word' id='word_1_327' title='bbox 992 3481 1024 3533; x_wconf 88' lang='lat' dir='ltr'><strong>et</strong></span> <span class='ocrx_word' id='word_1_328' title='bbox 1035 3473 1170 3554; x_wconf 82' lang='lat' dir='ltr'><strong>tympeni</strong></span> <span class='ocrx_word' id='word_1_329' title='bbox 1182 3470 1270 3553; x_wconf 74' lang='lat' dir='ltr'><strong>pleni</strong></span> 
     </span>
     <span class='ocr_line' id='line_1_34' title="bbox 79 3567 1269 3652; baseline -0.003 -21"><span class='ocrx_word' id='word_1_330' title='bbox 79 3581 109 3632; x_wconf 89' lang='lat' dir='ltr'><strong>et</strong></span> <span class='ocrx_word' id='word_1_331' title='bbox 121 3569 251 3631; x_wconf 78' lang='lat' dir='ltr'><strong>formetd</strong></span> <span class='ocrx_word' id='word_1_332' title='bbox 262 3569 327 3630; x_wconf 86' lang='lat' dir='ltr'><strong>scie</strong></span> <span class='ocrx_word' id='word_1_333' title='bbox 340 3569 467 3629; x_wconf 89' lang='lat' dir='ltr'><strong>insecuti</strong></span> <span class='ocrx_word' id='word_1_334' title='bbox 478 3587 590 3642; x_wconf 82' lang='lat' dir='ltr'><strong>summ,</strong></span> <span class='ocrx_word' id='word_1_335' title='bbox 604 3587 728 3629; x_wconf 90' lang='lat' dir='ltr'><strong>numero</strong></span> <span class='ocrx_word' id='word_1_336' title='bbox 742 3567 861 3630; x_wconf 84' lang='lat' dir='ltr'><strong>circiter</strong></span> <span class='ocrx_word' id='word_1_337' title='bbox 874 3569 914 3630; x_wconf 91' lang='lat' dir='ltr'><strong>od</strong></span> <span class='ocrx_word' id='word_1_338' title='bbox 926 3568 1124 3652; x_wconf 77' lang='lat' dir='ltr'><strong>quodraginta</strong></span> <span class='ocrx_word' id='word_1_339' title='bbox 1139 3567 1269 3629; x_wconf 86' lang='lat' dir='ltr'><strong>militum</strong></span> 
     </span>
     <span class='ocr_line' id='line_1_35' title="bbox 80 3663 1271 3748; baseline -0.004 -19"><span class='ocrx_word' id='word_1_340' title='bbox 80 3665 187 3743; x_wconf 81' lang='lat' dir='ltr'><strong>millio,</strong></span> <span class='ocrx_word' id='word_1_341' title='bbox 201 3665 260 3729; x_wconf 89' lang='lat' dir='ltr'><strong>hoc</strong></span> <span class='ocrx_word' id='word_1_342' title='bbox 272 3664 334 3728; x_wconf 82' lang='lat' dir='ltr'><strong>fere</strong></span> <span class='ocrx_word' id='word_1_343' title='bbox 346 3665 462 3726; x_wconf 89' lang='lat' dir='ltr'><strong>ordine.</strong></span> <span class='ocrx_word' id='word_1_344' title='bbox 503 3663 640 3736; x_wconf 84' lang='lat' dir='ltr'><strong>Quetuor</strong></span> <span class='ocrx_word' id='word_1_345' title='bbox 652 3663 782 3747; x_wconf 77' lang='lat' dir='ltr'><strong>legiones</strong></span> <span class='ocrx_word' id='word_1_346' title='bbox 794 3683 903 3748; x_wconf 83' lang='lat' dir='ltr'><strong>tegmen</strong></span> <span class='ocrx_word' id='word_1_347' title='bbox 916 3664 1067 3728; x_wconf 84' lang='lat' dir='ltr'><strong>ducebent</strong></span> <span class='ocrx_word' id='word_1_348' title='bbox 1081 3665 1114 3726; x_wconf 88' lang='lat' dir='ltr'><strong>in</strong></span> <span class='ocrx_word' id='word_1_349' title='bbox 1127 3664 1202 3739; x_wconf 80' lang='lat' dir='ltr'><strong>soie,</strong></span> <span class='ocrx_word' id='word_1_350' title='bbox 1215 3663 1271 3724; x_wconf 86' lang='lat' dir='ltr'><strong>bes</strong></span> 
     </span>
    </p>
   </div>
   <div class='ocr_carea' id='block_1_3' title="bbox 0 0 1621 4700">
    <p class='ocr_par' dir='ltr' id='par_1_3' title="bbox 0 0 1621 4700">
     <span class='ocr_line' id='line_1_36' title="bbox 0 0 1621 4700; baseline 0 0"><span class='ocrx_word' id='word_1_351' title='bbox 0 0 1621 4700; x_wconf 95' lang='lat' dir='ltr'><strong> </strong></span> 
     </span>
    </p>
   </div>
  </div>
 </body>
</html>
