3225 4700
511 305 913 372 ITINERARIUM.
1226 308 1285 371 321
1396 317 1400 335 ¹

96 450 261 513 currebant
273 454 317 515 illi
331 456 371 517 ad
384 465 490 517 octona
503 457 599 519 millia
612 456 758 538 capitum)
771 468 926 519 veteranos
941 456 1050 519 milites
1063 456 1238 537 conjunxit;
1257 468 1287 518 et

94 545 248 623 peditatui
265 550 388 629 quidem
402 556 442 612 40
456 553 574 629 vexilla,
588 554 734 633 equitatui
752 572 823 613 rero
841 555 890 627 24,
905 552 992 634 signe
1010 553 1111 613 omnia
1129 552 1240 615 cerulei
1258 562 1288 612 et

95 641 175 703 flavi
188 645 295 707 coloris
307 648 480 728 assignavit.

144 740 301 803 Adventus
314 744 385 804 nori
399 745 556 806 Generalis
575 753 606 808 et
621 744 793 825 conjunctio
804 745 935 805 militum
949 764 986 805 ex
999 754 1214 806 tormentorum
1227 744 1285 805 sra-

98 836 225 917 goribns
246 846 276 898 et
297 837 370 899 festo
388 840 551 921 triumpho,
566 840 743 919 insolitoque
756 840 868 921 gaudio
887 840 975 901 facile
996 841 1090 921 potuit
1106 842 1289 903 innotescere

100 931 300 994 Caesarianisr
321 935 444 1015 quinon
455 937 554 997 minus
560 936 681 997 solliciti
695 936 821 1015 nequid
835 936 921 997 rebus
935 937 995 997 suis
1010 937 1190 997 incommodi
1203 936 1288 997 affer-

99 1038 194 1103 retur,
210 1030 308 1111 copias
325 1052 427 1091 omnes
443 1031 639 1113 collegerunt,
658 1030 876 1111 lustratumque
895 1031 1019 1091 militem
1034 1031 1222 1093 Miilhusium
1240 1033 1290 1093 de·

99 1124 264 1199 duxerunt,
276 1126 394 1188 atinde
408 1127 595 1208 explorarent
607 1147 667 1207 quo
680 1147 710 1187 se
723 1127 887 1188 adversarii
900 1127 1025 1188 morturi
1039 1136 1145 1187 essent.
1192 1128 1222 1187 H
1224 1130 1289 1188 abe·

99 1220 211 1283 bantur
223 1241 277 1303 per
287 1222 425 1283 Silesiam
438 1222 509 1281 nori
522 1223 654 1283 delectus
667 1231 702 1282 ut
713 1230 743 1283 et
755 1222 984 1284 instaurationes
994 1233 1126 1284 veterum
1136 1222 1287 1305 legionum

100 1336 119 1375 a
134 1316 353 1398 Larenburgio.
393 1317 447 1379 Ad
465 1316 519 1378 hos
537 1318 742 1398 impediendos
759 1318 931 1380 intendebat
944 1320 1077 1381 animum
1093 1320 1290 1380 Dorstensoh-

100 1412 182 1485 nius,
199 1423 230 1475 et
246 1414 328 1474 omni
349 1421 459 1475 conatu
476 1414 670 1496 irruptionem
690 1414 900 1490 meditabatur,
920 1436 980 1495 quo
1004 1416 1094 1477 etiam
1113 1416 1235 1477 tandem
1252 1436 1290 1476 ne

101 1509 268 1590 quidquam
281 1510 467 1571 obstantibus
479 1509 657 1571 adversariis
670 1510 788 1589 irrupit.
831 1510 1016 1573 Numerabat
1033 1522 1105 1573 tunc
1120 1513 1290 1573 Larenbur·

99 1605 189 1686 gicus
205 1626 296 1687 supra
313 1617 468 1668 sexcentos
487 1606 641 1688 sexafflnta
655 1606 780 1687 equites,
796 1606 938 1667 undecies
956 1607 1050 1681 mille,
1064 1628 1122 1668 non
1137 1608 1290 1687 pauciores

100 1702 219 1783 pedites
239 1703 424 1783 conjunctim
446 1704 487 1765 ed
506 1704 614 1786 viginti
637 1696 765 1784 quatuor
784 1704 870 1764 facile
892 1702 987 1763 millia
1005 1703 1138 1765 virorum
1158 1704 1288 1765 fortium.

102 1798 165 1859 His
183 1819 242 1858 non
260 1800 380 1859 attentis
398 1820 453 1879 pro
467 1798 592 1861 libidine
611 1820 666 1860 sne
678 1800 842 1881 vagabatur
855 1797 1110 1860 Dorstensohnius
1128 1820 1180 1880 per
1199 1802 1290 1861 Saxo-

101 1896 185 1955 niam
198 1904 228 1956 et
241 1895 404 1972 Lusatiam,
420 1896 690 1977 depredationibus
703 1907 733 1959 et
745 1896 893 1957 incendiis
906 1893 1006 1955 omnia
1018 1905 1155 1956 vastans:
1178 1915 1213 1955 ac
1227 1904 1289 1956 tan·

100 1990 174 2051 dem
194 2012 296 2053 mense
309 1992 410 2073 Aprili
428 2012 508 2053 enno
524 1994 600 2052 1642
615 1992 778 2053 Luceriam
801 2012 862 2052 non
884 1992 1047 2073 ignobilem
1068 1992 1171 2051 urbem
1185 2011 1290 2073 eggre-

101 2086 186 2146 ditur
207 2098 238 2149 et
263 2090 298 2147 17
322 2090 478 2151 tormentis
501 2088 610 2149 furiose
636 2097 763 2167 quassat,
790 2087 1001 2169 compellitque
1027 2087 1092 2148 loco
1118 2088 1291 2166 praefectum

101 2184 287 2245 deditionem
302 2184 398 2245 lacere
412 2194 443 2246 et
456 2185 569 2266 egredi,
585 2205 654 2246 cum
671 2185 754 2245 omni
768 2185 890 2266 quidem
905 2183 1079 2243 solennitate
1093 2182 1225 2257 militari,
1239 2184 1291 2244 sed

101 2288 203 2340 tamen
222 2281 342 2356 rexillo,
357 2282 439 2362 quod
457 2301 559 2343 secum
579 2281 715 2354 babebat,
732 2281 809 2343 hosti
827 2282 940 2341 relicto.
983 2280 1067 2341 Hine
1087 2280 1204 2342 Cubam
1222 2300 1291 2362 pro·

101 2377 197 2439 fectus
214 2386 269 2453 est,
289 2378 341 2439 ubi
358 2380 504 2460 majorem
520 2379 631 2460 reperit
650 2379 867 2444 resistentiam:
893 2398 963 2438 nam
984 2377 1040 2437 etsi
1060 2387 1119 2438 tres
1139 2378 1291 2458 generales

26 2514 29 2525 ι
101 2474 229 2536 assultus
245 2475 359 2547 fecerit,
372 2475 500 2536 ririliter
516 2485 615 2536 tamen
632 2494 748 2556 semper
766 2474 826 2534 fuit
844 2474 989 2553 repulsus,
1010 2494 1070 2534 non
1089 2475 1152 2534 sine
1171 2494 1291 2535 suorum

103 2571 200 2632 clade.
242 2571 311 2642 Quo
324 2571 410 2632 miles
423 2572 562 2633 obsideas
575 2591 634 2632 non
648 2571 824 2645 terrebatur,
833 2570 906 2651 quin
921 2579 951 2630 et
963 2571 1124 2650 majoribus
1138 2571 1245 2630 animis
1261 2571 1291 2630 in

103 2669 288 2729 obsidionem
300 2677 332 2730 ‘et
345 2668 597 2751 expugnationem
612 2667 815 2737 incumbebat,
828 2685 896 2747 quae
911 2667 1032 2728 tandem
1046 2675 1146 2728 secuta
1158 2676 1219 2741 est;
1241 2668 1293 2727 ob-

102 2764 234 2844 sessique
248 2765 393 2845 compulsi
405 2786 437 2826 se
450 2765 560 2826 dedere
572 2783 627 2845 pro
639 2762 824 2844 beneplacito
836 2762 1054 2837 obsidentium3
1076 2763 1128 2842 qui
1142 2763 1293 2845 gregarios

16 2892 18 2917 t
103 2861 227 2940 quidem
245 2861 359 2922 sedicet
378 2861 607 2923 desultoriorum
625 2870 752 2940 quatuor
771 2859 930 2934 centurias,
949 2858 1084 2938 equitum
1104 2868 1163 2920 tres
1180 2859 1219 2918 ad
1239 2877 1293 2918 sua

103 2958 226 3019 servitia
243 2979 297 3039 per
314 2959 446 3040 legiones
464 2978 534 3019 suas
551 2957 726 3019 diviserunt.
768 2956 870 3035 Equos
884 2954 965 3030 rerb,
980 2973 1056 3034 quos
1068 2954 1100 3014 in
1114 2955 1185 3013 urbe
1203 2973 1293 3034 supra

103 3054 187 3116 mille
201 3055 401 3129 obtinuerant,
414 3062 640 3124 tormentorum,
653 3051 834 3133 promotioni
851 3050 1057 3130 applicarunt:
1078 3049 1097 3109 ὲ
1109 3048 1224 3109 civibus
1241 3049 1293 3108 de-

104 3152 197 3232 nique
211 3155 290 3211 5000
304 3150 510 3231 Imperialium
523 3169 578 3229 pro
597 3149 679 3208 urbis
697 3148 734 3209 ab
755 3147 895 3208 incendio
913 3145 1107 3206 indemnitate
1120 3155 1293 3226 exegerunt.

106 3247 192 3309 Hinc
217 3247 293 3308 nihil
317 3255 474 3310 cunctatus
494 3247 609 3325 majora
629 3244 757 3326 aggredi
778 3243 868 3323 cepit,
891 3241 1127 3320 Glocoriemque
1151 3241 1295 3321 majorem

105 3355 206 3426 petere
225 3364 381 3427 eggressus
401 3354 469 3418 est,
497 3343 657 3404 tuebantur
680 3341 831 3402 civitatem
849 3339 931 3400 mille
951 3337 1141 3419 septingenti,
1162 3338 1202 3399 ed
1221 3357 1294 3418 quos

15 3490 20 3517 ,
106 3441 259 3522 augendos
272 3460 342 3501 cum
354 3439 416 3498 200
426 3437 478 3498 alii
496 3437 601 3498 eodem
615 3445 831 3516 properassent,
846 3433 981 3495 tSuecis
999 3433 1155 3513 intercepti
1172 3443 1252 3504 sunt,
1265 3441 1295 3492 et

107 3539 139 3598 in
154 3537 257 3618 lugam
271 3535 422 3615 dissipati:
445 3534 528 3596 Usus
542 3543 586 3594 est
599 3532 657 3593 hoc
670 3531 737 3592 loco
747 3529 999 3592 Dorstensohnius
1012 3549 1088 3590 noro
1100 3527 1296 3610 oppugnandi

107 3635 207 3696 modo.
250 3633 332 3694 Nam
345 3639 504 3712 antequam
516 3629 628 3692 moenie
639 3636 805 3709 qumsesset
818 3636 847 3688 et
866 3627 981 3689 aditum
1000 3625 1219 3687 incurrentibus
1232 3643 1298 3684 mu·

678 3745 726 3784 nr
