3225 4700
486 341 902 412 ITINERARIUM.
1219 343 1282 410 391

61 497 222 578 simeqne
231 495 349 578 accepit
357 497 437 569 Rex,
447 516 482 558 ac
491 496 804 579 perfunctalegatione
815 495 846 558 iu
856 503 1028 576 sequentem
1037 515 1157 558 sensum
1168 493 1282 558 litteras

63 594 120 654 ad
136 592 265 654 Curiam
280 591 467 654 Parlamenti
480 593 575 656 dedit.

123 691 229 751 Deum
242 690 343 751 cordis
357 690 503 771 inspicem
508 699 657 751 testamur
670 691 760 771 quam
771 690 878 751 acerbe
891 689 1055 751 sentiamus
1068 690 1173 771 patria
1183 689 1284 752 clades

67 787 194 868 quibua
213 795 247 848 ut
263 807 455 849 occurramus
471 787 555 848 omni
573 787 765 849 contentione
782 786 925 847 enitimur
942 806 978 848 ac
995 785 1085 848 sicuti
1104 786 1182 848 clam
1200 787 1283 849 nullo
1318 857 1320 862 ,

69 885 179 946 modo
192 894 248 959 est,
262 905 317 946 nos
334 905 395 946 non
409 885 540 966 primum
559 885 599 946 ad
612 905 697 946 arma
709 885 762 945 sed
781 892 920 945 coactum
935 883 1121 964 prouolasse3
1143 885 1186 945 ita
1198 904 1283 966 para·

68 981 235 1042 tissimum
249 1001 366 1063 semper
378 982 468 1043 fuisse
481 982 521 1043 ad
530 982 613 1062 pacis
624 982 833 1062 componenda
840 979 979 1041 dissidia:
1002 979 1082 1040 unde
1092 980 1117 1040 si
1126 980 1283 1042 adversam

69 1087 201 1159 partem
215 1079 345 1139 vicissim
362 1077 538 1139 inclinatam
551 1077 866 1149 animadverteremus,
883 1097 943 1136 uon
958 1076 1103 1137 mediocri
1122 1077 1281 1156 perfunde-

73 1196 189 1236 remur
201 1175 315 1247 letitia,
326 1184 357 1237 et
369 1175 477 1236 intima
489 1173 582 1235 animi
596 1174 796 1256 propensione
805 1173 1020 1247 exaltaremur,
1034 1185 1190 1254 eapropter
1199 1177 1282 1237 tantb

74 1269 126 1328 im
129 1269 251 1349 pensius
258 1268 440 1329 inclinamur
446 1267 486 1328 ad
495 1266 562 1327 illas
571 1266 787 1348 propositiones
795 1287 865 1348 quar
876 1291 981 1351 pacem
992 1282 1127 1351 spectare
1135 1271 1283 1349 uidentur,

78 1375 204 1444 quanto
216 1365 313 1448 magis
326 1365 462 1426 dolemus
474 1364 660 1426 subditorum
677 1365 824 1446 sanguine
838 1366 980 1430 victorias
993 1377 1108 1430 nostras
1121 1369 1283 1429 cruentari.

81 1461 219 1522 Interim
232 1481 269 1522 ue
281 1461 433 1523 obstemus
444 1460 630 1543 optatissimo
643 1461 725 1542 pacis
738 1463 819 1524 bono
831 1463 1031 1527 Wiusordiam
1045 1485 1100 1526 uos
1114 1464 1284 1538 transferre,

79 1560 110 1620 si
125 1559 219 1620 modo
232 1557 318 1620 miles
331 1559 403 1619 inde
416 1568 614 1633 removentur,
629 1568 682 1621 ant
697 1559 722 1618 si
737 1559 847 1620 malitis
860 1560 920 1621 alio
934 1563 1079 1622 viciniore
1095 1561 1162 1622 loco
1177 1582 1284 1644 propo-

80 1657 211 1718 sitiones
224 1657 308 1737 pacis
325 1657 472 1737 excipere,
489 1666 677 1736 quantocyus
692 1665 872 1737 satagemus.
915 1656 1077 1719 Monemus
1092 1659 1162 1719 verb
1181 1667 1210 1718 et
1223 1668 1283 1719 stu·

82 1754 171 1815 diose
189 1752 375 1834 postulamus
392 1773 430 1812 ne
445 1751 498 1812 illa
515 1771 563 1812 res
578 1751 703 1813 ulterius
720 1752 886 1829 differatur,
902 1775 940 1816 ue
957 1756 1037 1835 quod
1049 1755 1125 1817 forte
1145 1755 1228 1817 aliud
1248 1777 1284 1817 ex

81 1869 174 1912 mora
186 1849 411 1910 incommodum
418 1859 567 1909 nascatur.
602 1848 652 1909 De
662 1857 770 1910 caetero
779 1850 847 1930 jure
858 1852 941 1933 regio
951 1853 1099 1934 exigimus
1111 1853 1284 1915 utdebitam

81 1957 219 2009 vestram
228 1946 313 2007 uobis
321 1946 469 2027 praestetis
476 1945 705 2026 subjectionem:
724 1946 764 2006 ad
772 1948 917 2029 nosquod
925 1959 1039 2029 spectat
1047 1969 1195 2028 nusquam
1204 1969 1285 2010 com·

83 2046 242 2106 mittemus
255 2053 289 2105 ut
298 2043 493 2125 quidquamd
503 2041 590 2102 nobis
597 2041 669 2123 jure
682 2042 845 2103 desiderari
859 2045 962 2124 possit.
998 2045 1075 2118 Quae
1086 2045 1187 2106 omnia
1199 2046 1285 2108 Deus

85 2144 241 2222 utrimque
254 2142 405 2203 fortunare
417 2140 569 2222 dignetur.
611 2138 783 2200 Colebrock
800 2143 846 2201 ll.
862 2142 1044 2204 Novembris
1058 2163 1138 2205 auno
1156 2145 1244 2206 1642.

130 2239 302 2318 Hucusque
313 2255 488 2317 responsum
501 2235 607 2318 Regis.

131 2336 218 2397 Dum
242 2332 472 2396 Parlameutarii
499 2331 538 2394 de
565 2333 817 2415 propositionibus
841 2333 1084 2398 deliberationem
1108 2337 1285 2410 moliuntur,

87 2454 162 2495 ecce
174 2432 230 2494 tibi
243 2429 410 2492 afferuntur
422 2430 527 2491 nuncii
540 2431 579 2492 de
592 2430 741 2513 regiorum
755 2432 920 2513 irruptione
936 2433 1174 2495 Brandsordiam
1188 2445 1219 2497 ct
1229 2437 1286 2497 mi·

88 2530 153 2592 litis
170 2531 216 2590 aui
235 2529 303 2590 istic
319 2528 416 2589 clade.
455 2527 563 2608 Itaque
582 2526 715 2588 dimissis
729 2529 863 2590 consiliis
879 2530 1037 2591 confestim
1056 2531 1235 2613 praecipiunt
1253 2544 1288 2596 ut

89 2627 202 2707 aliquae
216 2626 311 2707 copiae
325 2624 404 2685 istuc
417 2633 608 2685 accurrerent
621 2638 651 2685 et
665 2625 781 2704 majora
799 2625 991 2689 incommoda
1008 2639 1222 2708 praeuerterent
1233 2632 1287 2713 qui

92 2734 127 2785 ut
140 2722 330 2805 appulerunt,
344 2721 452 2782 multos
466 2722 504 2782 de
517 2720 600 2803 regio
614 2721 749 2802 equitatu
759 2722 914 2797 fuderunt,
923 2724 1053 2805 reliquos
1063 2724 1215 2808 fugarunt,
1230 2748 1286 2789 nec

90 2820 235 2901 deinceps
248 2818 287 2881 de
301 2817 370 2879 ullis
383 2819 465 2899 pacis
479 2818 699 2880 conditionibus
709 2817 923 2881 deliberarunt.
962 2820 1029 2881 Rex
1041 2821 1287 2885 intereamiratus

90 2916 171 2978 nibil
182 2935 285 2977 eorum
298 2933 366 2994 quar
380 2915 596 2994 appromiserat
610 2914 738 2976 Senatus
751 2935 805 2977 seu
821 2914 1047 2979 Parlamentum
1064 2917 1140 2996 lieri,
1155 2918 1287 3002 legatum

92 3034 162 3075 cum
175 3012 283 3073 litteris
296 3014 447 3091 sequentis
462 3010 571 3073 tenoris
585 3007 687 3071 mittit.

548 3205 674 3265 Carolus
688 3206 765 3280 Rex,
780 3208 831 3281 dc.

135 3337 256 3399 Praevia
268 3337 374 3413 salute,
388 3336 443 3399 icc.
464 3336 488 3399 J
490 3334 656 3419 ampridem
673 3335 897 3416 expectavimus
910 3336 1059 3418 ejusmodi
1077 3338 1192 3400 euobis
1205 3340 1288 3421 pacis

94 3434 288 3511 conditiones,
307 3454 376 3515 quae
392 3433 579 3495 currentibus
596 3430 684 3492 malis
700 3430 881 3493 medicinam
899 3432 1042 3509 facerent,
1057 3436 1111 3496 sed
1128 3436 1183 3517 prb
1202 3436 1289 3498 dolor

93 3531 228 3593 videmus
245 3532 391 3592 inanitate
410 3530 568 3591 verborum
586 3548 641 3589 nos
657 3526 784 3588 lactari:
811 3549 868 3591 nec
885 3529 970 3591 aliud
981 3552 1033 3593 vos
1051 3532 1070 3592 b
1089 3532 1174 3593 nobis
1186 3542 1290 3613 postu·

94 3629 156 3690 lare
170 3630 261 3711 quam
276 3638 412 3690 nostrum
427 3628 534 3688 advos
546 3626 677 3687 reditum
687 3647 695 3685 ε
704 3627 711 3640 ”
720 3644 811 3705 quem
830 3626 915 3688 uobis
933 3629 1108 3709 probrosum
1122 3649 1184 3690 esse
1200 3651 1289 3692 nemo

96 3746 155 3787 nou
173 3726 269 3787 ridet.
311 3721 564 3805 Quandoquidem
585 3742 642 3784 uos
662 3722 779 3807 Regem
795 3732 928 3785 vestrum
949 3724 1040 3787 armis
1060 3724 1172 3806 pellere
1190 3726 1290 3788 conati
