3225 4700
505 324 529 388 I
535 321 817 392 TINERARI
823 323 912 390 ΠΜ.
1235 325 1298 390 403

87 508 169 551 enm
189 489 311 553 aliunde
331 491 486 573 provisum
509 512 572 554 ease
598 491 793 574 Balaquierio
813 501 844 553 et
863 491 959 554 milite
978 491 1152 574 praesidium
1173 501 1295 554 auctum

86 588 322 669 comperissent,
344 607 414 651 cum
433 591 517 650 omni
536 611 608 651 mox
627 598 773 672 apparatu
794 608 849 650 sno
869 589 1008 651 recedere
1027 589 1124 651 coacti
1144 591 1215 650 suut
1234 610 1295 651 aon

85 682 160 744 sine
175 685 285 746 damno
299 705 354 747 suo
367 687 548 748 instantibus
561 687 581 748 a
594 696 680 768 tergo
692 686 826 748 hostibus
841 686 950 748 Gallis.
988 720 991 732 ·

135 780 356 845 Pioolomiaius
369 805 489 865 qaoque
502 784 556 865 qni
570 804 631 844 non
646 784 689 844 ita
700 784 817 863 pridem
833 783 980 844 iCaesare
993 783 1133 845 dimissus
1145 783 1251 857 Inerat,
1264 793 1294 846 et

84 878 132 937 ad
150 878 306 960 Hispanos
319 882 476 943 transierat
489 883 616 962 primam
631 880 853 962 expeditionem
867 879 996 941 feliciter
1007 880 1145 955 instituit,
1159 881 1291 963 plurium

85 977 174 1036 enim
185 977 308 1040 ramam
320 978 467 1040 instructa
476 978 574 1040 Rosas
583 979 671 1060 petiit
678 988 708 1039 et
717 989 887 1039 commeatu
901 974 1031 1056 plurimo
1040 977 1290 1058 opportunissime

87 1075 243 1137 instruxit.
284 1076 394 1137 Rednx
408 1087 508 1138 autem
521 1085 652 1157 quatuor
665 1076 695 1136 in
716 1095 809 1136 naves
823 1073 960 1136 Gallicas
975 1073 1085 1134 incidit
1098 1093 1206 1154 eaeque
1221 1097 1290 1156 pro·

84 1181 211 1234 secutus
224 1193 285 1236 non
302 1174 398 1236 multo
413 1193 536 1236 snorum
554 1173 709 1254 impendio
720 1172 852 1234 obtinuit
865 1181 896 1232 et
912 1170 1111 1231 Tarraconem
1126 1191 1226 1232 secum
1237 1174 1290 1234 ad·

86 1270 193 1331 duxit.

132 1368 201 1428 Nec
214 1367 407 1430 Oastilienses
420 1367 518 1449 copias
529 1367 634 1428 otiosae
648 1365 836 1440 desidebant,
849 1385 917 1446 qna
931 1363 970 1426 ad
983 1363 1179 1426 Mousonium
1193 1375 1290 1428 castra

84 1463 310 1543 applicuerunt.
353 1465 429 1526 Erat
452 1464 648 1525 Mousoninm
670 1462 809 1525 districta
829 1463 994 1534 modicum,
1019 1461 1073 1522 sed
1095 1462 1289 1524 munimentis

85 1560 225 1632 firmum,
239 1563 321 1642 quod
335 1563 374 1622 ab
386 1581 466 1623 anno
484 1561 568 1624 Galli
587 1563 678 1622 trium
696 1561 953 1622 hebdomadarum
971 1559 1075 1641 spacio
1091 1559 1170 1620 fame
1184 1560 1223 1620 ad
1236 1561 1289 1622 de·

86 1657 235 1718 ditionem
264 1659 479 1740 compulerant,
506 1659 537 1720 id
561 1679 642 1720 nnnc
665 1658 788 1719 tandem
812 1653 1046 1719 Castilionenses
1066 1667 1289 1738 recuperarunt.

86 1755 231 1816 Vicinam
247 1758 319 1816 vend
332 1777 433 1818 arcem
446 1757 478 1815 in
492 1775 583 1837 quam
597 1765 727 1836 quatum
738 1754 896 1837 globorum
911 1753 1008 1816 millia
1021 1753 1178 1814 immisisse
1189 1754 1288 1815 ferim-

86 1863 150 1925 tar,
164 1863 194 1914 et
207 1863 266 1913 tres
276 1854 434 1916 caniculos
447 1852 638 1914 succendisse
653 1854 695 1914 ita
707 1853 739 1912 in
749 1861 927 1934 potestatem
939 1860 1126 1931 receperunt,
1136 1860 1170 1912 ut
1182 1861 1289 1932 preater

85 1967 230 2010 acervam
245 1949 379 2032 lapidum
393 1949 472 2011 nihil
485 1951 660 2031 reperirent.

116 2263 1252 2434 &sufflammat

496 2613 668 2691 CAPUT
694 2612 872 2689 LXXIV.

92 2768 323 2883 Testamentum
336 2838 388 2881 sen
399 2826 554 2901 postrema
569 2813 713 2879 voluntas
727 2811 826 2898 Reqis
844 2808 1105 2875 Christianissimi
1120 2808 1276 2876 Ludooici

144 2920 254 2988 XIII.
269 2922 395 3007 presque
408 2917 519 2982 obitus.
570 2917 677 2981 Varie
691 2919 766 2982 item
780 2917 987 3001 expeditiones
997 2938 1057 3003 per
1073 2915 1218 3003 Belgium

520 3018 542 3085 d
560 3018 667 3087 Gallis
681 3030 836 3108 suscepta.

218 3202 223 3211 ι

12 3211 24 3253 r
87 3168 151 3247 ”s-
175 3182 205 3269 3
220 3167 323 3285 iffi
344 3206 578 3270 nnovrcus
591 3206 693 3267 xm.
710 3206 822 3269 (sarire
835 3215 866 3269 et
880 3207 1103 3269 navarrensis
1116 3208 1283 3270 chrissen-

89 3258 149 3399 (ἆῖ
194 3222 329 3380 III&
363 3305 492 3375 issimus,
513 3304 587 3365 dum
610 3304 734 3384 Europa
753 3325 830 3385 pene
850 3314 912 3366 tota
925 3304 1038 3367 offenso
1058 3304 1159 3367 Marte
1173 3306 1283 3387 flagret

92 3379 149 3510 ,ἢ
189 3368 327 3515 Jews?
364 3399 507 3464 intestino
519 3400 824 3473 intraviscerahoste,
833 3402 1023 3464 etoccultavi
1033 3403 1128 3463 morbi
1138 3403 1281 3483 paulatim

113 3486 149 3538 ἕ·
190 3447 238 3534 'd
325 3545 327 3550 .
364 3502 584 3582 depasciturac
601 3500 713 3559 sensim
726 3499 791 3560 sine
803 3519 892 3560 sensu
902 3500 941 3560 ad
955 3502 1026 3560 vitae
1040 3508 1133 3559 metas
1147 3499 1283 3581 perduci·

18 3668 21 3678 Ι
97 3545 149 3656 ἐξ
159 3449 336 3656 ..ῘᾈᾸ
362 3608 422 3658 tur.
463 3595 575 3658 Vitatis
593 3595 715 3676 spiritns
733 3596 874 3676 reliquias
890 3617 959 3657 oum
975 3596 1055 3657 hand
1068 3596 1222 3657 diuturnas
1236 3617 1284 3657 sn·

84 3693 252 3777 perlaturus
264 3694 390 3768 rideret,
405 3715 497 3777 regno
515 3714 571 3756 sno
584 3704 615 3754 et
629 3692 715 3753 rebus
733 3693 861 3773 publicis
881 3695 1036 3775 providere
1050 3695 1223 3775 tempestivi
1239 3695 1285 3755 in·
