3225 4700
477 315 885 388 [sincerarum.
1206 322 1270 387 287

123 469 276 544 Quoniam
289 468 361 532 verb
376 469 466 532 etiam
479 470 601 533 aliunde
613 469 752 554 impetor,
766 491 823 534 ceu
836 471 926 533 homo
938 471 978 533 de
990 473 1092 534 nescio
1104 472 1214 554 quibus
1226 471 1272 535 vi·

79 568 132 629 tiis
150 575 316 648 suspectus,
336 584 405 647 qua
424 565 499 631 mihi
518 567 550 628 in
570 567 738 633 animarum
759 587 842 643 eure,
862 575 894 629 et
911 568 1059 650 spirituali
1077 589 1170 652 quom
1189 589 1272 632 nnnc

79 664 162 726 inter
180 663 292 724 milites
311 681 384 744 gero
403 661 557 727 menone
576 684 637 726 nou
658 682 763 746 parum
782 685 890 728 nocere
909 675 1037 748 possent,
1052 668 1196 730 constitui
1213 667 1271 729 boc

81 762 152 824 loeo
164 782 225 823 non
239 781 286 822 me
300 760 399 842 ipsum
413 763 539 844 propriis
552 763 746 845 argumentis,
759 764 814 826 sed
827 763 933 825 alienis
945 782 1048 824 eorum
1061 763 1186 836 scilieet,
1205 764 1272 844 qui·

80 859 208 920 busoum
228 857 303 928 vixi.
325 857 503 918 testimoniis
523 857 693 933 defendere,
715 859 827 920 debent
845 857 891 920 illi
911 879 974 920 esse
993 860 1077 921 omni
1096 860 1273 942 exceptione

82 956 220 1035 majores,
234 963 265 1015 et
276 953 456 1036 quibuscum
468 953 518 1016 rel
531 954 693 1035 plurimun
707 953 755 1017 vel
768 955 886 1017 amidae
898 956 949 1037 egi
962 964 997 1018 ut
1008 955 1273 1018 calumniatoribus

81 1049 221 1112 satisfiat.
263 1051 334 1112 Non
348 1071 420 1132 ergo
430 1053 550 1132 quosvis
563 1051 601 1112 de
614 1050 704 1112 trivio
723 1051 775 1132 qni
789 1071 838 1112 me
854 1051 905 1111 vix
915 1052 955 1113 de
968 1050 1045 1112 faeie
1059 1061 1206 1113 noverunt
1219 1052 1273 1113 ad·

82 1148 205 1222 durnm,
220 1147 273 1208 sed
287 1167 337 1208 ecs
355 1146 373 1208 d
391 1165 519 1227 quornm
538 1155 698 1227 conspeetu
717 1146 767 1208 vel
784 1148 837 1208 vix
852 1147 978 1210 discessi
994 1167 1137 1229 unquam,
1154 1146 1204 1208 vel
1222 1168 1273 1210 eos

82 1243 193 1324 quibus
206 1243 353 1304 incumbit
365 1263 481 1304 morum
495 1240 679 1308 honestatem
692 1253 760 1304 ante
774 1243 954 1316 examinare,
967 1263 1058 1326 quam
1067 1243 1188 1306 virtutis
1197 1264 1273 1304 uon·

83 1341 158 1400 dum
171 1350 250 1402 note
263 1340 432 1410 testimonie
444 1339 555 1402 charta
568 1339 694 1402 illinere.
723 1340 823 1405 Nemo
835 1341 906 1401 verb
919 1341 1068 1405 existimet
1077 1361 1125 1401 me
1139 1340 1172 1401 id
1185 1359 1273 1424 agere

82 1435 153 1497 ideo
166 1436 249 1517 quod
260 1435 388 1508 alienam
402 1436 523 1498 laudem
537 1455 716 1520 magnopere
729 1446 876 1517 expetam,
890 1437 943 1498 sed
955 1445 988 1500 ut
1002 1436 1063 1498 Dei
1076 1437 1190 1498 cultum
1201 1455 1274 1496 oon·

83 1542 131 1592 tra
144 1531 372 1593 nefandissimos
385 1552 555 1594 susurrones
570 1532 676 1593 melius
689 1553 891 1614 promoveam.
911 1532 991 1594 Vitae
1002 1552 1038 1594 ac
1052 1552 1171 1594 morum
1184 1551 1272 1613 porro

83 1635 171 1688 testes
185 1628 240 1690 etsi
252 1627 402 1690 adducere
415 1648 530 1710 possem
544 1628 698 1708 plurimos,
713 1649 772 1689 non
785 1639 887 1690 tamen
900 1628 959 1689 nisi
972 1638 1032 1690 tres
1045 1629 1209 1708 producam
1220 1628 1273 1710 qui

84 1723 205 1784 abunde
218 1741 314 1784 meam
328 1724 530 1786 innocentiam
544 1725 655 1804 scripto
669 1724 841 1807 probarunt
905 1779 908 1785 .
932 1727 936 1734 ’

127 1819 251 1882 Primus
264 1828 308 1881 est
322 1819 486 1882 Matthaeus
500 1819 622 1882 Roohus
636 1820 767 1882 civitatis
782 1829 813 1882 et
830 1820 978 1883 Dicecesis
997 1819 1204 1902 Leghlinensis
1219 1821 1275 1883 vi-

83 1914 184 1976 carius
197 1916 399 1997 Apostolicns,
414 1916 468 1998 qui
481 1936 550 1977 enm
564 1937 601 1977 ex
620 1915 780 1996 Hybernid
797 1915 1003 1999 proficiscerer
1019 1915 1073 1976 has
1091 1914 1166 1976 milri
1185 1925 1275 1977 testes

82 2011 197 2072 litteras
210 2011 296 2073 dedit
308 2012 416 2091 quibus
429 2013 582 2092 probatam
598 2012 688 2073 vitam
698 2010 735 2072 in
751 2011 911 2092 Hybernid
924 2021 1021 2072 actam
1031 2009 1200 2072 confirmat.

127 2107 248 2169 Herum
256 2107 345 2168 latori
353 2107 532 2169 Reverendo
541 2107 674 2168 Domino
682 2105 805 2169 Thomu
814 2106 912 2170 (larse
922 2107 1076 2170 Sacerdoti
1088 2105 1236 2187 Hyberno
1243 2106 1276 2166 in

87 2203 283 2264 Germaniam
292 2203 437 2278 tendenti,
446 2221 515 2264 cnm
526 2203 627 2264 animo
635 2202 784 2266 invisendi
793 2203 908 2265 nobiles
915 2204 1062 2285 quosdam
1071 2203 1276 2264 ciresetami·

86 2319 137 2363 cos
156 2319 235 2375 suos,
248 2300 304 2362 sub
316 2298 454 2362 Cesarea
467 2299 626 2382 Majestate
639 2309 798 2373 merentes,
809 2309 840 2363 et
849 2301 934 2362 breui
943 2299 1017 2377 bne)
1028 2299 1155 2383 peractis
1163 2299 1275 2362 ibidem

88 2396 239 2478 aliquibus
250 2397 380 2479 negotiis
393 2397 469 2473 suis)
483 2396 652 2458 revertendi
660 2397 705 2458 ad
719 2396 832 2478 priores
846 2398 878 2457 in
891 2417 965 2480 agro
983 2396 1147 2459 Dominico
1159 2396 1277 2459 labores

88 2494 293 2568 resumendus,
307 2492 365 2555 hoe
383 2493 517 2555 debitum
536 2492 691 2574 probitatis
709 2512 772 2554 snoe
789 2494 993 2556 testimoninm
1011 2492 1181 2575 postulanti,
1198 2493 1277 2554 veri·

89 2590 159 2652 tatis
173 2597 204 2651 et
216 2590 239 2652 J
241 2588 350 2652 ustitia
364 2588 486 2664 intuitu,
501 2590 650 2671 denegare
660 2588 869 2668 nequivimus:
890 2588 1277 2672 eodemommbusadquos

88 2694 249 2769 presentes
257 2685 459 2767 pervenerint,¹
466 2685 582 2748 sincere
592 2693 763 2749 attestantes
773 2682 942 2749 Prsarum
953 2684 1119 2747 Dominum
1130 2685 1277 2747 Thomam

90 2785 191 2848 dauri
200 2784 368 2847 animarum
380 2786 484 2864 (quam
497 2782 577 2865 apud
590 2802 644 2843 nos
654 2780 843 2861 aliquamdiu
854 2779 1043 2843 laudabiliter
1056 2781 1160 2863 gessit)
1169 2801 1226 2843 nec
1238 2780 1277 2841 ob

90 2882 186 2943 ullum
199 2882 313 2943 crimen
326 2888 469 2961 emotum,
483 2898 540 2941 neo
556 2876 656 2958 aliqud
676 2874 889 2957 Ecclesiastied
905 2896 1032 2939 censma
1047 2876 1206 2950 irretitum,
1224 2874 1278 2944 sed

90 3000 156 3041 eam
170 2987 274 3060 sponte
287 2976 342 3059 snb¹
354 2985 384 3038 et
397 2986 497 3057 nostra
509 2994 577 3062 cnm
592 2971 680 3035 venii
697 2972 737 3034 ad
750 2981 874 3056 {tempos
887 2972 919 3032 in
932 2971 1090 3053 praedictos
1107 2969 1183 3033 fines
1200 2971 1280 3033 desi·

90 3076 159 3138 isse.
189 3074 227 3134 ln
244 3092 370 3155 qnorum
389 3070 523 3132 ominum
541 3068 633 3129 fidem
650 3067 846 3149 praesentibus
862 3066 1090 3149 subscripsimus
1102 3076 1134 3128 et
1145 3067 1278 3151 sigillum

90 3170 289 3255 appendimus
301 3168 382 3249 apud
396 3153 581 3247 Ooshrelagb
597 3166 633 3223 19
646 3163 781 3249 Augusti
793 3163 886 3224 Anno
902 3165 988 3225 1634.

492 3276 655 3337 Mottlroeue
666 3276 785 3335 Recluso
796 3276 926 3334 deitatis
938 3284 969 3333 et
982 3276 1124 3335 Dioeceris

13 3330 18 3381 l
134 3380 243 3461 (loeus
258 3376 384 3461 sigilli.)
681 3371 883 3450 Lepbliueurir
901 3372 1033 3431 Viooriue
1046 3373 1241 3451 Apostolicar.

13 3690 14 3693 ,
135 3636 221 3698 Hinc
233 3642 327 3717 patet,
342 3632 450 3695 Amice
465 3632 583 3701 Lector,
595 3628 659 3691 viu
673 3628 738 3689 med
751 3637 819 3688 acta
833 3626 864 3687 in
879 3626 1039 3707 Hybernid
1051 3646 1107 3688 neo
1120 3629 1278 3708 (quantum

92 3733 236 3816 conjicio)
249 3730 304 3793 ulli
318 3729 442 3791 dubium
455 3746 518 3791 esse
532 3725 690 3809 potest,.de
705 3722 793 3785 causi
806 3722 921 3784 itineris
933 3722 993 3783 mei
1005 3721 1145 3803 suscepti.
1186 3720 1279 3794 Quod
