3225 4700
471 357 914 430 ITINERARIUM.
1248 369 1286 436 13

90 515 180 578 soriis
199 515 313 578 iliatam
335 515 435 597 ipsum
457 511 547 576 etiam
570 513 685 576 Suscits
703 514 821 598 Regem
843 515 990 592 straverit,
1013 515 1208 598 quiquidem
1224 541 1285 581 nou

91 614 207 676 inultus
235 614 343 675 cadere
371 611 478 686 uoluit,
508 611 751 692 quandoquidem
778 620 809 673 ct
834 612 916 693 ipsus
944 612 1151 694 Pappeuheim
1178 617 1285 677 eodem

90 709 198 792 praelio
210 711 296 772 fusus
309 709 484 789 occisusque
496 717 551 770 est.
594 707 644 769 Ita
662 728 722 771 uno
740 708 904 788 eodemque
922 709 1024 791 praelio
1038 711 1098 771 duo
1112 710 1286 773 fortissimo·

89 827 159 868 rum
170 808 295 882 ducum,
307 826 435 888 quorum
445 804 556 866 similes
566 805 667 867 nescio
680 825 719 866 au
731 805 896 867 Germania
907 813 969 868 toto
982 816 1060 868 retro
1070 806 1141 868 belli
1152 818 1285 890 tempore

89 903 241 977 babuerit,
255 903 323 964 fatis
336 911 556 964 concesseruut.
599 901 733 984 Regiam
751 901 882 962 cadaver
897 902 1002 964 Suecis
1021 903 1178 984 Scotisque
1191 924 1286 985 quau·

88 1000 205 1060 tumvis
231 1000 434 1060 obnitentibus
455 997 633 1061 Caesarianis
658 1000 675 1059 ὲ
698 997 795 1078 praelii
816 997 884 1060 loeo
902 999 1052 1061 sublatum
1070 1008 1133 1062 est:
1164 1009 1285 1081 totoque

88 1097 208 1178 reliquo
222 1095 272 1158 die
290 1095 449 1156 fortissime
465 1095 615 1176 utrimque
631 1094 820 1170 dimicatum,
835 1095 977 1177 ambiguo
992 1096 1046 1157 diu
1063 1104 1168 1169 marte,
1184 1097 1286 1176 quoad

90 1193 226 1273 denique
248 1190 479 1274 Pappenbeimii
500 1191 647 1273 peditatus
666 1211 735 1252 cum
753 1200 841 1252 nocte
859 1193 1005 1252 accedeus
1025 1213 1079 1272 pro
1101 1191 1286 1254 Coesareauis

89 1289 177 1350 litem
191 1289 323 1362 diremit,
333 1290 451 1371 integra
461 1288 582 1369 cgruina
596 1287 759 1351 Succorum
773 1296 806 1348 ut
821 1288 853 1348 iu
866 1289 934 1349 loco
947 1289 1044 1369 prelii
1057 1297 1209 1360 steterant,
1218 1289 1286 1350 fuse

88 1395 173 1462 suut,
188 1384 297 1465 reliqui
310 1384 417 1468 fugati.
460 1385 498 1444 In
516 1385 646 1446 tenebris
663 1385 762 1464 itaque
776 1385 938 1446 discessum
952 1394 997 1446 est
1008 1386 1161 1467 utrinque,
1175 1385 1285 1447 relictis

89 1481 252 1544 tormentis
265 1482 429 1564 majoribus
441 1480 485 1542 ita
497 1479 639 1564 ambigat
651 1480 788 1556 uictorib,
802 1490 838 1542 ut
849 1490 957 1542 neutra
966 1502 1036 1564 pers
1048 1482 1137 1544 sciret
1150 1483 1284 1545 victurus

88 1599 129 1640 su
144 1579 230 1640 victa
242 1588 329 1639 esset.

134 1675 206 1758 Ergo
223 1673 304 1735 circa
323 1672 388 1734 baec
405 1682 539 1754 tempora
556 1693 610 1754 per
628 1673 800 1746 Polouiam,
820 1673 963 1749 Dauiam,
978 1683 1008 1736 ot
1028 1674 1234 1757 Nortwegiam
1252 1674 1285 1734 in

90 1771 249 1832 Iberuism
264 1769 416 1831 contendi.
458 1769 527 1841 Quo
540 1770 572 1830 in
586 1769 691 1830 itinere
706 1789 775 1830 cum
791 1768 951 1830 Polouiam
965 1773 1131 1847 transirem,
1147 1770 1285 1831 mirabile

90 1867 171 1928 mihi
184 1875 354 1949 portentum
372 1865 480 1946 obtigit
491 1865 670 1927 uidendum.
711 1865 787 1925 Erat
802 1863 942 1925 crucifixi
960 1864 1073 1927 Christi
1090 1867 1283 1928 simulacrum

89 1985 179 2026 mora
197 1962 369 2025 Christiano
386 1970 417 2023 et
435 1961 592 2024 Catholico
610 1970 754 2034 erectum,
770 1981 832 2022 nou
851 1960 956 2041 procul
973 1961 992 2022 b
1009 1981 1087 2044 pago
1106 1961 1238 2032 (bediu,
1252 1961 1284 2022 iu

92 2063 185 2143 cujus
203 2068 293 2140 caput
313 2057 459 2120 Suecions
472 2059 555 2119 furor
570 2057 683 2141 gladio,
697 2077 749 2118 seu
767 2067 802 2120 ut
819 2057 882 2132 alii,
896 2058 995 2118 securi
1012 2059 1159 2132 saevierat,
1174 2077 1211 2118 ex
1224 2077 1285 2139 quo

91 2157 219 2218 vulnere
229 2155 319 2216 etiam
329 2163 395 2214 tum
407 2154 626 2216 recentissimus
634 2155 812 2216 scaturiebat
821 2156 953 2236 sanguis,
961 2155 1014 2235 qui
1022 2154 1113 2217 bodie
1120 2155 1285 2216 etiamnum

91 2272 217 2314 manare
235 2251 365 2313 dicitur:
387 2250 456 2326 hoc,
476 2251 572 2313 excita
590 2250 735 2312 miracula
752 2251 775 2312 J
778 2252 866 2313 udoea
882 2252 1001 2326 mulier,
1020 2253 1122 2323 surda,
1142 2260 1173 2313 et
1188 2261 1283 2326 muta,

92 2349 184 2433 plena
196 2369 247 2431 spe
260 2346 386 2430 optimt,
402 2347 565 2424 contendit,
580 2347 787 2431 integramque
800 2347 872 2410 iude
887 2349 1045 2411 sanitatem
1058 2348 1170 2411 retulit.
1213 2347 1285 2410 Hoc

91 2466 151 2529 ego
164 2446 226 2531 ipse
238 2444 376 2507 oculatus
389 2444 473 2507 testis
486 2464 587 2505 coram
602 2445 670 2507 Deo
683 2444 872 2507 verissimum
881 2446 1013 2507 adstrue.
