3225 4700
352 344 411 410 190
747 336 1149 407 ITINERARIUM.

347 492 446 577 panim
463 500 494 554 at
511 488 614 574 Belgii
626 487 864 555 Administretor
879 512 912 555 re
928 492 1005 555 intuo
1019 490 1164 555 eontulit:
1186 503 1289 573 pugna
1302 486 1370 551 lraro
1386 486 1553 550 maritime

346 591 385 651 eb
397 590 472 651 lrora
484 596 553 650 ente
566 586 723 650 meridiem
738 594 823 650 sexta
839 588 995 651 exordium
1012 586 1148 671 sumpsit,
1162 597 1254 669 atque
1265 587 1306 649 ad
1321 585 1427 648 horem
1439 605 1551 665 usque

345 693 481 767 quartum
493 692 561 766 post
572 683 770 747 meridinnam
781 704 814 747 se
825 684 980 747 extenditr
1000 684 1151 765 utrimque
1162 702 1236 746 vero
1247 689 1332 744 tnnta
1343 680 1552 744 contentione

345 781 403 844 fnit
416 788 593 864 pugnaturn,
607 780 707 843 utrix
720 779 782 842 dini
795 778 917 842 credive
929 779 1032 863 poerit.
1073 778 1298 841 Hellandorunr
1310 775 1438 840 oonsilio
1443 776 1550 857 juva·

344 878 397 939 bat
409 877 585 939 densissima
597 876 716 951 nebula,
730 876 817 959 nujus
829 875 996 939 ministerio
1010 896 1071 938 non
1085 874 1253 956 opinantes,
1269 892 1326 935 neo
1341 873 1382 935 ed
1398 891 1549 954 pugnam

344 972 503 1055 dispositos
515 981 637 1055 reponte
649 973 748 1035 adorti
761 981 843 1049 sont,
857 973 947 1035 itaut
957 971 1034 1053 qnid
1049 990 1150 1034 rernm
1166 976 1304 1053 ageretur
1318 967 1453 1049 H'npani
1467 986 1548 1028 nes-

344 1068 449 1144 cirent,
472 1070 660 1151 majoresque
682 1068 905 1131 Hollendornm
926 1067 1134 1150 impetentium
1150 1066 1230 1129 vires
1245 1085 1338 1147 quam
1356 1072 1444 1127 erant
1463 1064 1546 1139 rati,

342 1164 441 1227 subito
455 1164 599 1227 anelrores
612 1164 717 1227 oultris
731 1164 908 1239 inciderent,
925 1184 962 1226 ae
979 1162 1137 1247 profugere
1153 1162 1187 1223 in
1203 1170 1304 1225 tntum
1318 1160 1429 1222 durna
1442 1178 1546 1221 oona·

342 1269 457 1335 rentur,
479 1260 725 1341 quandoquidem
747 1260 896 1323 Hollaudi
918 1262 962 1322 ita
979 1278 1066 1323 enam
1087 1258 1213 1321 elaseem
1233 1257 1418 1332 ordinarant,
1441 1267 1483 1317 nt
1505 1254 1545 1315 in

342 1356 498 1418 semilunre
514 1356 642 1418 formam
657 1356 861 1429 extenderent,
875 1364 965 1438 etque
975 1357 1021 1420 ite
1033 1356 1187 1437 Hispanos
1199 1354 1482 1437 compleoterentnr,
1503 1360 1545 1413 nt

342 1470 422 1532 egro
443 1451 508 1513 sine
528 1450 615 1513 olede
635 1449 714 1513 elabi
734 1459 873 1533 possent3
893 1470 930 1514 ae
947 1451 1019 1515 lieet
1039 1450 1191 1533 ploraque
1212 1450 1421 1533 Hispanorum
1437 1466 1543 1510 naves

342 1546 476 1609 maseula
491 1566 547 1609 sna
562 1546 674 1610 virtute
695 1547 785 1610 selva
801 1548 961 1623 evenerint,
981 1548 1077 1610 multo
1093 1556 1195 1611 temen
1213 1548 1337 1622 damno,
1354 1546 1540 1628 majoreque

340 1642 476 1723 perieulo
486 1643 560 1725 ipsis
572 1642 638 1707 hmo
650 1644 725 1727 fuge
736 1644 826 1708 stetit.
853 1644 996 1727 Proregis
1010 1644 1203 1727 Neapolitani
1214 1644 1301 1707 navis
1312 1644 1392 1705 inter
1402 1652 1539 1707 oratores

339 1737 467 1819 primam
479 1738 664 1803 fortitudinis
676 1750 708 1804 et
720 1740 815 1803 animi
829 1761 900 1803 vere
914 1741 1021 1803 Martii
1035 1740 1157 1803 landem
1173 1740 1253 1816 tulit,
1272 1740 1424 1822 siqnidem
1437 1760 1480 1801 ex
1495 1760 1537 1801 en

338 1843 402 1897 tam
424 1834 549 1897 viriliter
569 1845 736 1918 pugnaturn
757 1847 813 1915 est,
834 1844 869 1899 ut
888 1837 1034 1919 prmoipni
1054 1836 1278 1904 Hollnndorum
1299 1836 1435 1899 naucleri
1453 1836 1536 1899 inde

337 1928 485 1994 vulnerati
501 1932 703 2014 trucidatique
720 1935 788 1995 siut
828 1932 897 1997 Neo
913 1954 985 1997 enne
1000 1933 1129 1997 multum
1147 1933 1351 2015 proieoirsent,
1368 1934 1429 1995 nisi
1445 1933 1533 2015 pioe,

337 2023 446 2102 rosini,
460 2036 547 2109 stupe
558 2028 677 2111 elinque
689 2030 815 2092 materia
826 2029 914 2092 ieoile
926 2029 1128 2093 mutuentur
1139 2029 1267 2111 oppletre
1278 2048 1371 2091 neves
1378 2038 1533 2091 maeoen·

336 2140 377 2183 sae
390 2122 509 2185 uncinis
522 2123 624 2185 ferreis
633 2134 695 2187 tam
705 2124 963 2206 sortiterappnetae
973 2135 1081 2201 errent,
1094 2133 1129 2187 nt
1135 2124 1258 2187 dissolri
1265 2124 1337 2185 inde
1342 2124 1532 2192 nullomodo

335 2226 465 2297 possent,
479 2219 560 2281 unde
571 2218 682 2282 foetum
696 2228 731 2282 ut
744 2240 798 2283 suo
811 2220 883 2303 igne
896 2220 980 2281 illam
992 2219 1089 2302 ipsam
1097 2239 1216 2302 quoqne
1227 2220 1436 2297 aooenderent,
1447 2241 1530 2282 nna-

329 2332 394 2394 qne
413 2313 567 2395 pulverem
587 2316 824 2392 tormentarium,
843 2316 930 2399 enjus
949 2316 1094 2380 violentie
1113 2315 1265 2381 horrendo
1283 2334 1355 2380 oum
1371 2319 1476 2381 sonitu
1493 2319 1529 2381 in

333 2415 404 2474 adra
415 2421 499 2474 tante
510 2413 543 2474 ri
554 2413 694 2491 evolavit,
708 2422 743 2476 ut
756 2413 873 2476 odanto
884 2413 1014 2476 describi
1026 2422 1164 2494 nequeat.
1205 2413 1256 2476 De
1272 2412 1329 2475 heo
1346 2414 1477 2478 viatoria
1495 2415 1529 2476 in

335 2506 502 2570 Hollnndie
515 2507 674 2571 Seelandia
685 2529 721 2572 ao
734 2509 805 2572 alibi
817 2508 978 2592 magnifiee
990 2507 1206 2590 triumphatam
1218 2520 1274 2584 est,
1288 2529 1349 2590 qua
1360 2519 1528 2574 tormento·

333 2623 400 2664 rum
414 2603 563 2686 majomm
576 2603 750 2666 bellieorum
763 2605 984 2682 exoneratione,
998 2623 1060 2685 qna
1074 2603 1193 2688 ignium
1208 2603 1382 2668 festivorum
1396 2626 1528 2670 sewen·

332 2698 426 2772 sione,
438 2719 501 2781 qua
513 2699 581 2763 festi
592 2701 735 2764 carminis
747 2701 961 2765 modulatione.
1000 2699 1081 2763 (lum
1092 2709 1192 2762 umen
1206 2698 1339 2782 Hispani
1354 2721 1416 2764 non
1433 2723 1528 2786 mag·

332 2814 441 2877 nopere
450 2797 595 2859 senserint
604 2817 689 2860 suam
699 2798 826 2875 cladem,
835 2799 947 2862 assueti
955 2817 1066 2879 magno
1074 2797 1176 2858 animo
1184 2795 1318 2859 dolorem
1324 2797 1526 2880 supprimere,

331 2911 367 2953 ao
380 2892 419 2954 de
432 2893 607 2976 opportunis
619 2894 727 2956 mediis
743 2915 775 2957 se
790 2894 967 2958 vindicandi
985 2903 1101 2956 mature
1118 2891 1295 2970 oonsultare,
1311 2913 1381 2974 qua
1394 2895 1524 2976 quidem

284 3023 289 3030 ·
332 2987 403 3070 ipsis
415 3009 563 3073 nusquam
575 2990 712 3067 deemnt,
727 2991 786 3054 nisi
801 2989 950 3055 Hellendi
961 2990 1023 3054 suis
1036 2990 1124 3053 rebus
1136 2987 1264 3053 sollicite
1275 2989 1453 3073 advigilent
