3225 4700
340 338 406 404 352
747 334 1158 403 ITINERARIUM.

341 491 457 552 misisse
480 489 646 551 exercitum
670 489 831 552 duodecim
858 490 988 555 millium
1013 490 1161 571 peditam,
1186 499 1217 551 et
1242 487 1377 570 quinque
1405 485 1537 547 millium

341 588 475 669 equitnm
502 586 691 669 spargebant,
717 608 837 670 unaque
855 588 980 671 jussisse
1003 587 1080 649 solvi
1101 587 1301 670 qnadraginta
1324 593 1536 647 coronatorum

341 685 437 747 millia
462 704 518 765 pro
541 683 677 765 augendo
700 685 895 767 undiquaque
917 685 1025 761 milite,
1048 684 1098 747 cui
1121 682 1335 766 preficiendus
1359 690 1436 745 esset
1462 682 1538 741 Dux

340 781 578 855 Aurelianensis,
592 781 643 841 cni
657 783 758 844 annno
771 783 864 865 pendi
884 783 1032 845 debebant
1047 782 1183 843 duodena
1196 791 1407 845 coronatorum
1427 778 1536 853 millia,

343 879 425 940 Duci
443 880 516 941 verb
538 878 693 939 Bullionio
711 880 867 963 sexaginta
886 879 983 941 millia
1001 886 1220 953 coronatorum,
1242 886 1277 941 ut
1299 877 1458 940 transitum
1482 896 1538 957 per

343 976 496 1038 Sedannm
519 976 712 1057 permitteret
758 977 894 1038 Domino
919 976 972 1058 qni
998 976 1018 1037 a
1041 977 1152 1037 Sancto
1179 975 1288 1037 Marco
1314 974 1536 1045 nominabatur,

341 1074 491 1135 numerari
503 1074 652 1135 debebant
659 1074 767 1136 vicena
776 1082 985 1135 coronatorum
995 1072 1101 1149 millia,
1111 1082 1145 1135 ut
1156 1070 1348 1137 cardinalem
1362 1070 1534 1133 Richelium
1591 1104 1592 1107 =

340 1169 419 1231 vivis
431 1170 584 1231 eximeret

384 1266 494 1328 Mortis
516 1268 561 1328 rei
581 1276 617 1328 nt
637 1268 769 1350 primam
791 1288 825 1329 se
845 1268 908 1330 vita
930 1268 1105 1330 eximendos
1127 1264 1350 1340 intellexerant,
1375 1273 1537 1325 evocarunt

341 1363 422 1425 viros
431 1365 539 1446 probos
549 1365 741 1427 conscientia
753 1364 891 1437 arbitros,
904 1364 1083 1445 quibuscum
1102 1364 1139 1425 de
1157 1362 1334 1445 gmvissimo
1353 1360 1463 1422 animae
1482 1380 1536 1421 ne-

341 1461 424 1543 gotio
441 1461 521 1522 serio
538 1460 718 1534 conferrent,
739 1470 820 1523 etse
839 1461 879 1523 ad
897 1470 1026 1523 mortem
1044 1460 1246 1541 disponerent,
1266 1458 1375 1540 quibus
1396 1458 1536 1540 peractis,

340 1568 525 1639 postremum
543 1557 655 1620 fabulae
672 1579 736 1621 sna
755 1568 857 1620 actum
878 1558 989 1634 durari,
1005 1558 1038 1619 in
1057 1557 1205 1621 theatrum
1223 1558 1313 1619 ambo
1333 1556 1535 1628 deducuntur,

341 1656 397 1736 qni
410 1664 443 1716 nt
455 1675 519 1716 sese
532 1664 762 1737 conspexerunt,
777 1656 908 1737 primrlm
921 1655 952 1717 in
968 1654 1134 1737 amplexus,
1146 1674 1218 1717 mox
1236 1654 1311 1716 alter
1328 1652 1415 1715 alteri
1429 1673 1535 1735 provo·

341 1752 424 1813 lntus
437 1751 477 1812 ad
488 1772 588 1834 genua
599 1754 662 1813 ruit
679 1752 883 1834 deprecantes,
897 1752 979 1833 qnod
993 1752 1049 1813 sibi
1067 1753 1172 1814 mutnb
1184 1770 1304 1813 causam
1319 1750 1424 1813 mortis
1437 1749 1536 1811 dedis·

341 1859 424 1911 sent:
445 1849 598 1910 certabant
615 1847 768 1911 honestate
785 1859 819 1910 et
835 1869 936 1911 amore
954 1850 1054 1923 ambo,
1072 1862 1102 1911 et
1119 1860 1224 1912 neuter
1237 1848 1324 1911 alteri
1340 1848 1454 1930 primas
1467 1868 1538 1909 con·

342 1947 450 2009 cedere
462 1944 576 2021 volens,
588 1945 700 2028 singuli
717 1946 814 2028 parati
827 1966 881 2028 pro
899 1947 1041 2009 alterutro
1060 1946 1085 2007 si
1103 1956 1226 2027 possent
1242 1946 1395 2029 geminam
1412 1946 1539 2007 fundere

341 2044 447 2117 vium,
465 2044 566 2125 quoad
584 2044 707 2105 mndem
728 2054 853 2127 uterquc
870 2056 995 2108 mortem
1016 2046 1151 2127 oppetiit.
1193 2044 1427 2108 custodiebatur
1446 2046 1535 2106 etiam

341 2150 416 2204 tnnc
435 2141 561 2203 sollicite
585 2139 768 2218 Bullionins,
783 2143 871 2223 cujus
891 2162 981 2204 causa
1001 2142 1118 2204 lubrico
1140 2142 1194 2203 sed
1215 2142 1341 2225 ancipiti
1362 2142 1538 2203 versabatur

342 2239 421 2301 loco.
467 2238 538 2300 Non
560 2238 719 2301 defuerunt
737 2238 898 2300 multorum
920 2239 1100 2322 Principum
1123 2238 1239 2322 Legati,
1259 2238 1313 2319 qui
1332 2248 1428 2301 morte
1448 2239 1537 2300 eximi

341 2336 498 2420 rogabant,
512 2356 639 2417 quornm
654 2336 793 2417 precibus
806 2336 928 2398 tandem
944 2335 1055 2398 Galliae
1071 2336 1138 2398 Rex
1151 2335 1335 2418 subscripsit.

384 2433 545 2516 Supererat
567 2433 641 2493 Dux
660 2432 897 2509 Aurelianensis,
918 2434 972 2515 qui
992 2448 1059 2516 post
1078 2435 1208 2496 reditum
1227 2454 1316 2495 suum
1335 2433 1374 2495 ab
1394 2433 1485 2494 exilio
1504 2434 1535 2494 in

344 2533 514 2602 Franciam‚
528 2529 640 2605 fratris,
654 2529 749 2612 Regis
758 2529 876 2592 vultum
889 2531 1024 2592 nondum
1035 2531 1164 2594 viderat.
1202 2531 1284 2592 Eum
1299 2530 1367 2593 Rex
1379 2530 1418 2591 ad
1433 2529 1534 2591 Sancti

344 2627 490 2692 Germani
508 2626 637 2707 Regiam
655 2635 770 2698 evocat,
789 2646 891 2688 secum
914 2627 945 2689 in
966 2628 1094 2710 gratiam
1111 2627 1282 2710 plenissime
1302 2627 1478 2699 rediturum,
1498 2627 1537 2687 ad

341 2747 430 2808 quem
443 2735 476 2785 ut
488 2725 580 2784 frater
596 2722 690 2804 RegIs
709 2722 862 2805 ingressus
877 2734 933 2800 est,
948 2746 1018 2786 mox
1037 2747 1069 2788 se
1086 2725 1161 2788 solio
1181 2725 1398 2804 acquiescentis
1413 2725 1537 2805 pedibus

342 2822 489 2897 advolvit,
504 2819 684 2900 veniamque
697 2819 801 2882 delicti
821 2822 994 2903 postulavit.
1036 2823 1135 2896 Quem
1151 2823 1218 2885 Rex
1230 2822 1445 2884 humanissime
1459 2833 1538 2884 terra

342 2928 518 2993 surrectum,
533 2915 752 2998 complectitur,
765 2927 911 3001 rogatque
929 2928 964 2980 ut
977 2919 1160 3002 inposterum
1179 2921 1211 2981 in
1224 2919 1288 2981 fide
1305 2929 1415 3002 perstat
1433 2921 1538 2981 memi-

342 3016 481 3096 neritque
493 3016 561 3096 jam
578 3011 719 3094 quintum
736 3035 844 3095 graves
862 3016 919 3078 sibi
937 3017 1103 3078 condonari
1121 3017 1234 3099 culpas,
1250 3017 1398 3099 simulque
1417 3018 1458 3080 ad
1477 3019 1538 3079 Re-

343 3117 447 3200 ginam
461 3115 595 3191 abducit,
610 3123 642 3176 et
659 3113 766 3197 Regia
780 3133 891 3174 mensoe
905 3113 1044 3190 adhibet;
1065 3135 1125 3195 qua
1143 3113 1229 3178 linita
1248 3115 1382 3177 Parisios
1396 3115 1538 3177 dimissus

341 3225 397 3290 est,
408 3213 462 3276 nbi
476 3213 584 3274 domus
594 3211 704 3273 Gnisia
715 3209 877 3294 magnifice
889 3211 1009 3274 exculta
1019 3212 1282 3274 Aurelianensinm
1296 3212 1377 3275 Duci
1387 3213 1539 3296 assignata

342 3321 398 3374 est.
439 3309 526 3371 Fecit
544 3309 610 3370 baec
630 3307 729 3390 gratia
746 3308 849 3370 mnltis
861 3308 1058 3390 complicibus
1076 3329 1217 3392 magnam
1230 3310 1328 3372 veniae
1348 3319 1378 3372 et
1393 3309 1539 3372 libertatis

341 3427 436 3490 spem,
451 3425 543 3486 quam
557 3425 613 3467 nec
627 3413 751 3466 eventus
762 3403 877 3465 fefellit.

383 3504 491 3566 Mense
516 3501 684 3564 Novembri
704 3501 809 3584 magni
823 3499 939 3562 fiebant
959 3501 1085 3564 Parisiis
1103 3515 1266 3586 apparatus,
1283 3514 1318 3566 ut
1337 3514 1451 3586 quanta
1472 3503 1540 3566 lieri

343 3612 442 3683 posset
453 3597 682 3682 magnificentia
693 3598 783 3658 ambo
793 3596 889 3680 Regii
909 3597 1067 3680 Principes
1079 3601 1146 3680 jam
1163 3602 1281 3682 pridem
1299 3602 1331 3662 in
1350 3602 1449 3663 lucem
1464 3601 1540 3663 editi

343 3711 374 3762 et
386 3699 515 3762 diversis
533 3695 658 3777 quidem
676 3695 819 3774 partubus
837 3694 913 3770 nati,
926 3715 1010 3758 sacro
1030 3695 1187 3780 Baptismo
1204 3708 1432 3762 renascerentur
1449 3711 1542 3780 atque
