3225 4700
496 276 917 386 ruruaasaruua
1223 323 1286 388 aar

15 486 51 535 nr,
61 465 236 552 pellectoris
246 469 520 553 Brandeuburgici.
543 470 982 531 DeductiorerdSerenissimoe
990 470 1113 552 Sponsas
1124 473 1164 534 ad
1176 472 1284 555 Sponsi

16 565 299 633 namabitationem
314 568 352 628 ob
365 568 474 629 infesta
487 569 595 629 itinera
609 567 824 649 aliquantisper
838 568 933 629 dilata
946 578 1001 629 est.

16 683 95 729 saffi-
120 658 191 719 Sub
205 661 335 721 eundem
349 681 481 723 mensem
495 661 669 724 Gulouellus
681 662 889 744 Baumberger
901 664 1204 751 Philippoburgensis
1215 667 1281 729 Gu-

23 766 235 832 osessaernator,
254 768 357 819 contra
376 759 592 840 Hagenoiinses
609 757 715 819 Gallos
730 759 913 840 jampridem
933 772 1109 843 conceptam
1129 764 1280 844 stropham

15 854 282 934 iPffi‘sersequitur.
324 857 500 917 Demandat
512 855 612 916 locum
626 856 739 916 tenenti
753 876 818 926 suo,
828 867 863 917 nt
876 878 945 918 cum
959 879 1098 939 supremo
1109 860 1280 941 vigiliarum

84 948 247 1025 ?rsefect0,
262 963 292 1012 et
308 953 447 1013 ducentis
463 953 582 1015 circiter
597 952 749 1035 peditibus
767 965 797 1014 et
811 955 944 1034 equitum
961 965 1060 1016 turma
1074 957 1196 1036 (quibus
1210 979 1280 1039 sup-

15 1046 178 1121 fflretias
198 1068 235 1107 ex
256 1048 396 1110 condicto
413 1048 503 1110 laturi
526 1060 612 1110 eraut
632 1048 939 1111 Franckentbalenses
962 1052 1092 1131 Hispani
1115 1061 1145 1113 ct
1165 1054 1279 1134 equites

28 1140 354 1226 fflQffenburgenses)
367 1146 422 1206 sub
442 1146 560 1207 silentio
575 1146 759 1228 egrediatur,
774 1144 927 1227 fingatque
942 1168 974 1209 se
994 1148 1073 1209 mitti
1088 1170 1141 1230 pro
1161 1171 1279 1231 permu-

74 1242 195 1302 :atione
207 1242 461 1323 praesidiariorum
477 1241 762 1324 Offcnburgensium
777 1263 852 1323 quos
865 1244 933 1305 istic
952 1245 1195 1333 Baumbergerus
1209 1267 1279 1307 con·
1322 1272 1326 1279 ·

15 1357 60 1417 iss
67 1339 243 1410 -stituerat3
264 1339 384 1400 iuterim
404 1341 477 1401 vero
495 1339 577 1401 recta
593 1339 775 1421 Hagenoam
794 1340 929 1413 accedat,
945 1350 975 1403 et
991 1341 1209 1422 quadripartito
1229 1362 1278 1403 oo-

16 1434 179 1527 pffpiolas
205 1436 331 1511 dividat,
360 1438 544 1517 insidiasque
573 1436 740 1497 commodis
766 1436 841 1497 locis
869 1437 1021 1518 disponat,
1047 1438 1213 1520 jubeatque
1239 1440 1278 1499 ad

35 1541 199 1612 qsccrtum
212 1532 333 1614 signum
351 1532 451 1594 latere.
492 1532 532 1593 Id
551 1533 635 1613 quod
654 1541 737 1593 sexto
758 1533 877 1594 decimo
896 1534 919 1596 J
923 1535 988 1595 unii
1009 1537 1147 1596 accurate
1165 1535 1277 1597 factum

16 1674 35 1712 s
48 1680 54 1711 .·
69 1639 135 1690 est.
182 1628 308 1703 Postero
326 1629 375 1691 die
394 1639 550 1711 postquam
570 1650 678 1711 pecora
694 1629 726 1688 in
745 1650 856 1709 pascua
869 1652 905 1691 ex
926 1632 999 1692 urbe
1013 1632 1202 1712 prodiissent,
1219 1632 1278 1695 Co·

16 1726 185 1809 szzl⁰¹¹0¹ll
206 1727 305 1788 locum
327 1737 431 1788 tenens
456 1749 525 1789 curn
549 1727 816 1809 vigintiquinque
840 1729 992 1808 equitibus
1016 1741 1120 1792 contra
1147 1742 1278 1812 pastores

15 1816 59 1908 33}
72 1832 195 1898 movet,
209 1832 240 1884 et
253 1844 361 1905 perora
373 1825 493 1907 abigere
507 1824 647 1885 mandatz
670 1824 752 1903 quod
766 1844 803 1883 ex
817 1825 889 1884 urbe
904 1827 1070 1907 conspicati
1085 1827 1192 1909 vigiles
1207 1830 1278 1889 dato

72 1921 170 2002 signo
183 1922 222 1981 de
236 1920 336 1983 hostili
350 1922 464 2004 impetu
479 1934 611 1996 monent,
626 1931 733 1981 contra
748 1920 933 1982 latrunculos
951 1924 1107 1985 confestim
1123 1926 1183 1983 400
1201 1944 1277 2005 prae·

16 2049 49 2105 ts]
72 2018 198 2078 sidiarii
207 2018 394 2093 emittuntur,
406 2032 437 2079 et
446 2019 520 2079 dum
529 2019 703 2079 remotiores
713 2016 792 2078 fiunt
800 2018 878 2091 urbi,
889 2018 1014 2080 insidias
1023 2020 1276 2095 animadvertunt,

16 2146 52 2203 rw
72 2116 228 2195 rebusque
242 2116 304 2175 suis
317 2116 446 2197 tempori
459 2115 635 2189 consulturi,
647 2136 678 2175 se
692 2113 844 2190 dividunt,
859 2113 912 2174 alii
922 2115 1045 2195 quidem
1056 2136 1159 2177 versus
1169 2136 1278 2197 pecora

15 2263 43 2293 :a
73 2222 215 2287 movent,
235 2212 288 2273 alii
305 2214 345 2273 ad
365 2213 477 2274 moenia
496 2220 697 2284 revertuntur,
714 2212 769 2272 sed
787 2210 854 2271 hit
876 2212 963 2273 novis
982 2212 1099 2273 insidiis
1118 2214 1277 2295 intercepti

15 2292 43 2302 ..
73 2308 266 2390 potissimam
280 2319 393 2390 partem
407 2310 573 2371 caeduntur.
613 2308 679 2370 Alii
692 2329 761 2370 cum
776 2308 948 2390 seimpares
962 2308 1112 2371 essehosti
1126 2310 1230 2372 vident
1244 2312 1276 2371 iu

75 2405 334 2468 Bildsteiuianam
350 2407 453 2468 villum
471 2407 684 2489 digrediuntur
702 2416 732 2468 et
755 2426 792 2468 ex
813 2405 917 2468 illese
938 2417 1060 2468 tuentur
1080 2409 1120 2469 ad
1141 2408 1276 2471 dimidiae

16 2560 39 2583 ἐ
74 2504 162 2564 horae
181 2504 328 2583 spacium,
349 2525 385 2564 ac
402 2504 525 2565 tandem
545 2503 670 2584 abjectis
688 2504 779 2564 armis
799 2524 830 2564 se
850 2503 976 2566 dedunt.
1020 2505 1067 2566 Ea
1086 2506 1277 2586 expeditione

74 2600 196 2681 pecoris
215 2601 347 2662 ducenta
366 2599 496 2682 amplius
516 2600 616 2680 capita
635 2600 740 2660 abacta
760 2609 840 2674 suut,
866 2603 946 2682 capti
962 2602 1071 2663 milites
1088 2613 1119 2664 et
1135 2601 1277 2664 officiales

16 2688 36 2781 J,
80 2699 140 2756 150
154 2697 284 2771 circiter,
299 2697 352 2777 qui
366 2718 435 2757 mox
450 2697 547 2757 soluto
560 2695 631 2756 litro
643 2695 822 2777 Hagenoam
839 2697 954 2758 remissi
969 2707 1049 2760 sunt.

119 2793 226 2854 Variat
236 2792 366 2867 fortuna,
378 2805 460 2855 certo
471 2794 538 2854 loco
546 2793 710 2854 consistere
720 2793 829 2864 nescia,
840 2815 921 2855 nuuc
932 2795 979 2856 his
992 2817 1074 2857 nuuc
1084 2796 1150 2857 aliis
1160 2798 1276 2872 favens,

16 2884 28 2971 ᾗ,
76 2892 302 2954 Hoiiutuilauis
315 2895 508 2954 certemeuse
522 2891 823 2973 Juliofuitpropitia.
866 2892 1059 2953 Gubernator
1068 2893 1145 2954 arcis
1158 2893 1276 2954 Hoeut-

16 2980 31 3060 ζ’
75 2990 196 3051 wilanae
210 2992 414 3072 septendecim
428 2991 537 3052 milites
550 2990 718 3072 praedatum
732 2989 884 3062 emiserat,
898 2989 951 3069 qui
965 2989 1037 3049 dum
1053 2988 1112 3050 late
1126 3001 1276 3072 vagantur

75 3090 358 3152 Wildeusteiniauae
373 3090 435 3150 arci
444 3091 664 3171 approximant.
708 3089 771 3149 ch
786 3109 840 3169 per
853 3097 949 3148 certos
962 3085 1098 3146 homines
1113 3083 1276 3148 edocentur

16 3245 23 3256 ,
75 3187 137 3248 1οοὶ
149 3188 409 3248 commendantem
423 3187 462 3247 ad
477 3186 647 3269 proximum
662 3186 731 3268 pagi
746 3185 892 3267 templum
907 3203 977 3243 cum
996 3182 1078 3242 omni
1093 3182 1153 3242 fere
1171 3185 1274 3264 praesi·

16 3274 19 3349 s
77 3283 176 3344 diario
191 3283 286 3344 milite
300 3304 386 3345 sacro
403 3284 502 3344 missae
517 3283 616 3344 officio
631 3282 791 3344 affuturum
806 3285 884 3360 (erat
903 3278 984 3340 enim
1002 3279 1067 3339 dies
1085 3279 1190 3355 festus)
1203 3301 1276 3342 con-

15 3365 18 3377 ’
78 3380 211 3455 cessisse,
227 3381 362 3460 adeoque
375 3401 457 3441 nuuc
467 3379 562 3440 milite
576 3399 676 3440 arcem
690 3399 754 3439 esse
764 3377 950 3451 destitutam,
960 3385 994 3436 nt
1008 3395 1069 3438 non
1084 3374 1142 3436 nisi
1151 3376 1275 3438 unicum

77 3499 133 3560 pro
146 3477 291 3550 excubiis,
307 3485 336 3537 et
349 3476 483 3537 aniculas
496 3477 572 3537 duas
585 3476 736 3537 retineret.
771 3475 863 3536 Hanc
873 3471 1058 3533 occasionem
1072 3472 1277 3534 Hoentwilani

79 3574 140 3634 suis
150 3572 284 3634 consiliis
297 3573 492 3655 aptissimam,
506 3572 661 3647 ambabus,
676 3572 759 3653 quod
773 3572 869 3649 aiunt,
885 3569 976 3644 ulnis,
992 3569 1139 3650 complexi
1153 3578 1234 3643 sunt,
1248 3579 1279 3629 et

16 3686 24 3704 ·
81 3669 178 3751 primb
192 3669 316 3750 quidem
329 3669 533 3731 excubitorem
547 3669 819 3744 circumvenerunt,
835 3677 864 3730 et
874 3666 893 3728 ὲ
904 3667 1030 3728 statione
1042 3687 1096 3728 suu
1104 3667 1267 3746 abegerunt

653 3767 671 3824 3
685 3787 705 3824 s
