3225 4700
505 358 530 424 1
535 358 819 427 TINERARI
827 358 913 427 ΗΜ.
1228 360 1289 427 163

82 524 165 567 cum
177 508 283 569 securi
296 528 399 571 omnes
407 509 574 573 dormirent
585 510 631 573 nil
642 512 743 575 minus
753 531 844 593 quem
854 512 893 573 de
906 530 983 573 nove
994 519 1079 575 terrm
1091 511 1287 575 concussione

83 601 272 683 cogitantes,
287 604 339 665 vix
352 605 433 666 ullus
444 606 645 671 habitatorum
657 629 696 670 ex
708 607 769 669 illis
783 608 903 689 oppidis
920 606 1025 683 evenit,
1041 616 1151 690 proter
1168 628 1218 670 eos
1236 608 1288 688 qui

85 698 261 761 Consensae
273 702 400 783 tempori
412 711 572 765 tremorem
584 704 873 779 snimedverterunt,
888 723 924 765 ec
937 704 1096 786 derepente
1109 704 1186 768 nudi
1198 704 1287 767 etium

86 814 130 853 ex
145 795 220 856 urbe
233 795 265 856 in
278 796 415 875 petulum
427 818 464 859 eo
476 798 606 861 liberum
618 820 759 883 campum
771 802 903 862 evasere.

133 891 302 955 Excestdre
315 914 435 975 quoque
448 895 588 957 immunis
601 905 688 957 terre
701 906 801 966 motus
814 896 973 979 indigenas
986 896 1101 973 terruit,
1113 895 1164 959 cui
1173 896 1288 958 densis·

88 988 180 1049 simne
191 988 282 1068 pleno
293 989 344 1049 die
357 991 487 1052 tenebris
500 992 706 1072 praelusernnt,
720 1000 843 1072 temque
857 1001 932 1053 tetro
947 1011 1014 1053 eum
1032 991 1171 1074 mephitis
1186 1002 1288 1054 secute

89 1083 196 1147 utrix
209 1083 288 1145 nllus
299 1086 471 1148 mortalium
484 1088 562 1150 ferre
575 1087 716 1170 potuerit.
745 1088 794 1148 Ex
803 1087 862 1149 hoo
876 1096 963 1150 terrm
976 1096 1059 1148 motu
1069 1086 1130 1149 loci
1143 1086 1287 1169 templum

89 1178 273 1259 primarium
282 1181 412 1258 dissiliit,
423 1203 460 1245 ec
469 1184 636 1267 virgenere
648 1184 757 1246 nobilis
770 1185 814 1245 itn
823 1184 920 1265 cupite
930 1184 962 1245 iu
971 1183 1141 1245 columnam
1151 1182 1287 1264 impegit,

89 1284 127 1337 ut
139 1273 236 1337 effuso
248 1278 370 1339 cerebro
385 1299 457 1341 mox
472 1280 573 1343 vivere
591 1281 721 1343 desierit.
763 1279 803 1340 Iu
821 1278 1037 1361 Trunsylvnnie
1053 1298 1174 1360 quoquo
1189 1288 1287 1339 motus

90 1382 205 1433 terrem
217 1374 354 1454 ugitnvit,
368 1396 458 1455 quem
475 1385 560 1439 tonte
579 1396 721 1459 pecorum
741 1396 835 1458 prope
853 1376 987 1437 omnium
1004 1374 1166 1437 mortalitas
1187 1381 1289 1435 secute

90 1478 138 1529 est
150 1478 295 1549 quantum
305 1471 356 1531 vix
369 1471 527 1534 hominum
537 1474 682 1534 memoris
694 1473 785 1533 fuisse
798 1459 971 1533 recordetur
982 1473 1031 1534 cui
1041 1475 1093 1533 n'e‘r
1102 1479 1189 1533 nocte
1201 1469 1287 1531 illuni

91 1564 171 1627 coelo
183 1564 357 1647 plenissimo
369 1567 527 1647 splendore
539 1568 656 1630 alluxit.
684 1568 813 1629 Herode
824 1576 911 1631 terrae
923 1568 1051 1631 insolitis
1064 1567 1286 1650 agitationibus.

134 1658 184 1719 11.
208 1660 282 1723 Non
295 1661 395 1724 minus
408 1683 509 1725 rurum
523 1684 695 1745 novumque
707 1664 785 1726 illud
798 1672 843 1725 est
856 1663 938 1743 quod
952 1662 1243 1745 Neobrundenbnrgi
1256 1663 1287 1723 in

94 1756 222 1819 Ducutu
236 1757 500 1842 Mechlebnrgensi
517 1760 606 1843 pleno
618 1761 669 1822 die
681 1770 775 1843 portae
789 1760 919 1821 civitatis
932 1779 1034 1821 omnes
1047 1760 1165 1821 nemine
1181 1758 1288 1840 impel-

92 1852 176 1913 lente
188 1854 349 1933 petuerint,
362 1864 394 1916 et
404 1856 547 1936 oppositus
561 1856 655 1936 portis
667 1856 925 1937 ponderosissimo
944 1852 1091 1915 mechinae
1104 1864 1184 1915 terra
1195 1852 1288 1914 sexis·

93 1968 157 2027 que
170 1948 295 2029 expletur
308 1950 453 2012 invisibili
468 1972 561 2013 menn
577 1962 694 2014 nmotm.
737 1951 830 2025 Quod
847 1951 899 2011 ubi
918 1950 1060 2031 cognovit
1075 1950 1288 2011 commendans

96 2043 183 2105 urbis
202 2043 375 2106 Colouellus
395 2046 521 2128 Fspuni,
542 2057 662 2129 stupore
679 2048 824 2109 attonitus
843 2046 1007 2129 designetis
1025 2047 1065 2110 sd
1085 2044 1120 2107 id
1143 2043 1288 2106 militibus

96 2140 215 2203 recludi
233 2140 335 2215 voluit,
355 2143 501 2221 quidum
516 2145 556 2205 nd
574 2164 648 2226 opus
669 2144 880 2225 scoinguntnr‚
900 2143 938 2203 sb
959 2142 1073 2203 ossibus
1091 2152 1121 2203 et
1139 2140 1288 2222 capitibus

96 2245 282 2299 mortuorum
299 2238 494 2319 undiqueque
512 2240 543 2299 in
562 2240 673 2303 milites
688 2239 909 2322 depluentibns,
928 2238 1122 2321 repelluntur,
1142 2237 1288 2317 milesque

97 2353 176 2393 unus
194 2332 247 2413 qni
266 2334 380 2416 primm
393 2333 528 2397 domnio
543 2334 582 2398 de
599 2335 710 2398 mortui
727 2344 826 2398 tuctus
844 2333 942 2396 fueret
961 2334 998 2396 de
1015 2342 1135 2415 repente
1153 2342 1288 2395 mortuus

97 2429 241 2502 concidit,
255 2429 401 2510 multique
414 2431 493 2492 mele
505 2431 610 2493 habiti.
651 2431 786 2494 Tandem
801 2440 869 2513 post
885 2431 977 2492 trium
994 2430 1135 2492 horarum
1151 2430 1286 2511 specium

96 2545 129 2586 se
142 2533 236 2606 portoe
250 2525 328 2587 ultro
340 2527 450 2588 iterum
463 2537 579 2590 utente
592 2528 776 2609 inspectante
793 2527 877 2588 omni
893 2526 1014 2588 civitate
1033 2536 1063 2590 et
1078 2527 1209 2588 militum
1227 2526 1288 2588 ool-

98 2621 180 2684 luvie
190 2622 316 2684 reclusio
328 2631 407 2684 sunt.

139 2716 179 2777 In
194 2716 251 2780 hoc
266 2719 372 2780 eodem
389 2718 512 2781 Duoetu
530 2718 794 2800 Mecblebnrgensi
810 2715 859 2800 (ut
878 2717 1042 2780 Neostedio
1060 2715 1212 2798 scribitur)
1231 2717 1286 2778 sub

97 2813 202 2876 horum
217 2824 355 2876 octavum
372 2816 573 2897 vespertinum
590 2816 655 2878 viss
666 2825 712 2877 est
724 2835 830 2876 sereno
850 2814 927 2876 coelo
941 2815 972 2878 in
986 2818 1053 2876 nire
1066 2814 1106 2874 ed
1119 2813 1223 2875 vivum
1237 2833 1288 2875 ex·

98 2931 198 2991 pressu
213 2912 312 2973 forme
330 2911 460 2973 civitntis
479 2911 850 2993 Neobrundenburgensis‚
864 2918 895 2972 et
911 2911 991 2972 circe
1008 2909 1091 2971 illam
1108 2909 1187 2991 ignis
1202 2909 1287 2971 lucu·

96 3008 205 3084 lentus,
220 3008 272 3089 qni
283 3007 472 3088 splendorem
485 3017 516 3070 et
528 3008 630 3071 lumen
643 3008 777 3089 emplum
794 3006 958 3089 effulgebat
975 3007 1091 3070 dnobus
1109 3005 1289 3068 exercitibus

98 3106 169 3167 hinc
182 3115 213 3167 et
224 3105 295 3166 inde
309 3105 532 3186 prodeuntibus,
546 3125 676 3185 qnorum
688 3105 815 3166 alterum
828 3124 865 3165 ex
876 3104 1031 3166 occidente
1043 3103 1154 3164 ducere
1165 3102 1287 3166 videbu-

98 3211 149 3262 tur
160 3200 207 3262 vir
219 3201 340 3282 nigrore
353 3200 542 3262 formitnbilis
555 3209 732 3282 portentosae
745 3209 865 3261 stuturae
879 3208 960 3260 recte
973 3209 1076 3261 contro
1087 3199 1288 3260 adversarium

99 3297 261 3360 exercitum
273 3317 358 3358 orme
369 3295 490 3358 hostilio
505 3317 637 3358 movens
678 3295 723 3357 Hi
737 3316 807 3358 cum
826 3295 914 3357 horas
930 3295 1029 3376 plures
1047 3295 1154 3357 acriter
1169 3315 1289 3356 conser-

99 3395 210 3456 vissent
225 3414 341 3466 munus,
363 3393 485 3455 tandem
505 3393 726 3474 dispuruorunt,
749 3393 888 3474 ignique
910 3392 1053 3474 paulntim
1078 3392 1226 3454 extinctus
1245 3403 1290 3454 est

99 3490 200 3553 omnis
215 3489 307 3552 fuscis
321 3489 449 3551 tenebris
461 3489 636 3552 obvolvens.
679 3490 751 3551 Hoc
764 3490 862 3549 visum
874 3490 972 3570 primo
990 3487 1122 3550 molitori
1139 3488 1287 3570 objectum

99 3597 153 3660 est,
166 3587 220 3667 qni
231 3588 308 3648 nesi
324 3595 440 3668 postero
450 3585 500 3646 die
513 3586 667 3667 spsrsisset
678 3586 711 3647 in
723 3585 843 3667 vulgus,
863 3583 1041 3646 confinxisse
1057 3585 1166 3646 timore
1182 3603 1290 3664 urgue-

100 3694 190 3762 retur,
200 3703 272 3746 mox
281 3684 323 3746 nd
332 3682 415 3746 urbis
423 3680 632 3745 excubiusnou
640 3681 745 3765 procul
754 3681 826 3744 inde
836 3680 971 3744 absentes
979 3680 1093 3757 retulit,
1104 3678 1290 3744 excubitores
