3225 4700
356 341 400 408 32
746 339 1148 408 ITINERARIUM.

355 491 460 554 rstoris
485 491 579 573 edytu
600 489 825 552 sceleratissimo
851 493 926 574 pede
948 492 1083 566 violaret,
1107 511 1163 552 uec
1182 489 1349 570 quidquem
1366 489 1579 552 Omen-eum

354 588 471 650 vultum
485 589 597 650 veritus
609 589 710 650 nescio
726 607 793 668 qun
814 588 918 668 inique
936 588 955 649 d
974 586 1165 649 Perdinendo
1184 586 1232 647 11.
1250 586 1415 666 impetuose
1436 596 1580 667 postu·

354 683 439 758 leret,
452 693 482 746 et
494 685 526 745 ni
540 685 616 746 votis
635 683 737 746 Oaesur
756 693 901 745 annueret
917 684 996 746 ensis
1008 683 1149 765 capulum
1162 681 1268 744 dextrd
1288 681 1407 757 feriens,
1420 703 1575 743 mucro-

354 801 424 842 nem
440 781 646 855 minitaretur3
680 779 776 841 edfuit
795 779 890 841 bisin
907 780 1053 862 ungustiis
1071 778 1231 840 constituto
1245 777 1359 840 Caescri
1370 779 1570 858 opportune

355 875 561 952 Wullensteiu,
574 895 645 936 cum
665 875 818 956 manipulo
833 875 1153 958 Cumphructsriomm,
1174 893 1263 954 quem
1282 874 1315 933 in
1332 875 1455 935 servitis
1474 875 1566 934 Im-

353 972 497 1054 peratoris
510 992 547 1033 ex
561 970 752 1033 selectissimt
766 971 921 1034 Bohcmioe
938 973 1016 1053 pube
1033 971 1095 1032 suis
1112 969 1252 1050 impensis
1269 969 1430 1050 collegerat
1450 980 1487 1030 ut
1513 991 1565 1030 sc

353 1087 497 1149 suumque
522 1079 652 1128 turmem
679 1077 849 1139 ostentaret,
876 1066 1061 1148 Gaesurisque
1087 1066 1321 1128 benevolentium
1347 1065 1560 1147 acquireret.-

353 1185 423 1226 cum
446 1183 515 1225 ecce
541 1163 596 1225 tibi
618 1163 823 1224 nefandissimi
846 1164 1011 1242 proditores
1036 1183 1179 1243 equorum
1206 1181 1415 1242 armorumque
1436 1163 1561 1224 sonitu

354 1260 483 1342 perculsi
499 1261 530 1322 in
547 1278 646 1342 genus
666 1259 836 1340 procidunt,
857 1269 888 1319 et
908 1260 1028 1321 venium
1049 1259 1152 1321 delicti
1172 1270 1289 1341 rogent,
1307 1260 1463 1340 opinantes
1483 1279 1558 1320 ne·

353 1357 456 1436 quitite
477 1375 538 1417 suae
560 1355 683 1416 consiliu
699 1374 765 1428 ¹esse
787 1354 914 1430 detecte,
934 1375 1009 1435 quos
1027 1355 1148 1435 quidem
1167 1364 1240 1416 tunc
1257 1354 1360 1416 Coesur
1378 1373 1464 1414 more
1482 1375 1557 1416 suo

352 1451 565 1512 humanissime
578 1450 783 1530 complectitur
795 1451 941 1531 bonisque
954 1451 1062 1512 uuimis
1074 1471 1137 1511 esse
1145 1451 1266 1531 jubens,
1280 1450 1405 1510 dimittit
1417 1450 1554 1510 indem-

353 1567 416 1608 nes.
458 1545 589 1608 Mirutur
603 1547 720 1607 interim
731 1546 982 1627 providentissimi
997 1546 1139 1607 Numinis
1146 1546 1270 1628 vigilem
1283 1565 1397 1617 curum,
1407 1547 1491 1625 qnod
1506 1567 1551 1606 se

352 1644 435 1704 omni
454 1663 509 1724 ope
528 1643 700 1704 destitutum
719 1651 780 1703 tum
801 1643 932 1703 mirabili
948 1653 978 1704 et
995 1662 1141 1723 nusquam
1158 1651 1274 1722 sperato
1294 1643 1393 1703 medio
1416 1640 1550 1721 Cupitis

352 1739 485 1820 periculo
498 1739 660 1799 exemisset.
701 1737 927 1799 Wullensteinio
939 1759 1057 1819 quoque
1070 1737 1260 1818 quantumvis
1273 1739 1345 1799 fucti
1359 1737 1406 1798 sui
1419 1737 1540 1807 nescio,

350 1835 500 1918 legionem
514 1835 662 1916 integrum
679 1833 712 1894 in
729 1853 868 1915 cumpum
885 1835 1054 1896 ducendum
1071 1835 1242 1896 committit.
1282 1835 1363 1896 Cum
1376 1834 1446 1896 verb
1464 1854 1543 1895 suc·

351 1931 475 1992 cedente
487 1941 619 2011 tempore
637 1928 712 1990 fides
729 1929 787 1989 viri
801 1930 833 1989 in
853 1929 987 2010 pluribus
1006 1930 1120 1992 cesari
1137 1939 1258 2010 totoque
1273 1929 1405 2010 Imperio
1425 1931 1541 2011 probu-

351 2037 442 2102 retur,
463 2025 585 2087 ulterius
598 2033 749 2106 promotus
768 2033 823 2098 est,
840 2033 871 2085 ct
886 2024 1019 2106 plurium
1035 2026 1187 2108 legionum
1206 2027 1313 2088 ductor
1328 2026 1540 2087 renunciatus.

351 2123 521 2184 creverunt
532 2139 620 2202 porro
636 2139 707 2180 cum
725 2119 838 2181 divitiis
851 2119 986 2196 honores,
1002 2121 1045 2182 ite
1057 2131 1092 2183 ut
1108 2123 1218 2204 possim
1235 2143 1297 2204 proe
1314 2122 1430 2184 coeteris
1453 2123 1536 2184 cele·

350 2217 503 2278 bruretur:
539 2217 619 2277 unde
639 2215 730 2277 etium
747 2215 868 2287 eccidit,
888 2224 924 2276 ut
939 2217 1063 2278 viduum
1081 2218 1223 2300 dmugno
1237 2219 1368 2298 quodum
1385 2217 1535 2299 Principe

352 2311 535 2395 Hungurou
552 2322 646 2375 morte
666 2310 811 2388 relictum,
825 2311 1016 2375 matrimonio
1032 2313 1089 2375 sibi
1101 2314 1248 2396 junxerit,
1265 2333 1333 2394 quc
1353 2335 1414 2377 nou
1435 2316 1535 2384 multo

350 2421 426 2492 post,
440 2411 509 2473 fetis
520 2410 562 2472 its
575 2410 811 2491 deposcentibus,
821 2410 883 2473 viu
892 2412 988 2488 cessit,
1001 2422 1032 2473 et
1043 2434 1114 2475 cum
1124 2415 1188 2476 siue
1200 2415 1301 2478 liberis
1313 2430 1399 2495 esset,
1413 2421 1532 2483 dictum

350 2508 546 2569 Wullenstein
554 2508 694 2567 moritum
703 2526 789 2567 suum
798 2526 898 2568 exesse
908 2507 1057 2570 heredem
1064 2510 1198 2571 omnium
1206 2520 1268 2572 tum
1277 2513 1432 2577 mobilium
1438 2537 1531 2597 quum

350 2602 548 2665 immobilium
561 2602 706 2662 bonorum
720 2602 858 2664 instituit.
900 2603 1039 2667 Hebebct
1047 2615 1120 2667 tunc
1133 2607 1209 2668 forte
1223 2608 1409 2673 Perillustris
1422 2613 1531 2675 Domi·

350 2720 407 2761 nus
414 2698 522 2761 Comes
535 2699 573 2758 ub
588 2696 736 2771 Hurruoh,
747 2700 833 2779 cujus
847 2700 879 2760 in
888 2699 957 2761 uult
966 2700 1093 2762 Gaesuris
1105 2702 1327 2782 potissimueret
1338 2707 1525 2784 existimetio,

349 2794 443 2855 lilium
469 2794 611 2865 nubilem,
638 2812 729 2873 quum
749 2795 908 2877 conjugem
934 2796 992 2857 sibi
1015 2797 1176 2879 postulavit
1197 2799 1450 2877 Wullensteinius,
1472 2826 1527 2867 uec

233 2914 237 2922 ·
348 2890 443 2951 multo
459 2899 526 2971 post
541 2889 720 2970 impetravit.
762 2890 838 2953 Erut
854 2892 920 2953 boec
936 2892 1068 2954 Domine
1086 2893 1287 2975 pudicissimus
1300 2897 1370 2959 vite
1383 2909 1413 2959 et
1427 2900 1523 2979 mmae,

347 3004 404 3045 uec
417 2988 517 3047 miuus
537 2987 569 3047 in
584 2986 685 3047 Deum
698 2986 843 3067 divosque
857 2988 969 3049 cmlites
983 2989 1131 3071 religiose,
1144 2990 1236 3071 quim
1247 2992 1385 3055 omnibus
1401 2996 1524 3060 fonunae

348 3089 519 3162 nutnroeque
542 3082 626 3144 bouis
646 3082 788 3163 locuples.
830 3085 935 3147 Crevit
960 3087 1073 3147 interea
1095 3106 1164 3147 cum
1192 3099 1276 3150 utute
1301 3090 1523 3155 Wullensteiuio

347 3176 465 3238 enimus
479 3188 508 3239 et
525 3179 684 3260 prudentie
697 3181 771 3241 odeo
785 3202 879 3263 usque
891 3191 926 3243 ut
938 3184 1144 3245 communibus
1159 3184 1338 3266 Principum
1356 3188 1522 3251 Electorum

347 3270 506 3357 suffrugiis,
520 3275 686 3337 absolutum
699 3276 731 3337 iu
749 3297 869 3339 omnem
886 3280 1049 3341 exercitum
1069 3281 1279 3343 Oaesureuuum
1297 3284 1458 3346 obtinuerit
1471 3306 1521 3366 po·

346 3377 491 3432 testatem.
533 3370 580 3432 Et
595 3372 626 3431 in
642 3372 789 3455 dignitate
806 3374 896 3435 telem
914 3396 946 3437 se
962 3376 1061 3459 gessit,
1076 3386 1110 3439 ut
1126 3398 1187 3439 uou
1207 3388 1323 3441 tuntum
1340 3382 1520 3462 privatorum

346 3466 532 3545 quorundum
546 3466 724 3548 Principum
738 3469 809 3531 odio
820 3470 853 3531 iu
866 3470 989 3531 domum
1004 3474 1194 3536 Austriucum
1209 3477 1394 3557 erumpentis
1405 3497 1522 3559 oppres·

346 3562 426 3636 serit,
443 3562 497 3624 sed
514 3572 544 3625 et
558 3564 666 3625 Duniae
689 3564 805 3647 Regem
826 3566 914 3646 eique
935 3568 1149 3631 conloederutos
1168 3570 1207 3631 ud
1225 3572 1437 3652 puciscendum
1453 3594 1519 3635 cum

346 3655 465 3720 Gumre
479 3659 654 3741 nequissimis
669 3660 888 3725 conditionibus
904 3664 1100 3745 compulerit;
1130 3686 1199 3746 quoe
1209 3688 1256 3729 res
1268 3668 1326 3749 ipsi
1341 3668 1520 3732 Fridlundic
