3225 4700
510 358 917 429 ITINERARIUM.
1232 366 1294 430 341

96 506 206 587 Mayr.
248 509 482 576 Iocum-tenens
501 514 643 598 Legionis
661 514 749 577 Cala.
792 516 1026 578 Locum-tenens
1049 514 1190 599 legionis
1207 515 1298 579 Golt-

94 604 215 666 brecbt
266 606 499 674 Iocum-tenens
526 610 668 693 legionis
689 612 840 675 Radiclre.
894 612 1126 675 Locum-tenens
1155 612 1297 697 Legionis

96 700 211 763 Silbcr.
252 704 435 786 Capitonem
444 709 657 791 aneuhaupt.

138 798 292 862 Oscterum
304 802 360 864 bac
372 824 476 888 pugna
488 816 563 887 quot
582 807 778 868 occubuerint
791 807 910 868 variant
929 806 1103 887 scriptores:
1127 806 1295 867 communis

92 894 148 956 bic
161 897 326 960 multorum
337 900 396 963 fuit
408 923 522 980 sensus,
537 904 577 965 ad
588 904 721 985 quinque
734 914 916 965 armatorum
931 904 1027 964 millia
1041 904 1195 966 cecidisse.

139 992 295 1065 Quantum
309 997 419 1061 debinc
433 1000 491 1062 ista
508 1001 609 1063 clades
626 1001 659 1062 in
677 1022 797 1065 omnem
816 1002 897 1063 circa
910 1000 1054 1061 viciniam
1070 1010 1212 1061 terrorem
1226 1019 1296 1080 pro-

92 1092 266 1172 pagaverit,
280 1114 408 1173 pronum
423 1105 467 1158 est
479 1098 639 1179 conjicere.
681 1099 816 1181 Pragam
830 1098 910 1159 certi
923 1098 1040 1160 delatus
1054 1107 1116 1158 tam
1134 1095 1294 1158 luculenter

92 1188 192 1248 cerdis
201 1190 339 1262 nuncius,
350 1191 426 1252 adeo
438 1194 608 1255 nniversam
621 1195 774 1257 civitatem
787 1190 1001 1269 consternavit,
1016 1202 1051 1254 ut
1061 1193 1118 1253 nisi
1130 1193 1194 1273 ipse
1209 1193 1294 1254 Sere·

92 1284 241 1345 nissimns
255 1286 413 1350 Archidux
423 1310 493 1351 cnm
505 1292 653 1353 exercitlls
664 1291 801 1373 reliquiis
814 1292 920 1353 eodem
934 1297 1129 1372 properasset,
1142 1289 1295 1370 praecipua

92 1380 214 1441 civium
226 1391 258 1445 et
270 1383 437 1447 incolarum
451 1408 530 1468 pars,
544 1388 629 1451 velut
640 1389 714 1450 dato
727 1388 767 1451 ad
776 1386 880 1472 fugam
895 1387 994 1469 signo,
1008 1387 1048 1449 ad
1062 1386 1173 1447 tutiora
1188 1385 1235 1446 vel
1249 1405 1295 1446 re·

92 1478 303 1543 motioraloca
315 1481 504 1546 diffluxisset.
889 1546 892 1553 ,

138 1575 261 1638 Interea
279 1578 433 1661 colligitur
451 1582 533 1642 circa
547 1580 680 1665 Pragam
699 1582 860 1665 dissipatus
881 1602 919 1643 ex
938 1578 1012 1663 suga
1031 1580 1128 1656 miles,
1148 1600 1237 1661 quem
1261 1586 1294 1639 ut

92 1671 251 1753 copiosum
271 1675 370 1737 redire
389 1677 542 1761 indigenae
556 1680 727 1761 Pragenses
739 1681 893 1752 viderunt,
913 1678 1029 1739 animos
1049 1686 1291 1758 resumpserunt3

92 1789 189 1849 seque
202 1770 281 1832 nltrb
294 1771 489 1835 Serenissimo
501 1774 679 1853 Archiduci‚
694 1786 730 1838 nt
742 1777 768 1838 si
781 1775 857 1837 font
870 1794 923 1837 sna
933 1774 1023 1835 Seren
1028 1774 1082 1834 itas
1093 1773 1295 1835 constituisset

93 1865 159 1927 alib
170 1865 270 1947 copias
283 1869 444 1947 deducere,
455 1872 632 1955 civitatique
642 1874 791 1955 parcitum
801 1871 902 1947 vellet,
918 1871 958 1933 ad
973 1870 1163 1932 defendenda
1181 1869 1294 1931 moenia

93 1971 127 2023 et
148 1966 345 2027 avertendum
365 1965 490 2045 hostem,
513 1970 656 2032 obtulere.
699 1969 888 2032 Placuerunt
910 1966 1106 2031 Serenissimo
1124 1966 1293 2027 Archiduci

94 2060 198 2122 delata
211 2062 364 2143 obsequia,
373 2065 525 2146 jussitque
542 2067 623 2129 ciras
644 2087 749 2129 omnes
769 2069 802 2129 in
821 2064 912 2127 armis
930 2074 1011 2127 certo
1028 2064 1096 2125 loco
1109 2083 1291 2143 comparere,

94 2178 172 2238 qnos
185 2158 251 2239 ipsa
264 2158 415 2222 Serenitas
426 2182 490 2238 sna,
511 2164 671 2225 comitante
685 2160 905 2239 Picolomineo,
925 2172 1009 2225 sexto
1023 2160 1142 2222 decimo
1157 2160 1291 2221 Novem·

94 2254 160 2315 bris
185 2252 333 2328 lustravit,
349 2259 518 2339 reperitque
542 2260 574 2320 in
595 2260 770 2324 universum
794 2260 876 2321 haud
897 2279 988 2341 snpra
1005 2267 1133 2339 quatuor
1149 2256 1247 2318 millia
1263 2266 1293 2319 et

95 2350 276 2435 quingentos
294 2354 334 2415 ad
352 2374 436 2416 arma
452 2367 538 2437 aptos
550 2359 640 2429 viros,
652 2358 707 2439 qni
720 2359 841 2421 tuendas
863 2359 929 2419 urbi
947 2357 1073 2418 minime
1093 2355 1291 2430 sufficiebant,

95 2449 178 2510 uude
191 2458 338 2512 trecemos
350 2453 603 2535 aquo-pedestres,
615 2475 686 2516 cum
699 2455 806 2516 aulicis
819 2455 892 2527 suis,
906 2453 959 2515 nui
973 2453 1102 2514 civitatis
1116 2453 1193 2535 parti
1207 2454 1292 2515 attri-

94 2546 172 2621 buit,
186 2547 296 2608 veteris
306 2548 380 2610 verb
393 2570 551 2632 uovaeque,
560 2571 651 2632 quam
665 2558 786 2628 vocant,
795 2551 878 2612 urbis
891 2549 1037 2612 custodiae
1050 2549 1133 2612 mille
1147 2550 1292 2612 ducentos

98 2642 208 2704 milites
221 2644 440 2707 adnumeravit.

136 2741 338 2823 Augebantur
350 2743 439 2824 porrb
446 2743 648 2825 undequaque
657 2763 769 2826 magno
781 2761 907 2805 numero
916 2743 1042 2805 reduces
1051 2761 1088 2803 ex
1099 2741 1172 2824 lugd
1182 2742 1292 2805 milites

97 2857 132 2898 ac
146 2837 243 2908 indies
255 2837 308 2910 clii
320 2847 411 2918 atque
423 2839 476 2900 alii
489 2841 551 2901 suis
563 2840 767 2902 reddebantur
777 2839 917 2912 ducibus,
927 2839 970 2900 ita
983 2839 1092 2920 etjam
1101 2837 1218 2899 cladem
1229 2839 1292 2920 ple·

97 2935 182 3014 rique
201 2933 304 2995 mitibs
323 2933 435 2996 ferrent
448 2955 518 2997 cum
532 2937 671 2998 viderent
687 2936 853 2997 exercitum
870 2944 991 2997 tautum
1004 2934 1092 2996 facile
1106 2935 1206 2996 deuub
1220 2955 1292 2997 con·

97 3029 243 3106 flandum,
262 3031 315 3111 qui
332 3031 471 3094 hostilem
492 3033 689 3114 irruptionem
706 3032 738 3093 in
757 3033 930 3094 ulteriorem
950 3031 1139 3107 Bohemiam‚
1158 3032 1291 3113 aliosque

96 3147 270 3210 progressus
286 3138 419 3191 avertere
433 3139 550 3211 posset;
575 3130 712 3191 omnium
729 3140 830 3192 umen
848 3148 983 3190 sermone
1003 3129 1219 3190 accusabantur
1238 3149 1291 3190 au·

96 3224 193 3285 thores
210 3225 329 3308 stragis,
346 3225 440 3287 duces
452 3225 593 3287 nonnulli
608 3245 717 3308 perum
733 3225 871 3302 animosi,
885 3226 938 3308 qni
953 3225 1007 3287 vix
1024 3225 1090 3286 viso
1107 3224 1201 3300 hoste,
1215 3245 1291 3306 prc-

96 3331 214 3382 matnra
225 3321 300 3404 fuga
312 3323 459 3384 sociorum
477 3323 604 3399 animos,
616 3343 654 3386 ac
672 3325 810 3386 ordinem
829 3322 905 3384 aciei
923 3321 1137 3396 confudissent,
1151 3342 1208 3384 nec
1223 3323 1289 3404 jam

96 3418 229 3480 obscuris
242 3419 371 3500 amplius
384 3418 622 3481 oblocutionibus
639 3421 681 3490 ad
700 3441 803 3502 poenas
816 3419 1072 3500 deposcebautur=
1094 3420 1177 3500 quod
1191 3429 1225 3481 nt
1238 3439 1292 3481 an·

96 3514 174 3575 divit
191 3512 402 3576 Serenissimus
420 3516 591 3592 Archidux‚
607 3517 705 3579 noluit
719 3515 879 3598 perfidiam
897 3515 981 3577 illam
1001 3516 1039 3577 ab
1057 3515 1196 3578 omuibus
1208 3524 1292 3577 note·

95 3619 166 3685 tam,
181 3610 362 3673 meticulosis
374 3611 440 3674 istis
456 3633 520 3675 esse
538 3613 711 3694 impunem
733 3613 814 3674 nude
833 3612 1005 3674 convocatis
1022 3613 1076 3694 qui
1093 3613 1124 3673 in
1143 3611 1205 3674 fide
1224 3632 1291 3693 per·

94 3709 231 3772 stiterunt
252 3709 391 3784 ducibus,
414 3709 606 3774 Colonellnm
629 3710 780 3793 imprimis
801 3708 909 3771 Madlo
932 3709 1032 3791 palam
1055 3709 1290 3792 inspectantibus
