3225 4700
495 306 899 375 ITINERARIUM.
1224 312 1286 376 237

85 457 234 531 keutbal,
260 456 449 520 Cotbedralis
475 457 588 519 ibidem
614 458 719 539 templi
742 458 923 519 Canouious.
964 456 1086 539 Agmen
1109 456 1289 519 oleudebont

53 580 58 588 ·
87 555 224 616 tandem
238 553 493 615 Reverendissimi
508 553 667 635 Principes
679 574 715 614 ao
732 552 860 614 Domini
880 552 1031 613 Prmsules
1044 552 1287 627 Eicbstsdiauus,

87 648 339 720 Retisbouensis,
352 661 383 711 et
392 648 643 730 campidunensis
656 648 688 709 in
702 648 823 730 propris
834 668 968 729 persona

141 746 188 807 Ut
203 744 294 807 Socra
307 746 445 808 Caesareo
459 746 604 827 Majestas
623 743 836 806 cathedralem
850 745 947 805 aedem
965 744 1208 809 liutisbooeusem
1220 748 1289 810 atti-

89 843 156 924 git,
168 862 240 904 mox
258 841 400 904 thronum
412 850 497 903 extra
510 841 635 903 chorum
648 841 667 903 d
680 841 786 902 dextro
798 840 890 901 lutere
907 840 964 922 ipsi
980 853 1189 923 praeparatum,
1203 866 1289 909 aure-

89 958 177 1018 aque
196 938 256 999 tela
271 938 470 1019 undequaque
486 946 672 1008 exornatum,
685 946 717 997 et
733 936 830 997 tribus
847 935 866 997 d
882 945 962 997 terra
979 938 1121 1019 gradibus
1139 940 1289 1005 elevatum

90 1033 284 1105 conscendit,
297 1043 367 1096 ante
380 1054 470 1115 quem
485 1033 611 1115 Imperii
623 1032 830 1094 haereditarius
845 1030 1062 1094 Maresoballus
1074 1044 1137 1096 toto
1149 1038 1289 1101 sacrificii

90 1136 232 1211 tempore'
244 1131 404 1213 evaginato
417 1150 570 1203 mucrone,
584 1138 619 1191 ut
631 1128 815 1190 cousuetudo
827 1128 895 1202 fert,
908 1129 1049 1191 constitit.
1090 1131 1144 1192 Ad
1156 1134 1289 1215 quinque

93 1247 190 1289 sexve
204 1228 295 1307 pedes
309 1226 388 1288 inire
406 1227 477 1289 Suae
497 1225 667 1307 Majestotis
685 1225 837 1300 thronum,
859 1225 1034 1288 subsellium
1051 1227 1135 1289 aliud
1150 1240 1215 1291 erat
1227 1232 1288 1293 dis·

92 1324 229 1410 positum
242 1344 297 1405 pro
314 1323 410 1385 tribus
423 1322 646 1404 Principalibus
663 1322 807 1403 personis,
822 1322 913 1382 rubro
929 1321 1092 1386 boloserico
1107 1326 1289 1391 circumves-

92 1422 198 1496 titum,
210 1421 242 1481 iu
256 1421 338 1502 quod
352 1420 526 1482 Electorum
537 1418 715 1502 Mogontiui
728 1428 758 1479 et
770 1417 959 1480 Coloniensis
968 1419 1060 1501 legati
1073 1422 1196 1485 deducti
1209 1437 1288 1488 sunt.

92 1518 217 1579 Tertius
240 1516 324 1579 locus
343 1538 398 1599 pro
421 1516 667 1579 Eminentissimo
691 1515 836 1595 Principe
858 1513 997 1576 Electore
1020 1517 1189 1581 Trevirensi
1212 1532 1286 1598 erat,

92 1614 150 1692 qui
169 1612 242 1674 alibi
262 1614 423 1694 impeditus
443 1634 513 1676 cum
530 1614 632 1676 edesse
650 1632 709 1673 non
729 1622 839 1691 posset,
853 1608 1019 1673 holoserico
1032 1613 1219 1695 dependente
1233 1619 1288 1681 ali·

92 1708 278 1789 qnautulum
300 1710 465 1793 tegebatur,
486 1730 543 1771 uec
562 1709 607 1769 ita
625 1708 709 1769 sedes
727 1717 762 1768 ut
778 1706 905 1767 aliorum
925 1706 1105 1789 legatorum
1118 1714 1286 1779 ridebatur.

98 1806 176 1867 Une
191 1806 311 1868 circiter
323 1807 450 1869 sessione
465 1806 588 1868 iuferius
600 1804 692 1866 simili
705 1803 789 1866 cultu
801 1803 926 1865 vestitus
943 1812 1008 1865 erat
1019 1803 1104 1867 locus
1116 1830 1210 1891 ospax
1223 1834 1288 1895 sep-

96 1912 162 1963 tem
186 1903 310 1963 omuino
332 1922 535 1984 personarum,
562 1903 594 1962 in
620 1921 680 1981 qno
703 1900 832 1982 primam
854 1900 956 1961 sedem
977 1904 1137 1983 occupavit
1157 1906 1289 1988 laegstm

94 1999 288 2075 sustrictus,
305 1999 469 2062 secuudum
487 1997 721 2079 Archiproesulis
742 1996 976 2078 salisburgensis
997 1998 1139 2082 legatus,
1156 2002 1288 2067 Tertiam

93 2095 267 2176 Episcopus
287 2094 528 2170 Fiobstadianus,
551 2104 687 2176 quartam
709 2093 877 2175 Episcopus
898 2094 1133 2173 Ratisboneusis,
1151 2100 1287 2180 quintam

94 2192 266 2273 Episcopus
286 2192 551 2274 Campiduneusis,
570 2212 672 2253 omnes
692 2200 751 2252 tres
773 2191 900 2272 Imperii
918 2191 1077 2274 Principes
1096 2194 1129 2256 iu
1150 2216 1286 2277 persona,

93 2288 219 2349 taudem
234 2288 471 2372 Episcopatuum
486 2288 717 2372 Bambergensis
735 2297 765 2349 et
786 2287 1015 2370 Herbipoleusis
1030 2290 1146 2374 Legati,
1159 2314 1287 2376 quorum

94 2385 252 2466 utriusque
268 2387 350 2448 vices
366 2387 523 2469 supplebat
544 2406 621 2448 uuus
638 2386 713 2448 voit
734 2386 753 2448 ὲ
774 2385 933 2468 saltzburg
952 2386 1097 2450 Ecclesiae
1117 2389 1287 2472 Imperiulis

97 2487 333 2570 Bambergeusia
343 2489 528 2570 praepositus.

137 2583 264 2646 Rectsb
279 2584 491 2666 regiouessuae
505 2584 651 2646 Cessareoe
663 2583 833 2664 Majestatis
848 2583 978 2663 legatus
992 2584 1179 2649 Serenissimi
1193 2589 1287 2672 Bojo·

91 2699 163 2739 rum
185 2679 282 2742 Ducis
301 2690 332 2741 et
350 2680 498 2742 Electoris
515 2679 546 2740 in
564 2679 665 2740 locum
684 2680 774 2740 rubro
786 2697 906 2759 qnoque
921 2679 1087 2745 boloserico
1100 2693 1239 2747 ornatum
1254 2708 1286 2749 se

95 2775 234 2852 contulit,
248 2776 354 2858 Legati
371 2796 444 2838 vero
464 2775 726 2838 Serenissimorum
747 2775 873 2836 Ducum
886 2785 917 2838 ct
930 2776 1104 2840 Electorum
1119 2779 1244 2843 Saxonis
1257 2793 1287 2844 st

94 2871 362 2954 Brandeubnrgioi
381 2893 528 2934 suasuon
552 2873 691 2934 adierunt
710 2871 861 2947 stationes,
885 2873 939 2934 sed
959 2894 1049 2954 quam
1073 2875 1204 2957 primum
1225 2878 1288 2940 Sua

93 2967 241 3049 Majestas
254 2969 345 3030 limen
360 2970 464 3051 templi
477 2969 641 3044 transierat,
655 2979 848 3044 secesserunt,
858 2979 889 3030 et
900 2971 939 3032 ed
952 2970 1052 3032 locum
1065 2982 1133 3052 post
1145 2972 1285 3035 thronum

92 3064 242 3128 Coesareae
256 3065 424 3147 Majestatis
438 3075 616 3147 seperatnm,
624 3087 686 3128 una
699 3087 768 3128 cum
779 3066 895 3128 duobus
904 3066 928 3128 J
929 3067 1083 3128 uuioribus
1092 3067 1287 3152 Principibus

95 3162 281 3226 Anhaldinis
293 3165 325 3224 in
343 3184 499 3226 scamnum
516 3165 670 3246 quoddam
689 3164 898 3235 consederunt,
917 3172 947 3223 et
965 3163 1005 3224 ad
1024 3163 1117 3225 finem
1133 3185 1228 3246 usque
1240 3188 1286 3230 sa·

94 3257 204 3322 oriiioii
218 3258 324 3322 Missae
337 3261 436 3322 varios
449 3261 488 3322 de
501 3262 593 3323 veriis
605 3262 694 3322 rebus
707 3279 857 3322 sermones
871 3259 1065 3322 miscuerunt.

136 3355 300 3417 Intervallo
321 3356 410 3418 unius
428 3357 562 3419 stationis
581 3357 701 3418 circiter
717 3355 796 3417 infra
816 3355 1005 3418 secularium
1025 3357 1200 3421 Electorum
1217 3360 1286 3422 Ses-

92 3453 208 3513 sioncm
230 3453 364 3534 proxime
385 3453 425 3515 od
443 3453 626 3516 Catbedram
642 3453 746 3536 templi
770 3455 860 3528 uude,
883 3473 939 3534 pro
960 3454 1103 3516 concione
1120 3455 1182 3517 dici
1199 3456 1285 3529 solet,

93 3547 179 3610 aliud
197 3547 237 3609 od
254 3547 314 3610 buc
336 3569 492 3611 scamnum
512 3549 688 3631 dispositum
708 3549 766 3610 suit
781 3570 836 3632 pro
856 3559 924 3610 octo
943 3549 1010 3630 plus
1025 3551 1125 3612 minus
1140 3552 1284 3633 personis,

16 3621 19 3646 l
93 3643 185 3704 simili
206 3663 277 3704 cunr
298 3645 499 3724 superioribus
515 3643 658 3706 sedilibus
677 3655 831 3724 apparatu,
854 3645 886 3704 iu
906 3645 992 3724 cujus
1007 3647 1138 3708 secunda
1155 3647 1283 3709 statione
