3225 4700
322 306 383 372 122
722 300 1133 370 ITINERARIUM.

321 467 468 520 tormenta
480 455 590 518 bellica
601 453 728 536 majora,
741 474 868 535 querum
881 452 1009 534 quodvis
1019 448 1226 533 globum¹octo
1241 446 1386 511 librarum
1405 447 1542 529 capiat,
1598 528 1599 531 Ἴ

323 574 394 616 cnm
413 552 524 635 viginti
535 551 632 635 globis
645 551 822 631 duobusque
834 550 912 611 vasis
922 546 1107 611 tormentarii
1118 544 1249 628 pulveris
1261 564 1363 606 secum
1376 545 1542 615 abducat,

324 647 454 731 inquens
469 649 562 711 finem
580 650 649 711 duae
666 647 734 709 eliae
751 667 853 719 nares,
874 646 899 707 si
917 665 990 727 opus
1010 643 1111 717 fuerit,
1132 643 1310 717 Beruenses,
1330 650 1438 723 preter
1451 642 1542 721 jam

326 765 416 825 supra
429 764 583 807 concessas
598 744 800 818 Brisaccnscs,
815 744 975 804 dabuntur.

367 840 426 902 IV.
448 840 493 902 Ut
506 841 544 902 de
557 840 685 902 transitu
696 840 736 899 ud
750 838 950 920 Argentinam
966 836 1116 897 Dominus
1131 834 1213 896 Baro
1222 834 1261 895 de
1272 832 1409 895 Reinech
1419 839 1541 891 certus

327 936 376 1011 sit,
392 936 499 1017 poterit
514 956 585 996 curn
601 935 695 996 literis
708 934 839 1015 aliquem
860 952 898 995 cx
913 932 975 994 suis
991 930 1087 993 fidum
1103 930 1303 1011 Argentinam
1319 928 1449 999 mittere,
1465 926 1537 1015 qui

328 1030 828 1111 decivitatisvclnntateintelligat.
851 1029 943 1101 Quod
952 1028 979 1090 si
988 1028 1056 1089 istic
1067 1026 1206 1088 traneitns
1215 1034 1384 1106 negaretur,
1392 1023 1540 1105 spondet

330 1126 540 1189 Wimarionsis
555 1128 639 1201 Dux,
652 1146 684 1187 se
697 1146 767 1187 cum
780 1144 900 1185 sucrum
913 1124 1043 1185 militum
1056 1122 1139 1183 selvo
1152 1122 1302 1183 conductu
1313 1119 1476 1193 factumn,
1493 1128 1539 1179 nt

331 1222 432 1285 omnia
448 1223 663 1302 impedimenta
675 1220 758 1281 salua
770 1218 991 1301 Offenburgum
1002 1219 1198 1293 deducantur,
1213 1226 1244 1279 ct
1251 1235 1306 1297 pro
1319 1216 1432 1296 majore
1452 1234 1537 1275 cau-

331 1317 390 1379 sele
401 1338 455 1378 seu
467 1318 624 1378 securitate
637 1315 755 1377 obsides
767 1315 853 1376 dabit
867 1314 949 1376 dicto
964 1313 1110 1375 Reinach.

371 1414 411 1474 V.
432 1412 613 1493 Transfugae
624 1412 672 1472 his
687 1412 781 1491 penis
794 1410 969 1490 neutiquam
982 1408 1124 1472 concludi
1141 1408 1208 1471 vult
1223 1408 1307 1483 Dux,
1327 1406 1381 1469 scd
1395 1426 1447 1467 eos
1465 1406 1534 1467 sibi

331 1507 429 1584 reddi,
438 1506 658 1589 quirerdcepti
665 1503 1530 1588 durenteobsidicneudpartcsOoeseracssctrunstulernnt,

332 1602 370 1664 iis
384 1602 511 1663 liberum
525 1603 581 1663 erit
594 1604 643 1665 rel
655 1602 764 1665 morari
779 1622 849 1663 cnm
862 1600 922 1661 illis
934 1621 1005 1663 cum
1018 1601 1126 1682 quibus
1139 1611 1218 1677 sunt,
1232 1600 1279 1663 vei
1293 1602 1333 1663 sd
1343 1620 1376 1663 se
1388 1600 1515 1661 reverti.

373 1696 433 1758 VI.
455 1696 648 1779 obligabitur
655 1700 722 1779 jam
735 1718 815 1780 saepe
828 1697 999 1759 nominatus
1013 1698 1096 1759 Baro
1108 1698 1147 1759 de
1160 1696 1308 1771 Reinach‚
1321 1695 1415 1758 uthis
1428 1695 1532 1775 pactis

333 1791 481 1855 conclusis
493 1794 616 1854 mandet
628 1794 705 1854 serio
718 1792 940 1855 commendanti
954 1794 986 1855 in
1002 1794 1190 1869 Landskron‚
1203 1803 1238 1855 ut
1246 1812 1346 1854 arcem
1359 1790 1533 1857 illam‘Wi·

333 1887 472 1951 mariensi
485 1887 568 1949 Duci
575 1889 674 1950 cedet.
718 1886 875 1954 Promittit
884 1890 955 1952 verd
966 1890 1040 1952 Dux
1050 1910 1081 1951 ee
1095 1889 1221 1951 militem
1229 1888 1295 1951 istic
1305 1887 1531 1968 proesidiarium

333 1984 383 2046 vei
395 1984 549 2067 Vilingum
562 1984 612 2045 vel
626 1982 857 2067 Offenburgum‚
872 1988 954 2067 quod
967 1986 1089 2066 quidem
1101 1986 1164 2067 ipse
1174 1984 1302 2047 volucrit
1314 1982 1442 2059 salvum,
1457 1984 1530 2045 sine

335 2080 398 2141 ulla
410 2079 524 2141 offensa
536 2079 746 2141 deducturum.

375 2173 454 2233 VII.
481 2173 594 2235 Omnes
605 2175 717 2254 captivi
733 2184 795 2236 turn
810 2176 938 2248 Brisaei,
960 2196 1050 2257 quam
1067 2176 1099 2237 in
1121 2176 1297 2239 Landskrcn
1314 2174 1439 2250 detenti
1461 2175 1531 2236 sine

334 2268 404 2331 litro
417 2268 610 2331 restituantur
622 2269 771 2332 Wimario
781 2270 875 2333 Duci.
905 2272 1070 2335 Pollicetur
1083 2273 1218 2335 similiter
1227 2273 1310 2348 Dux,
1325 2291 1357 2333 se
1369 2272 1529 2352 utriusque

336 2367 397 2428 loci
409 2366 544 2447 captivos
556 2365 760 2426 remissurum.

379 2461 480 2523 VIII.
503 2461 691 2522 Officialibus
702 2461 757 2542 qni
765 2483 813 2524 res
826 2462 963 2542 politicas
976 2484 1028 2529 scu
1041 2465 1177 2527 Oamcroe
1194 2463 1451 2540 administrdrnnt,
1473 2484 1531 2526 aeu

337 2556 390 2639 qui
402 2557 442 2618 de
452 2556 599 2638 regimine
616 2557 775 2618 Austriacc
792 2568 862 2619 ante
878 2559 1072 2634 hacfuerunt,
1085 2569 1152 2640 post
1161 2559 1300 2622 bimestre
1308 2561 1441 2642 spacium
1451 2559 1529 2622 libc-

338 2674 406 2714 rum
415 2653 472 2713 erit
482 2651 541 2713 ulio
551 2652 757 2733 commigrare,
767 2653 887 2714 interim
899 2663 1066 2715 tamennon
1075 2663 1191 2716 tentum
1199 2665 1266 2716 acta
1272 2655 1420 2736 scriptave
1425 2657 1530 2718 omnis

340 2747 468 2810 fideliter
479 2748 616 2819 reddent,
625 2747 679 2808 sed
689 2756 719 2808 et
728 2747 922 2810 sufficientem
934 2751 1157 2812 instructionem
1166 2752 1206 2813 sd
1216 2751 1418 2833 cognitionem
1425 2771 1528 2812 rernm

340 2843 487 2920 omnium,
499 2844 538 2905 iis
548 2864 623 2924 quos
634 2843 707 2904 Dux
715 2844 927 2925 designaverit,
937 2846 1057 2908 facient.
1081 2846 1171 2908 Unde
1179 2856 1209 2908 et
1218 2847 1396 2926 quibusdum
1405 2847 1528 2926 permit·

339 2940 414 3002 titur
426 2948 461 3001 ut
473 2960 520 3000 res
532 2959 599 2999 suus
614 2939 674 3000 und
686 2958 757 3000 cnm
769 2939 886 3020 reliquo
899 2941 1004 3015 milite,
1018 2941 1077 3004 ulid
1091 2943 1121 3003 in
1136 2943 1244 3004 tutiora
1258 2943 1324 3004 loca
1338 2943 1526 3004 transferant.

392 3024 454 3096 IX.
476 3035 532 3098 Nil
553 3056 656 3096 eorum
678 3035 866 3116 scriptorum,
885 3036 1037 3112 librorum,
1059 3038 1112 3100 doc.
1135 3059 1203 3119 quae
1226 3038 1266 3099 ud
1286 3038 1527 3120 Rempnblicarn,

344 3131 565 3212 Magistratum,
580 3123 809 3204 cancellariam,
828 3132 995 3208 Camarum,
1012 3133 1148 3195 ordinem
1165 3133 1364 3209 Teloniorum,
1383 3134 1527 3196 Rationes

343 3227 398 3288 &c
413 3235 557 3305 spectant,
570 3227 735 3304 violabunt,
751 3237 804 3290 ant
816 3230 922 3310 quovis
934 3229 1024 3290 modo
1032 3231 1222 3307 mutilabunt,
1231 3230 1400 3312 quominus
1411 3231 1526 3292 sumin-

342 3320 455 3384 istratic
467 3341 567 3384 rerum
580 3320 722 3384 hactenus
735 3318 862 3398 sensu,
875 3324 1072 3388 administrati
1090 3328 1193 3408 possit.
1233 3325 1419 3389 Conceditur
1429 3335 1524 3390 tamen

345 3416 487 3480 Generuli
500 3417 539 3478 de
553 3417 701 3490 Reinach,
715 3429 750 3481 ut
759 3439 794 3480 cs
806 3421 916 3501 scriptu
929 3440 1030 3482 secum
1044 3432 1188 3503 exportet,
1203 3443 1271 3504 quae
1280 3424 1321 3485 ub
1331 3421 1383 3483 illc
1395 3431 1524 3503 tempora

343 3531 404 3594 quo
420 3512 482 3593 ipse
498 3511 557 3574 suit
573 3513 771 3591 Gubernator,
786 3514 921 3577 bellicum
934 3517 1144 3598 provisionem,
1164 3528 1342 3583 mcum
1355 3517 1524 3599 eliquantur

344 3617 479 3691 sumptus
490 3607 633 3672 militares
645 3621 841 3674 concernunt.
