3225 4700
316 351 337 415 4
703 345 1101 414 ITINERARIUM.

316 508 398 561 cetus
411 505 471 559 est:
493 499 568 560 adiit
581 498 746 579 Imperium
759 520 838 561 anno
851 500 1008 561 millesimo
1021 495 1259 580 quingentesimo
1271 493 1389 555 decimo
1401 512 1501 564 nono,

315 596 466 680 munitque
480 596 603 675 triginta
615 615 723 656 novem
736 596 982 675 aunismultaque
992 595 1113 678 egregio
1124 592 1257 654 facinore
1266 589 1392 670 imperio
1400 588 1503 670 digna
1568 617 1571 620 ⁴

316 692 510 773 perpetravit:
539 690 689 751 laboribus
711 691 840 771 deniqne
863 693 974 752 fractus
994 711 1064 752 cnm
1085 709 1116 750 se
1137 688 1262 768 imperio
1281 685 1421 746 abdicere
1435 693 1502 743 sta·

316 789 430 862 tuissct,
448 786 624 868 Philippum
645 786 740 846 lilium
761 787 878 868 Regem
895 787 1110 867 Hispaniarum
1128 783 1325 857 renunciavit,
1340 782 1373 840 in
1391 780 1502 840 Ferdi-

317 885 451 946 uandnm
474 884 545 943 verb
567 883 688 943 fratrem
709 882 874 962 Imperium
896 882 1066 943 Romanum
1088 879 1240 942 transferri
1261 879 1341 953 fecit,
1361 875 1500 938 colonie

319 981 487 1062 Agripiuae,
518 977 567 1039 die
601 979 705 1058 quinto
731 979 754 1040 J
756 978 883 1040 aunarii.
926 978 1116 1040 Ferdinondo
1143 975 1329 1058 postmodum
1356 971 1502 1033 succeseit

320 1076 547 1137 Maximilianns
561 1074 610 1135 11.
627 1073 811 1134 Fordiuandi
825 1067 907 1134 filius
916 1093 995 1133 anno
1008 1073 1164 1134 millesimo
1182 1068 1420 1152 quingentesimo
1433 1087 1502 1127 sex·

320 1173 451 1254 agesimo
461 1179 575 1253 quarto.
599 1170 670 1230 Fuit
678 1168 906 1229 Maximilianus
917 1189 1022 1248 parens
1036 1189 1088 1229 sex
1097 1167 1347 1228 nobilissimorum
1355 1163 1501 1237 filiorum,

321 1288 451 1347 quorum
483 1267 610 1347 quilibet
643 1266 787 1346 imperare
813 1265 992 1338 merebatur,
1018 1264 1044 1326 si
1070 1264 1131 1324 fata
1160 1264 1203 1324 ita
1228 1261 1400 1334 voluissent,
1432 1258 1502 1320 scil.

323 1362 488 1443 Rudolphi,
504 1361 653 1436 Matthiae,
672 1360 802 1434 Ernesti,
822 1359 1034 1435 Maximiliani,
1050 1358 1231 1432 Weuceslai,
1248 1368 1279 1418 et
1295 1356 1421 1417 Alberti.
1462 1355 1504 1413 In

273 1447 276 1457 '
322 1459 385 1538 ejus
405 1456 504 1517 locum
527 1466 647 1518 evectus
670 1467 714 1517 est
734 1455 924 1536 Rudolphus.
945 1455 1053 1518 deinde
1072 1453 1226 1516 Matthias.
1267 1453 1344 1514 Post
1362 1450 1504 1512 Matthiae

322 1562 448 1614 mortem
469 1551 675 1613 Ferdiuandus
696 1552 744 1612 ΙΙ.
764 1572 843 1612 anuo
864 1551 1022 1612 millesimo
1047 1551 1259 1612 sexcentesimo
1283 1548 1402 1609 decimo
1423 1567 1505 1608 nono

324 1647 514 1708 Fraucofurti
526 1647 637 1709 electus
654 1657 698 1709 est
705 1671 714 1724 ;
737 1668 796 1728 qno
812 1649 976 1728 imperante
989 1648 1118 1707 immane
1131 1646 1187 1707 hoc
1200 1646 1272 1706 belli
1283 1645 1455 1705 incendium
1471 1644 1504 1704 in

324 1743 458 1822 Imperio
472 1743 600 1817 exarsit3
623 1745 671 1823 cuj
676 1765 710 1804 us
724 1745 764 1803 ud
776 1745 957 1804 decennium
969 1745 1061 1824 prope
1072 1752 1221 1823 spectator
1230 1741 1286 1815 fui,
1301 1742 1427 1821 ideoque
1436 1761 1505 1821 pos·

244 1839 247 1844 ’
324 1839 433 1898 toritati
447 1857 515 1918 quae
527 1837 601 1911 vidi,
611 1838 698 1898 certis
710 1839 910 1899 monumentis
922 1839 1087 1919 relinquere
1096 1837 1186 1898 volui.
1219 1837 1505 1898 Ferdinandnscum

325 1934 439 1994 videret
452 1952 482 1993 se
495 1931 639 2013 paulatim
652 1933 761 1994 virtute
776 1934 807 1993 in
820 1935 911 1994 tantis
921 1934 1137 1995 calamitatibus
1150 1933 1282 2009 destitui,
1292 1942 1395 1993 coccto
1405 1932 1507 1992 Ratis·

325 2030 412 2088 bonae
424 2029 553 2089 concilio
567 2028 727 2089 Electorali
741 2029 827 2109 petiit
841 2029 957 2111 Regem
967 2030 1170 2090 Romanorum
1180 2029 1284 2103 creari,
1295 2029 1348 2108 qui
1360 2029 1417 2089 sibi
1431 2047 1506 2108 pau·

326 2124 410 2184 latim
423 2123 575 2185 deficienti
588 2125 651 2185 sine
664 2125 757 2185 turbis
770 2125 790 2185 b
802 2135 898 2186 morte
913 2126 1086 2186 succederet
1098 2126 1130 2185 in
1145 2126 1287 2205 Imperio.
1329 2123 1449 2184 Electus
1461 2133 1508 2183 est

327 2220 462 2280 unanimi
480 2228 591 2300 septem
609 2221 740 2281 virorum
759 2240 904 2280 consensu
922 2240 1001 2281 anno
1021 2223 1107 2282 1636.
1151 2220 1359 2281 Ferdinandus
1372 2219 1438 2279 111.
1452 2219 1507 2299 qui

329 2316 440 2396 optime
459 2316 496 2376 de
519 2317 651 2396 Imperio
669 2316 774 2377 merito
790 2317 907 2397 parenti
929 2317 1102 2379 substitutus
1121 2326 1175 2392 cst,
1199 2336 1268 2377 cum
1288 2316 1314 2377 is
1331 2315 1420 2395 panlb
1441 2326 1509 2395 post

328 2413 455 2473 Viennae
468 2412 562 2473 vitam
575 2412 741 2473 felicissime
754 2412 1000 2494 pacatissimeque
1013 2413 1167 2493 posuisset.
1216 2412 1311 2473 Plura
1324 2432 1382 2472 non
1396 2412 1509 2493 adjicio

329 2509 388 2570 nisi
402 2509 483 2588 quod
497 2509 622 2589 Imperii
631 2508 758 2581 habenae
773 2529 889 2589 semper
903 2508 968 2568 Dus
981 2516 1057 2569 nutu
1070 2508 1225 2589 singulari,
1239 2508 1347 2568 talibus
1360 2526 1509 2569 concessae

329 2607 399 2681 sint,
414 2605 466 2685 qui
479 2604 528 2665 vel
541 2603 669 2663 maximi
681 2588 730 2664 ess
744 2605 922 2665 renuebant:
944 2605 1024 2664 unde
1038 2624 1093 2685 ego
1106 2604 1200 2664 nostri
1207 2603 1347 2685 temporis
1358 2602 1510 2683 iniquissi-

329 2721 410 2761 mam
428 2700 628 2761 conditionem
652 2700 790 2761 incusans
814 2701 952 2775 detestor,
974 2720 1044 2780 cum
1066 2700 1164 2760 varios
1183 2700 1333 2781 principes
1353 2699 1510 2759 ambitioso

330 2798 436 2859 ductos
445 2796 523 2857 ssstu
536 2796 576 2854 ud
587 2796 726 2873 potentiss
739 2796 902 2875 imperialis
915 2795 1076 2877 fastigium,
1088 2793 1133 2855 nil
1146 2796 1230 2876 pensi
1240 2796 1392 2870 ducentes,
1401 2795 1509 2875 jurene

331 2912 370 2952 an
384 2890 494 2973 injurii
505 2892 537 2953 id
551 2890 605 2952 fiat
618 2890 681 2951 sine
696 2890 778 2966 Duo,
789 2892 852 2951 sine
866 2889 1047 2952 conscientii
1058 2892 1132 2952 eniti
1141 2892 1239 2952 video.
1281 2890 1379 2962 Quam
1392 2891 1463 2951 verb
1477 2890 1510 2953 id

332 2987 530 3068 periculosum
544 2988 592 3062 sit,
607 2996 706 3047 nostra
716 2988 835 3049 docebit
846 2988 977 3047 narratio
990 2987 1157 3048 recentibus
1167 2988 1288 3049 omnino
1302 2986 1416 3047 casibus
1429 2986 1510 3047 soeta.

333 3082 380 3142 Tu
393 3082 488 3143 amice
503 3084 622 3158 Lector,
636 3083 733 3143 alieno
746 3083 879 3164 periculo
892 3103 972 3163 sape,
988 3083 1120 3163 sciasque
1134 3104 1182 3144 me
1196 3103 1255 3143 nou
1268 3083 1326 3142 nisi
1339 3082 1404 3142 visa
1415 3081 1509 3161 loqui,

333 3177 444 3259 quippe
456 3177 509 3257 qui
522 3178 624 3241 multis
636 3180 790 3262 trcgoediis
802 3179 852 3241 vel
864 3189 946 3242 actor
959 3179 1008 3241 vel
1020 3189 1167 3261 spectator
1177 3199 1238 3241 non
1252 3178 1362 3240 otiosus
1374 3177 1506 3239 interfui.
