3225 4700
475 352 874 423 JTINERARIUM.
1212 357 1272 423 165

57 498 240 613 delicatam
250 522 353 565 auram
363 504 504 582 Damon,
514 509 758 590 quandoquidem
770 528 850 591 soepe
860 508 969 591 sapius
979 509 1069 571 etiam
1078 528 1139 571 non
1150 516 1272 570 vocatus

58 598 277 756 1111(ΙὶῗὶλἹοῐι
296 695 396 757 minus
412 697 554 761 horribile
568 709 614 761 eat
627 699 660 760 in
675 720 708 762 re
722 699 793 763 licet
807 700 920 783 dispari
935 720 1058 763 ausum:
1080 700 1162 783 quod
1181 700 1272 782 Lym-

59 790 166 871 bnrgo
181 811 226 852 ex
246 791 395 855 Bobemia
406 795 574 856 commedio
588 795 796 858 tabellionibus
811 795 1009 878 fidelibusque
1024 797 1140 859 tabellis
1153 798 1271 879 consig-

63 896 177 947 natum
201 889 362 964 adfertnr3
394 890 568 951 convenisse
589 891 705 953 scilicet
727 912 779 953 sex
803 893 975 974 conjuratos
997 893 1131 975 ejusdem
1155 892 1272 955 consilii

62 984 177 1059 socios,
194 984 257 1064 qui
269 994 360 1048 nocte
371 986 519 1048 concubia
530 986 562 1047 in
572 987 694 1049 domum
709 986 859 1049 omnificis
871 988 974 1049 essedo
986 987 1156 1051 insidendes
1169 1009 1274 1071 prope-

64 1079 219 1143 raverint.
256 1080 304 1142 Hi
316 1101 385 1144 cum
399 1092 516 1164 patrem
528 1082 658 1145 familias
666 1085 690 1147 J
692 1084 802 1146 ustitia
814 1084 1034 1159 administrum,
1042 1086 1109 1166 jam
1123 1086 1273 1149 dormien-

62 1184 126 1233 tem
152 1176 349 1257 importunis
368 1178 494 1239 vocibus
517 1198 587 1239 cum
610 1188 753 1241 consueta
772 1179 1039 1253 sica-evocassent,
1062 1200 1132 1243 mox
1153 1190 1271 1261 arrepto

65 1270 171 1331 oculos
193 1272 338 1354 strophio
357 1273 538 1355 obligarmrt‚
556 1295 595 1336 ne
610 1274 650 1336 de
665 1276 771 1337 itinere
786 1296 841 1337 suo
855 1275 935 1337 fierit
949 1276 1067 1348 certior,
1083 1276 1154 1339 dein
1169 1278 1271 1339 currui

65 1364 267 1446 impositum,
284 1368 376 1430 variis
390 1370 566 1451 ambagibus
583 1370 858 1444 circumduxerunt,
875 1372 973 1451 quoad
991 1373 1030 1433 ad
1041 1372 1223 1434 commodas
1240 1383 1272 1435 et

68 1462 201 1523 facinori
210 1463 380 1526 destinatas
389 1465 468 1527 ades
478 1466 672 1541 devexerunt,
681 1465 734 1527 ubi
739 1465 871 1548 obligato
876 1476 911 1529 ut
918 1476 981 1529 erat
993 1466 1078 1529 vultu
1088 1466 1120 1527 in
1128 1468 1271 1531 conclave

67 1556 192 1638 elegans
200 1567 237 1619 et
248 1559 461 1640 peristromatis
470 1561 604 1641 undique
613 1561 653 1621 ad
666 1560 780 1622 luctum
790 1570 964 1623 exornatum
972 1562 1169 1625 deduxerunt.
1206 1564 1270 1627 Hie

71 1654 201 1716 reducto
213 1656 258 1716 ab
270 1655 372 1718 oculis·
380 1656 449 1720 velo
459 1656 570 1739 jubent
588 1658 702 1719 nudare
720 1657 842 1719 fatalem
857 1658 961 1733 sicam,
978 1678 1013 1720 sc
1028 1659 1061 1720 in
1076 1660 1181 1741 ignota
1194 1660 1271 1723 facie

69 1748 174 1810 virum
192 1750 413 1833 ioemiuamque
427 1753 534 1834 eapitis
548 1753 726 1815 sententiam
741 1754 967 1835 pronunciatum
980 1755 1138 1837 complere.
1180 1755 1271 1829 Quod

71 1864 144 1905 cum
165 1847 226 1909 sub
250 1848 321 1909 ritae
342 1848 476 1929 periculo
497 1868 634 1910 recusare
654 1868 714 1909 non
739 1858 846 1929 posset,
868 1849 948 1910 feriit
967 1858 1128 1931 utrumqne
1150 1855 1272 1916 resectis

71 1940 241 2021 capitibus·
282 1942 356 2005 Hoc
368 1953 488 2026 peraeto
499 1943 637 2006 obductis
650 1942 757 2005 iterum
770 1943 865 2005 oculis
882 1964 935 2026 par
952 1944 1011 2005 alia
1027 1945 1204 2007 diverticula
1215 1947 1270 2009 do-

73 2056 160 2098 mum
174 2039 348 2115 reducitur,
364 2038 573 2121 colligatisque
587 2039 629 2101 ad
641 2040 751 2101 ostium
767 2040 906 2102 manibus
921 2040 1104 2123 pedibusque
1119 2041 1204 2105 humi
1217 2044 1269 2106 de·

72 2132 201 2211 ponitur
216 2154 258 2196 ne
271 2155 333 2215 qua
349 2134 467 2197 curiose
484 2135 642 2218 indagaret
658 2155 719 2215 quo
733 2136 883 2216 permutati
902 2135 952 2197 isti
969 2136 1154 2201 tenebriones
1171 2148 1270 2203 essent

74 2231 241 2310 progressi.
283 2231 322 2291 In
340 2232 510 2293 mercedem
525 2240 637 2306 tamen,
654 2252 693 2293 ne
710 2232 804 2314 gratis
821 2232 969 2295 laborasse
983 2232 1146 2310 rideretur,
1164 2256 1268 2299 aureos

74 2322 192 2404 aliquot
208 2325 331 2390 saeculo
349 2327 544 2399 intruserunt,
561 2326 613 2389 ubi
629 2347 702 2390 vero
716 2336 747 2389 et
762 2325 794 2389 in
807 2346 883 2409 quoe
900 2336 954 2390 aut
967 2347 1028 2410 qua
1040 2328 1078 2391 de
1095 2348 1186 2394 cansa
1202 2332 1268 2396 haeo

75 2418 155 2480 actio
165 2420 310 2484 instituta
320 2422 420 2498 fuerit,
433 2422 516 2483 baud
526 2422 630 2503 liquet.

113 2515 155 2576 V.
178 2515 293 2579 Placet
312 2517 454 2580 hocloco
474 2526 605 2580 attexere
626 2516 815 2600 ingeniosum
830 2517 987 2582 inventum
1007 2519 1216 2595 latrocinandi,
1238 2533 1270 2588 et

75 2630 165 2673 snare
175 2613 234 2675 aed
244 2622 350 2695 potens
361 2622 542 2675 tormentum
549 2614 664 2695 justam
674 2613 810 2694 pecnnia
818 2634 967 2676 summam
978 2617 1175 2696 exprimendi,
1187 2621 1269 2699 quod

76 2707 182 2770 fratres
191 2711 258 2772 dno
267 2709 428 2791 precipua
438 2709 622 2772 auctoritatis
631 2708 701 2780 viri,
711 2707 780 2780 filii,
789 2709 931 2792 primario
942 2710 1126 2775 Parisiorum
1138 2714 1268 2778 Prasidi

77 2802 241 2868 effioeoiur
260 2805 466 2881 admoverunt,
488 2825 549 2866 non
571 2805 671 2866 minus
692 2804 824 2867 facetum
845 2825 935 2888 quam
958 2808 1088 2871 serium:
1112 2811 1204 2874 totius
1223 2814 1268 2876 rei

77 2897 164 2962 houm
178 2903 252 2963 Deo
264 2921 348 2964 sacer
359 2901 422 2962 fide
434 2900 627 2982 integerrima
638 2901 670 2961 in
684 2899 765 2962 bunc
778 2900 840 2964 fere
852 2903 975 2965 modum
989 2907 1101 2969 retulit.

116 2996 262 3060 Habebat
279 2997 312 3059 in
329 2996 440 3059 Gabiis
457 2997 504 3056 vir
521 2995 616 3057 nobili
633 2997 770 3078 prosapia
785 2997 965 3078 spectabilis,
984 3020 1041 3062 nec
1059 3001 1159 3066 minus
1174 3003 1269 3068 multa

78 3093 240 3171 prudentia
251 3093 363 3162 clarus,
374 3091 454 3154 lilios
467 3092 543 3153 duos
555 3090 695 3166 discolos,
707 3101 739 3153 et
748 3091 768 3154 i
778 3091 891 3154 Patriie
904 3094 1036 3156 moribus
1045 3099 1168 3159 omuino
1178 3099 1268 3182 dege·

79 3205 161 3249 neres
170 3210 181 3264 ς
202 3209 281 3271 qnos
298 3208 367 3251 cum
383 3187 493 3250 teneris
511 3186 566 3248 sub
583 3186 670 3248 annis
686 3206 794 3267 parens
811 3186 919 3268 sepius
934 3189 974 3250 ad
992 3189 1108 3273 frugem
1127 3213 1268 3258 revocare

77 3281 186 3347 frosm
198 3296 324 3348 conatos
337 3291 425 3356 esset,
434 3282 643 3363 multotiesque
652 3283 691 3343 ob
701 3283 878 3364 depravatos
891 3285 1000 3346 sobolis
1011 3307 1107 3350 morae
1118 3290 1156 3351 ad
1169 3289 1269 3374 indig-

79 3382 227 3444 nationem
253 3401 314 3443 uon
338 3381 402 3443 sine
424 3379 615 3441 acerbissimi
634 3379 694 3441 bile
717 3379 913 3461 objurgasset,
935 3381 1082 3444 bonorum
1102 3386 1267 3450 amicorum

80 3478 202 3540 consilio
219 3478 343 3540 tandem
360 3478 379 3538 i
394 3495 426 3538 se
444 3476 499 3537 sub
518 3474 616 3537 severi
633 3475 792 3558 pedagogi
807 3494 912 3538 curam
930 3476 1118 3560 rigidamque
1139 3481 1267 3546 ferulam

81 3571 299 3655 ablegaritsed
308 3591 364 3635 neo
371 3571 462 3633 hicin
472 3570 568 3632 multo
577 3569 714 3632 meliores
724 3579 893 3644 evaserunt,
904 3571 1002 3635 indies
1012 3575 1093 3638 enim
1103 3588 1137 3640 ut
1146 3597 1268 3660 corpore

82 3663 161 3732 itaet
172 3670 257 3734 ritiis
268 3667 447 3732 robustiores
459 3665 559 3730 effecti
571 3675 652 3730 suut·
680 3666 759 3730 Com
773 3666 815 3729 ad
826 3663 943 3734 scholae
955 3667 1038 3733 velut
1051 3671 1091 3734 ad
1104 3689 1268 3740 mercatum
