3225 4700
128 491 337 630 τ’,γῑῑἶ
398 569 424 572 Η
488 503 585 630 {nh
627 488 693 629 γ(
845 502 893 574 2⁹1
950 567 954 571 .
1020 522 1079 631 ‚t't

474 782 475 786 ‘
509 803 701 879 CAPUT
736 805 868 879 xxx.

187 984 347 1052 Describit
361 986 422 1053 iter
435 996 572 1051 nostrum
587 986 621 1050 in
639 984 831 1051 Comitatum
847 982 1170 1071 Sclnnmburgeneem.

123 1251 139 1276 ί
344 1180 424 1241 osu
451 1179 674 1262 inexplicabiles
700 1188 730 1241 ei
753 1180 843 1261 plane
869 1176 1055 1237 miserandis
1080 1174 1274 1249 dimidies,

134 1289 153 1320 ¹-
276 1259 315 1364 ᾆξ’
361 1276 488 1356 septimo
501 1276 623 1337 tandem
635 1275 712 1336 Maii
721 1276 799 1356 jussi
813 1292 927 1348 snmus,
944 1270 1160 1332 Hannoveram
1173 1290 1276 1331 versus

192 1363 312 1453 „5ss
356 1371 413 1433 iter
426 1382 561 1433 nostrum
581 1371 722 1454 dirigere,
737 1391 773 1432 ae
788 1370 876 1431 intino
888 1370 919 1430 in
940 1368 1115 1430 comitatum
1129 1365 1274 1428 Schaum·

92 1487 128 1556 (ἡ
246 1457 323 1564 ἢ
362 1468 540 1551 burgensem
549 1468 681 1540 flectere,
691 1466 742 1528 ille
756 1467 837 1527 enim
848 1466 1004 1527 dicebatur
1012 1463 1099 1525 nobis
1107 1463 1276 1545 assignatus

113 1559 116 1564 ’
360 1564 620 1645 esseinhybernn.
664 1564 724 1639 Ite,
736 1560 1154 1645 ingennelector‚omniahac
1165 1559 1273 1621 mundi

78 1664 257 1738 tempestate
265 1676 394 1733 sumum,
403 1661 553 1736 deorsum,
567 1661 714 1741 quadrata
727 1658 863 1721 rotundis
875 1658 1056 1717 miscenturz
1078 1655 1185 1735 hyeme
1198 1675 1273 1737 pug-

76 1754 218 1813 nandum
241 1763 296 1831 eet,
318 1755 391 1816 dnm
413 1764 531 1837 tempus
552 1756 719 1838 appropiat,
742 1774 801 1836 quo
827 1752 928 1835 Reges
952 1752 992 1812 ad
1015 1752 1094 1812 bella
1114 1752 1273 1831 procedere

77 1860 312 1927 consueverunt,
323 1851 353 1911 in
368 1851 510 1933 hybernis
523 1851 775 1914 delitescendum:
796 1870 857 1910 non
872 1858 969 1909 tanmn
980 1847 1013 1908 id
1025 1846 1091 1907 aina
1103 1846 1194 1906 cansa
1207 1845 1273 1907 fieri

77 1952 178 2025 putes,
189 1959 302 2009 norunt
313 1947 358 2007 illi
371 1967 499 2027 qnorum
512 1948 644 2009 interest.
683 1947 787 2009 Solent
795 1947 874 2027 saepe
884 1941 1272 2015 Commissariiexcrcitum,

79 2040 169 2120 qnnsi
181 2043 341 2104 necessitas
353 2043 386 2105 id
399 2044 511 2125 exigat,
525 2044 557 2103 in
575 2063 681 2125 campo
700 2043 838 2116 retinere,
852 2050 886 2103 ut
898 2041 955 2122 ipsi
970 2060 1008 2100 ex
1020 2037 1163 2119 hybernis
1175 2037 1272 2112 illum,

78 2138 134 2216 qui
156 2137 247 2198 militi
268 2139 435 2221 assignatus
456 2150 529 2216 erat,
549 2139 680 2201 fructum
698 2140 860 2201 demetant.
901 2136 944 2197 Et
964 2134 1022 2215 ipsi
1043 2134 1108 2195 haec
1123 2134 1273 2195 neminem

79 2244 186 2295 notare
195 2234 376 2310 existiment,
385 2256 455 2297 enm
463 2236 529 2297 luce
537 2236 646 2297 clarius
657 2234 823 2297 meridiani
832 2234 994 2294 multorum
1002 2230 1064 2292 doli
1066 2233 1132 2313 jam
1142 2240 1273 2312 pateant.

82 2330 146 2394 Sed
160 2350 227 2412 qnoe
242 2353 333 2414 supin
342 2353 397 2394 nos
410 2332 486 2394 nihil
496 2334 535 2395 ad
548 2353 613 2406 nos,
628 2332 724 2395 obiter
733 2340 832 2393 tamen
841 2338 932 2411 etper
942 2339 1132 2391 transennam
1140 2327 1273 2410 tetigisse

81 2429 239 2490 veritatem
258 2429 303 2490 nil
319 2430 448 2492 nocebit.
490 2430 544 2490 Ad
561 2429 746 2490 Comitstnm
765 2427 1075 2509 Soheumbnrgensem
1091 2426 1217 2497 mature,
1235 2445 1274 2485 ne

82 2525 182 2585 aeafivi
197 2545 251 2586 nos
267 2534 370 2606 postea
386 2525 500 2588 calores
513 2534 639 2608 gravent
657 2523 842 2597 festinemus,
856 2523 910 2584 sed
925 2523 1005 2584 lente
1023 2531 1134 2592 tamen,
1148 2541 1186 2582 ne
1200 2521 1274 2582 sorte

81 2621 167 2683 idem
182 2623 266 2684 nobis
282 2623 365 2703 quod
383 2621 609 2684 Correschienoe
629 2621 742 2703 legioni
760 2620 891 2682 nimium
906 2617 1095 2694 acceleranti,
1103 2617 1274 2699 contingat.

82 2717 165 2778 Haec
173 2719 253 2779 enim
262 2739 333 2780 cnm
341 2719 381 2781 ad
391 2719 520 2780 eundem
531 2717 686 2779 nobiscum
698 2716 795 2778 locum
810 2726 888 2778 esset
895 2715 1051 2789 destinata,
1063 2713 1148 2774 nobis
1161 2713 1273 2788 inseiis,

81 2835 202 2875 summo
217 2813 375 2876 Generalis
391 2813 521 2875 Gallessi
536 2814 637 2875 favore
653 2813 783 2876 obtinuit
798 2812 915 2894 copiam
933 2831 988 2872 nos
1004 2808 1220 2892 praeveniendi,
1239 2809 1274 2870 ed

83 2910 130 2985 (ni
144 2909 245 2984 fallor)
258 2918 368 2982 mente,
382 2919 417 2971 nt
431 2911 575 2990 optimam
590 2911 647 2973 sibi
664 2908 929 2971 commorationem
944 2906 1099 2988 deligeret,
1113 2915 1144 2965 et
1157 2924 1213 2965 sua
1224 2904 1276 2965 eti·

81 3005 194 3085 pendia
203 3025 256 3066 seu
265 3006 515 3068 contributiouem
526 3007 606 3087 prior
616 3013 816 3085 extorqueret,
827 3012 916 3084 atque
929 3002 968 3064 ad
977 3011 1114 3063 nostrum
1123 3021 1275 3062 aooessum

81 3101 127 3161 nil
139 3110 273 3177 restaret,
291 3101 338 3163 vel
352 3102 465 3182 siquid
481 3111 614 3178 reseret,
629 3101 791 3164 difficulter
810 3099 1002 3181 colligeretur
1014 3098 1111 3159 multi
1123 3118 1194 3158 cnm
1207 3099 1276 3158 snb·

82 3197 214 3260 ditonum
233 3197 419 3260 difficultate.
463 3197 524 3260 sed
542 3201 595 3279 qui
608 3199 710 3260 omnia
728 3197 891 3280 prudenter
911 3195 1039 3266 ordinat,
1053 3194 1277 3275 providentissi-

83 3316 151 3356 mus
167 3295 258 3357 Dnus
271 3293 415 3376 praeclare
434 3293 590 3375 disposuit,
606 3293 817 3376 strophemque
835 3291 865 3350 in
887 3291 1021 3371 ipsorum
1040 3289 1157 3351 retorsit
1174 3301 1273 3370 caput,

83 3389 231 3469 fecitque3
254 3396 288 3448 ut
308 3405 444 3448 cursores
467 3386 517 3446 isti
539 3387 621 3468 prius
644 3386 752 3448 fierent
773 3384 877 3464 praeda
894 3383 1039 3460 hostibus,
1062 3386 1153 3465 qudm
1174 3387 1275 3447 locum

84 3483 264 3546 destinatum
279 3482 497 3565 contingerent·
538 3482 617 3544 (lum
631 3483 709 3543 enini
722 3480 910 3543 adversarius
920 3480 1006 3541 mileo
1016 3501 1075 3541 non
1087 3482 1192 3563 procul
1205 3481 1276 3542 inde

83 3579 206 3640 dissitus
219 3599 272 3659 per
285 3578 483 3660 exploratores
498 3581 641 3653 rescisset,
654 3577 802 3660 legionem
817 3576 910 3637 solam
924 3575 991 3637 illas
1002 3577 1065 3637 vias
1075 3577 1276 3647 transituram,

87 3695 153 3737 mox
175 3674 338 3736 emiserunt
361 3675 524 3756 plusculos,
546 3674 598 3756 qui
621 3695 656 3736 ex
679 3673 795 3734 insidiis
815 3683 1013 3753 erumperent,
1033 3681 1063 3734 et
1080 3674 1209 3733 cinctam
1228 3674 1277 3734 vel
