3225 4700
326 310 392 375 354
740 312 1150 380 ll'INERARIUM.

330 460 417 521 enixe
431 460 608 541 postulabat.
652 462 803 534 Quoniam
818 466 1018 527 verbvidebat
1028 467 1136 527 bonam
1150 463 1273 525 invidias
1284 472 1400 545 partem
1419 462 1455 521 in
1472 480 1548 521 suos

330 559 562 619 redundaturum
582 571 648 640 post
660 561 774 622 obitum
789 584 888 637 suum,
902 564 1026 645 rogabat
1040 564 1079 624 ad
1096 572 1263 624 extremum
1282 561 1398 643 Regem
1417 570 1454 620 ut
1473 579 1550 619 san-

330 655 416 734 guini
435 654 614 717 Ricbeliano
628 658 753 739 junctos
773 660 896 735 foveret,
915 680 951 720 ac
972 658 1116 742 singulari
1136 680 1209 721 cura
1226 668 1406 741 protegeret.
1456 656 1555 729 Quae

331 752 432 811 omnia
445 752 514 813 cum
531 753 763 815 clementissime
778 756 805 816 ei
825 755 892 817 Rex
911 755 1075 829 annuisset,
1090 766 1231 836 tauquam
1246 755 1351 815 mortis
1370 754 1551 815 immemor

329 846 434 908 latitia
447 849 529 909 visus
542 859 587 910 est
600 850 742 912 exultare.

373 944 448 1005 Post
461 957 588 1007 mortem
604 948 733 1009 cadaver
744 949 811 1030 ejus
824 949 950 1009 biduum
970 950 1069 1030 ipsum
1088 950 1256 1031 expositum
1269 957 1313 1010 est
1326 948 1433 1030 populi
1447 968 1549 1029 spec·

334 1043 443 1118 taculo,
454 1042 564 1104 dehinc
574 1044 606 1104 iu
619 1044 784 1106 Sorbonam
794 1044 974 1126 depositum,
986 1067 1039 1107 cor
1050 1048 1120 1107 rerb
1135 1046 1346 1108 Ricbelianum
1358 1047 1468 1106 urbem
1484 1066 1549 1104 sno

332 1140 454 1200 nomine
468 1140 579 1202 claram
598 1141 731 1203 delatum
749 1151 803 1204 est.
847 1143 997 1205 Intestina
1015 1152 1114 1204 autem
1132 1143 1163 1204 in
1183 1144 1295 1225 templo
1316 1144 1348 1204 S.
1369 1141 1546 1203 Eustachii

330 1236 486 1298 tumulata.

373 1333 516 1415 Superest
529 1346 563 1397 ut
575 1336 711 1398 ultimam
725 1337 791 1415 ejus
804 1337 988 1397 voluntatem
1003 1338 1107 1417 paucis
1120 1336 1364 1417 complectamur.

371 1430 549 1512 Reliqucrat
566 1441 633 1514 post
650 1444 777 1494 mortem
797 1454 883 1495 suam
902 1435 934 1495 in
948 1444 1052 1514 parata
1070 1435 1199 1516 pecunia
1212 1434 1366 1515 sexaginta
1378 1433 1543 1493 milliones

330 1527 475 1589 librarum
491 1529 690 1606 Gallicarum,
705 1551 779 1611 quas
792 1532 910 1592 francos
924 1553 1007 1592 more
1027 1532 1131 1612 pstriae
1149 1530 1310 1612 appellant,
1327 1529 1384 1589 boc
1402 1550 1443 1589 aes
1460 1550 1540 1609 par.

331 1626 386 1685 tim
401 1646 437 1687 ex
452 1626 606 1687 beneficiis
626 1639 658 1689 et
673 1628 787 1702 officiis,
802 1629 913 1710 partim
931 1630 1051 1710 propria
1068 1628 1217 1689 industria
1230 1625 1401 1708 collegerat,
1417 1637 1540 1705 praetcr

330 1733 423 1784 terras
439 1724 538 1805 Regia
550 1724 728 1785 liberalitate
742 1728 914 1806 acquisitas.
958 1727 1037 1788 Haec
1055 1728 1197 1788 universa
1210 1727 1250 1787 ita
1264 1726 1426 1787 distribuit.
1473 1726 1538 1786 Le-

330 1821 415 1902 gavit
430 1821 529 1901 primb
550 1820 722 1881 Marcbioni
741 1823 779 1884 de
798 1824 1003 1904 Pontcourlay
1023 1824 1175 1885 Ducatum
1194 1822 1405 1884 Riobelianum
1426 1834 1456 1884 ct
1475 1825 1536 1884 sd·

330 1917 580 1977 ministrationem
595 1917 634 1977 de
649 1916 800 2001 Brovnge,
816 1921 886 1981 dein
909 1921 1042 1982 Domino
1057 1921 1095 1981 de
1114 1920 1210 1981 Breze
1224 1919 1378 1979 Ducatum
1393 1918 1534 1981 Fronsac

332 2034 402 2074 cum
430 2026 550 2075 centurn
578 2013 712 2076 millibus
739 2016 910 2078 francorum
938 2019 1030 2079 annui
1057 2018 1193 2078 redditus
1220 2024 1250 2077 et
1278 2016 1531 2096 gubernationem
1596 2042 1597 2107 i

331 2110 442 2172 Portus
457 2111 584 2171 Gratim.
628 2110 783 2173 Praeterea
798 2114 939 2174 Domiuae
954 2115 992 2175 de
1014 2113 1171 2194 Esquillon
1190 2112 1405 2173 nobilissimam
1425 2134 1530 2174 arcem

331 2207 441 2269 Ruelle
454 2228 523 2268 curn
537 2208 756 2290 quinquaginta
768 2209 901 2271 millibus
915 2212 1085 2272 francorum
1101 2209 1193 2269 annui
1208 2208 1351 2269 redditus.
1393 2211 1446 2271 Ad
1459 2210 1530 2271 haec

333 2306 468 2367 Domino
486 2306 524 2367 de
543 2304 656 2367 Plessis
673 2306 798 2368 Chiueae
819 2307 927 2390 viginti
948 2322 1157 2370 coronatorum
1177 2304 1274 2367 millia
1293 2309 1401 2368 annue.
1445 2308 1529 2391 Regi

331 2424 419 2483 porro
429 2424 547 2464 omnem
562 2423 647 2463 suam
661 2402 896 2485 suppellectilem
907 2413 1090 2484 argenteam,
1101 2422 1233 2474 auream,
1245 2423 1421 2484 gemmeam,
1433 2425 1528 2484 quam

331 2501 371 2560 ad
387 2501 518 2560 ducenta
530 2519 690 2561 aureorum
703 2499 798 2560 millia
814 2500 902 2580 periti
923 2500 1117 2572 aestimarunt,
1134 2508 1241 2581 praeter
1251 2499 1416 2580 quingenta
1430 2501 1529 2562 millia
1595 2499 1596 2516 ¹

331 2606 549 2670 coronatorum,
570 2596 723 2676 inparata
742 2616 810 2656 aere.
850 2596 989 2679 Principi
1012 2596 1110 2679 Regio
1130 2615 1183 2656 seu
1202 2594 1356 2676 Delpbiuo
1369 2597 1526 2658 bibliothe-

331 2713 399 2756 cam
417 2713 512 2764 suam,
532 2713 622 2773 quam
641 2693 863 2774 quinquaginta
883 2713 1040 2754 aureorum
1062 2693 1192 2753 millium
1212 2692 1346 2772 precium
1367 2696 1525 2755 excessisse

324 2792 522 2874 judioaruut3
544 2801 653 2871 praeter
669 2799 804 2870 sumptus
824 2810 877 2869 pro
899 2789 1034 2850 Sorboua
1053 2788 1242 2850 aedificanda.
1284 2789 1390 2850 Cuivis
1403 2791 1523 2852 tandem

331 2888 422 2950 militi
439 2887 553 2968 proprii
570 2886 701 2967 corporis
719 2886 865 2947 custodiae
886 2887 1038 2966 deputato,
1056 2886 1206 2946 numerari
1221 2885 1317 2945 voluit
1332 2897 1449 2948 centum
1466 2888 1522 2948 du-

331 2985 446 3067 plones,
465 2983 576 3044 milites
591 2983 722 3063 denique
743 2981 797 3042 bos
819 2982 910 3064 Regii
930 2981 1082 3063 Principis
1100 2983 1242 3043 custodita
1259 2983 1404 3043 attribuit.
1445 2984 1522 3045 Uni·

330 3102 416 3143 versa
442 3081 542 3162 legata
570 3079 749 3140 Ricbcliana
774 3088 903 3160 quatuor
924 3088 954 3138 et
978 3079 1139 3140 dimidium
1165 3079 1333 3140 millionum
1359 3093 1520 3160 aequarunt.

332 3179 446 3240 Omnia
457 3177 606 3239 beneficia
617 3195 672 3236 sua
684 3176 823 3236 vacantia
837 3175 959 3255 reliquit
973 3175 1160 3256 dispositioni
1175 3175 1292 3258 Regia.
1594 3245 1595 3282 ,

372 3274 447 3335 Mox
462 3275 498 3334 ab
512 3274 595 3334 obitu
605 3271 787 3346 Oardinalis,
803 3271 869 3332 Rex
882 3271 1051 3333 Galliarum
1062 3271 1174 3333 litteras
1188 3272 1356 3353 encyclicas
1369 3273 1408 3335 ad
1421 3295 1517 3336 omnes
1593 3325 1595 3348 ,

332 3371 433 3452 Regni
460 3370 624 3440 ministros,
646 3370 870 3451 gubernatores,
892 3379 1021 3444 senatus,
1044 3378 1074 3429 et
1098 3369 1266 3444 officiarios,
1288 3379 1349 3430 tarn
1377 3371 1513 3452 politicos,
1594 3367 1595 3420 ἓ

329 3469 421 3550 qudm
442 3466 575 3542 bellicos,
596 3478 657 3528 tam
680 3467 768 3541 iutra,
790 3486 881 3547 quam
906 3476 988 3527 extra
1008 3486 1134 3548 regnum
1157 3466 1310 3548 degentes,
1332 3468 1514 3530 destinandas
1594 3465 1595 3554 J

328 3566 423 3635 dedit,
438 3585 539 3626 aarum
553 3563 722 3644 exemplum
738 3563 787 3624 blc
800 3563 964 3624 subdimus.
1594 3557 1595 3594 i
