3225 4700
332 332 394 397 174
725 321 1129 390 ITINERARIUM.

327 482 471 547 emissarii
491 480 574 541 mille
594 476 719 540 ducenti
739 478 864 537 duetore
887 475 1006 537 Burone
1026 475 1066 538 ds
1088 474 1187 556 Soye3
1214 470 1370 535 Peditetui
1387 481 1516 555 preerat

328 581 438 644 Comes
455 578 496 640 ds
513 576 610 658 Suys3
632 572 788 655 Equitatui
806 570 1032 637 Illustrissinrus
1050 570 1191 634 Marcbio
1205 570 1369 653 Gonmgs3
1393 568 1517 631 Picolo-

326 676 402 736 mini
420 693 502 748 sero,
523 692 585 735 una
596 692 667 732 cum
681 667 861 731 Marehicne
874 667 913 730 de
926 668 1048 731 Ceretto
1060 667 1238 748 sequebatur
1251 666 1283 726 in
1297 685 1418 732 omnem
1431 684 1517 726 exer·
1607 664 1608 673 ’

327 771 422 832 citum
438 770 581 843 intentus,
600 777 636 829 ut
650 767 676 828 si
692 786 754 847 qua
769 768 882 829 alicubi
901 767 997 830 bostis
1016 776 1165 849 premeret
1183 766 1291 843 serius,
1313 766 1515 847 suppetiatum

328 868 454 929 veniret.

368 962 430 1025 His
448 962 491 1023 its
505 960 668 1042 dispositis,
687 959 767 1022 inter
785 960 1009 1043 procedendum
1027 959 1216 1042 conspicatus
1231 967 1276 1020 est
1294 957 1518 1020 Picolominius

326 1078 426 1121 arcem
443 1060 521 1120 bene
537 1056 686 1119 munitam
701 1075 794 1136 quam
812 1055 906 1118 bostis
926 1056 1086 1130 insederat,
1109 1056 1268 1135 eberstque
1288 1053 1420 1115 Theonis
1442 1054 1518 1115 ville

326 1155 407 1217 boris
428 1154 549 1217 circiter
565 1154 692 1227 duabus,
715 1171 846 1232 cumque
866 1172 927 1214 non
944 1152 1004 1215 nisi
1021 1153 1248 1234 quinquagenos
1266 1150 1469 1231 Sclopetarios
1487 1161 1518 1211 et

326 1252 456 1313 tricenos
471 1251 587 1331 equites
600 1268 665 1309 eam
679 1258 780 1309 tenere
795 1250 833 1310 ab
852 1249 1086 1330 exploratoribus
1104 1246 1269 1322 didicisset,
1288 1246 1364 1309 duss
1381 1246 1518 1330 legiones

327 1347 532 1409 Florentinam
555 1344 670 1405 sedicet
690 1353 721 1405 et
742 1346 958 1407 Imearonioam
981 1345 1073 1421 misit,
1094 1364 1162 1426 quse
1186 1342 1315 1425 nequis
1337 1342 1516 1417 elaberetur,

325 1443 470 1523 tantisper
490 1441 656 1523 cingerent,
678 1441 779 1520 quoad
798 1440 896 1503 omnis
917 1442 1064 1503 exercitus
1084 1461 1155 1503 cum
1177 1439 1332 1501 tormentis
1352 1439 1518 1521 majoribus

326 1545 539 1618 praetervectus
552 1544 638 1610 esset,
652 1544 718 1597 tum
732 1537 857 1599 obsessis
870 1556 988 1618 posnam
1002 1538 1108 1618 eapitis
1120 1536 1329 1599 interminatus
1341 1544 1396 1609 est,
1411 1534 1471 1595 nisi
1484 1555 1517 1595 se

325 1653 419 1714 quam
428 1653 500 1694 mox
513 1633 666 1704 dederent,
680 1632 733 1712 qui
746 1634 811 1695 siue
826 1653 909 1695 mora
921 1633 1024 1716 positis
1037 1634 1128 1696 ermis
1141 1641 1313 1715 pesuerunt.

367 1729 533 1811 Postquam
549 1748 622 1790 vero
639 1728 747 1791 iterum
765 1731 806 1792 sd
828 1729 932 1791 boram
950 1730 1038 1792 fscilb
1059 1730 1285 1812 promovissent,
1308 1728 1371 1809 ipse
1390 1726 1516 1808 Campi-

326 1827 433 1888 ductor
449 1846 519 1887 cum
538 1824 675 1905 Becquio
693 1826 850 1887 editiorem
865 1826 966 1889 locum
982 1826 1157 1889 conscendit
1173 1824 1430 1906 contemplaturus
1442 1823 1516 1883 inde

326 1923 456 1984 bostium
469 1922 571 1993 situm,
583 1940 620 1982 ae
633 1923 714 1985 unde
727 1922 967 1985 commodissime
980 1923 1092 1984 adoriri
1106 1931 1221 2004 posset:
1241 1921 1291 1983 hic
1305 1920 1420 1982 notavit
1431 1920 1515 2001 quod
1607 1970 1608 1981 ,

325 2018 407 2081 loeus
415 2018 473 2080 sibi
482 2017 749 2099 opportunissimus
756 2020 823 2099 jam
831 2019 849 2080 b
857 2028 977 2081 eentum
988 2018 1144 2081 hostilibus
1150 2018 1515 2099 equitibuspoouparetnr,

326 2116 359 2176 in
372 2134 446 2195 quos
463 2113 626 2176 celerrimis
645 2116 730 2197 equis
747 2114 873 2177 Orontes
889 2116 1020 2177 tricenos
1038 2116 1145 2191 emisit,
1168 2114 1418 2194 subsidiariosque
1440 2112 1515 2173 alios

326 2210 552 2292 quinquagenos
567 2210 600 2271 in
617 2211 751 2291 priorum
766 2231 953 2279 succursum,
973 2212 1089 2292 equites
1104 2221 1249 2293 praetsrsa
1267 2221 1387 2272 eentum
1403 2217 1515 2290 etpost

326 2307 380 2370 hos
393 2307 491 2389 ipsum
506 2305 658 2370 Barouem
668 2307 707 2370 de
722 2307 801 2389 Soye
815 2327 884 2369 cum
895 2306 956 2368 suis
970 2306 1095 2370 delectis
1111 2308 1196 2390 sequi
1211 2307 1316 2370 voluit.
1358 2305 1514 2388 Becquius

326 2425 398 2466 vero
409 2424 479 2465 suos
491 2403 669 2466 desultorios
682 2406 759 2466 duee
774 2405 895 2466 Barone
909 2405 947 2465 de
961 2405 1148 2488 Besuregart
1160 2407 1283 2466 domum
1296 2403 1358 2465 suis
1371 2402 1515 2466 Consiliis

325 2509 525 2582 opportunam
536 2521 683 2582 occupare
696 2501 778 2563 fecit.
806 2502 885 2575 Quae
894 2501 968 2562 dum
981 2501 1058 2563 fiunt
1073 2503 1154 2564 Baro
1164 2522 1282 2583 quoque
1295 2501 1333 2563 de
1348 2501 1427 2580 Soye
1441 2519 1514 2560 cum

325 2597 386 2659 sois
403 2605 557 2677 promovet
574 2597 614 2658 ed
631 2597 743 2659 dictam
761 2597 897 2672 domum,
917 2617 1043 2678 eumque
1060 2617 1130 2658 cum
1152 2598 1280 2660 dimidie
1300 2606 1383 2678 parte
1403 2605 1513 2659 turmae

324 2703 421 2754 tutam
442 2712 637 2773 securamque
659 2693 769 2754 nstris
789 2692 863 2754 feeit
880 2694 917 2754 ab
937 2692 1068 2755 hostium
1089 2693 1222 2769 incursu,
1242 2713 1311 2756 eum
1328 2693 1420 2755 alteru
1441 2713 1514 2755 vero

325 2798 409 2872 parte
426 2788 540 2851 bostem
556 2789 642 2870 petit,
662 2789 715 2868 qui
731 2790 798 2869 jem
815 2789 907 2850 celeri
923 2789 1050 2872 vestigio
1062 2790 1202 2851 abactum
1216 2801 1331 2852 umbos
1345 2811 1383 2851 ex
1396 2811 1432 2852 eo
1444 2789 1513 2852 loco
1607 2819 1608 2830 ι

325 2886 472 2948 veniebat.
514 2885 632 2946 Eodem
649 2905 725 2966 pene
743 2895 876 2967 tempore
896 2885 1114 2949 Pieolominius
1130 2885 1287 2948 colonello
1300 2887 1464 2949 Gsrsrdini
1480 2889 1512 2948 in

324 2984 474 3046 mandetis
493 2982 579 3045 dedit
596 2989 630 3042 ut
646 2980 804 3043 editiorem
818 2982 968 3064 quendem
985 2981 1096 3057 locum,
1116 2983 1147 3043 in
1162 3002 1251 3062 quem
1268 2981 1360 3044 hostis
1376 2983 1514 3045 similiter

324 3081 542 3152 connitebatur,
566 3087 746 3160 occuparet:
777 3096 832 3160 pro
854 3098 915 3158 quo
937 3077 1061 3160 quidem
1085 3078 1181 3140 multo
1204 3079 1345 3161 utrinque
1366 3079 1513 3161 sauguine

325 3187 492 3259 pugnatum
512 3185 565 3252 est,
585 3175 686 3256 quoad
703 3175 826 3237 undem
848 3173 951 3250 hostis,
973 3175 1038 3236 viss
1058 3175 1163 3237 militis
1183 3176 1276 3236 nostri
1297 3176 1463 3257 pertinacia
1479 3175 1511 3235 in

324 3274 451 3336 statione
462 3271 660 3347 defendenda,
674 3271 793 3333 cederet
811 3270 842 3330 in
862 3271 971 3332 tutiora
988 3271 1067 3333 loca.
1110 3272 1177 3334 Neo
1198 3272 1298 3333 minus
1319 3271 1446 3333 feliciter
1464 3291 1511 3332 res

325 3389 393 3432 suas
409 3377 505 3452 agunt
520 3367 692 3430 Colonellus
706 3366 816 3429 Altieri
834 3376 865 3426 et
877 3366 1051 3429 Colonellus
1069 3367 1247 3450 Bcokhamp
1261 3378 1291 3429 et
1307 3368 1510 3430 locumtenens

327 3465 469 3550 legionis
491 3464 702 3526 Picolominioe
718 3462 843 3543 Crespa,
861 3463 914 3542 qui
932 3464 1099 3544 conjunctis
1115 3463 1229 3526 viribus
1246 3463 1454 3526 Marcbionem
1471 3464 1510 3526 de

327 3563 449 3627 Praslin
463 3581 533 3623 cum
546 3561 607 3622 suis
621 3560 715 3643 copiis
726 3559 858 3621 fundunt
869 3559 1047 3642 fugantque.
1086 3560 1169 3632 Quos
1182 3561 1255 3622 dum
1270 3559 1411 3622 Mer-ebio
1425 3559 1510 3621 Gon·

324 3680 399 3747 zaga
410 3659 554 3741 sequitur,
563 3657 656 3721 bostis
669 3657 702 3720 in
712 3654 919 3719 effusissimam
931 3675 962 3720 se
973 3656 1097 3740 conjicit
1110 3657 1224 3740 sugam,
1234 3675 1372 3739 querens
1383 3655 1509 3719 salutem
