3225 4700
343 326 408 390 252
743 321 767 388 Ι
772 322 829 388 TI
834 321 1057 390 NERARI
1064 323 1151 390 ΠΜ.

345 497 381 538 ac
401 495 439 538 ns
458 475 621 560 gratuitam
643 475 837 558 legationem
857 475 1020 557 suscepisse
1039 497 1115 560 puer
1134 483 1286 559 argueret,
1314 475 1463 539 solidum
1487 477 1552 557 pacti

346 582 426 647 suut,
441 580 471 634 et
482 572 683 635 exhibuerunt
700 592 754 655 pro
771 572 873 635 labore
890 572 1029 635 intineris
1047 575 1268 657 compensando
1280 585 1295 634 ε’
1316 575 1432 636 vocati
1451 574 1497 635 nil
1512 576 1555 634 ad·

346 669 425 730 versi
439 677 604 730 metuentes
618 679 804 750 quantocyus
817 689 850 730 se
868 667 927 730 viae
942 670 1146 743 committunt,
1160 671 1293 732 sednon
1315 668 1426 732 multo
1444 680 1511 752 post
1525 692 1553 732 er

346 767 463 829 insidiis
484 765 619 849 appetiti,
638 766 701 827 vita
719 776 891 828 exuunturr
922 765 1041 828 attoniti
1061 768 1102 829 ad
1121 767 1179 828 bbc
1197 767 1423 848 spectaculum
1445 766 1555 836 accole,

345 870 438 923 totam
465 861 579 924 circum
603 861 749 934 uiciniam
771 863 812 924 ad
834 865 1002 928 vindictam
1025 864 1168 938 excitant,
1194 883 1251 924 nec
1282 884 1384 925 mora
1410 865 1554 926 universos

349 959 454 1022 Sancti
475 959 613 1021 Severini
634 957 840 1022 Parocbiauos
856 969 1053 1044 congregant,
1074 979 1194 1040 unaque
1207 959 1240 1020 iu
1257 959 1398 1021 sicarios
1416 960 1553 1041 impetum

346 1054 462 1118 faciunt
473 1075 577 1118 eorum
592 1054 792 1135 Capitsncum
807 1055 895 1117 Reclu
905 1057 945 1117 ad
960 1055 1122 1117 triennium
1137 1056 1209 1118 urbe
1219 1056 1440 1136 proscribunt,
1452 1058 1504 1137 qni
1516 1068 1550 1118 ta·

346 1171 415 1214 meu
430 1160 533 1235 postea
546 1161 650 1213 exacto
663 1152 764 1213 triduo
778 1152 879 1214 rediit.
921 1152 972 1214 De
985 1150 1043 1212 hoc
1057 1171 1136 1212 noso
1151 1151 1285 1213 tumultu
1300 1161 1338 1214 et
1355 1153 1385 1213 si
1401 1153 1552 1214 Sereuiui·

317 1240 319 1244 ’
346 1267 414 1311 mus
435 1247 642 1331 Archipraesul
665 1246 854 1310 Coloniensis
876 1258 953 1311 esset
976 1248 1086 1310 certior
1112 1249 1259 1323 redditus,
1286 1269 1356 1310 nou
1385 1259 1489 1310 nmen
1512 1259 1551 1309 est

348 1344 462 1407 seritius
476 1347 629 1408 civitatem
647 1345 741 1418 adire,
764 1347 817 1407 nbi
835 1345 985 1407 indicibili
1002 1344 1109 1407 loetitia
1121 1357 1153 1407 ct
1172 1344 1405 1407 acclamatione
1424 1345 1550 1406 omnium

349 1453 490 1523 acceptus
503 1451 558 1514 est,
572 1462 608 1502 ac
622 1440 762 1503 electioni
774 1443 906 1504 duorum
922 1461 1067 1503 nouorum
1086 1441 1254 1503 Consulum
1272 1441 1435 1513 interfuit,
1452 1440 1503 1522 qui
1517 1459 1548 1500 cx

345 1551 459 1600 secreto
470 1558 533 1600 suae
545 1538 719 1600 Serenitatis
729 1538 870 1602 concilio
881 1537 1032 1618 desumpti
1041 1547 1123 1613 sunt,
1135 1538 1342 1619 unanimique
1354 1537 1548 1620 Magistratus

344 1643 376 1696 et
388 1635 500 1696 civium
514 1655 660 1697 consensu
673 1635 827 1698 Dominus
840 1636 929 1697 Dans
941 1646 973 1697 et
986 1634 1138 1696 Dominus
1152 1634 1251 1697 Blisia
1263 1633 1361 1696 electi
1375 1644 1459 1695 suut.
1499 1631 1544 1692 Vi·

344 1731 459 1814 gesima
480 1731 607 1814 septima
629 1732 652 1794 J
655 1732 709 1794 ulii
731 1732 890 1814 proscripti
912 1732 975 1793 duo
995 1730 1173 1793 Plencsaux
1194 1750 1294 1812 nuper
1310 1728 1457 1805 Cousn13
1484 1749 1545 1788 cum

344 1826 509 1908 Capitaneo
524 1827 611 1890 Reck
625 1829 656 1889 iu
670 1828 825 1890 civitamm
838 1828 1002 1903 redierunt,
1021 1827 1062 1888 ad
1080 1847 1211 1908 qnorum
1227 1827 1405 1889 adveutum
1418 1825 1541 1907 plerique

344 1923 558 1986 sediciosornm
572 1934 603 1986 et
614 1924 864 1987 tumultuantium
877 1923 1012 1986 latibulis
1025 1945 1057 1986 se
1070 1924 1262 1985 abdiderunt.
1303 1942 1306 1946 ·

384 2020 503 2082 Eodem
516 2021 566 2083 dic
581 2019 794 2082 Sereuissimus
809 2019 958 2101 Princeps
970 2039 1007 2080 ao
1022 2019 1288 2082 Eminentissimus
1303 2019 1435 2080 Elector
1446 2037 1482 2078 ex
1494 2033 1539 2074 suo

344 2120 474 2183 Pallatio
487 2123 527 2184 ad
540 2121 684 2184 Sanctum
698 2119 877 2182 Severinum
890 2140 923 2181 se
941 2120 1080 2196 contulit,
1099 2129 1135 2182 nt
1149 2120 1354 2182 Sacrosaucto
1375 2118 1480 2179 Missae
1494 2115 1540 2176 Su·

344 2217 460 2280 arificio
474 2217 628 2280 interesset
639 2238 700 2299 quo
718 2217 749 2278 iu
769 2217 837 2278 loco
855 2217 1003 2279 cadavera
1023 2217 1241 2300 Tanpierorum
1260 2216 1370 2278 Patris
1388 2212 1501 2276 scilicet
1513 2217 1538 2270 ct

343 2314 416 2377 Filii
434 2315 609 2377 intimorum
629 2314 770 2379 cortun
792 2312 981 2390 Pleuevaux,
1002 2313 1022 2375 l
1041 2314 1213 2376 tristissima
1233 2315 1332 2378 vidua
1350 2308 1537 2375 Serenissimo

344 2414 452 2475 Elcmo
466 2414 597 2475 Electori
609 2412 742 2475 exhibita
752 2422 842 2487 sunt3
864 2411 904 2472 ad
918 2431 1045 2492 quorum
1060 2412 1266 2493 spectaculum
1277 2432 1353 2473 cum
1369 2410 1401 2470 in
1415 2405 1535 2469 eousern

342 2510 537 2572 multitudiue
549 2511 673 2591 quidam
686 2502 777 2572 etiam
791 2508 1013 2570 homicidarum
1024 2529 1057 2570 se
1069 2508 1247 2583 miscuisset,
1262 2509 1418 2570 cadavera
1428 2509 1535 2564 recente

343 2628 449 2670 cruore
465 2628 587 2670 manare
606 2616 760 2689 ceperunt,
778 2626 814 2668 ac
833 2606 1012 2689 sauguinem
1030 2606 1156 2668 sudare:
1181 2604 1353 2667 decaetero
1373 2602 1415 2664 ad
1436 2596 1533 2660 multos

342 2703 443 2766 adhuc
457 2704 522 2766 dies
535 2705 620 2788 ignes
633 2704 732 2767 festivi
746 2711 894 2765 arserunt.

372 2793 505 2863 ¹Interea
525 2821 562 2861 ex
586 2799 734 2862 Bohcmia
749 2820 810 2860 uon
830 2798 938 2881 procul
955 2799 1039 2883 Egra
1056 2800 1096 2861 ad
1115 2797 1280 2861 exercitum
1305 2789 1497 2861 Picolomiuii
1516 2787 1532 2847 i

343 2897 521 2960 Marchioue
535 2897 574 2959 de
588 2896 712 2960 Caretto
725 2896 843 2957 educta
856 2904 928 2956 sunt
940 2895 1054 2976 aliquot
1070 2896 1202 2957 militum
1218 2905 1342 2969 turmas,
1361 2912 1430 2975 quse
1446 2903 1531 2965 nuper

341 2995 374 3055 iu
388 2995 500 3057 finibus
515 2994 682 3067 Bohcmia,
697 3012 735 3053 ue
749 3012 810 3073 qus
822 2990 897 3052 forte
910 2991 1003 3054 hostis
1016 2993 1116 3054 denno
1134 2992 1326 3073 irrumperet,
1345 2990 1456 3054 relicte
1471 2983 1527 3044 fue·

342 3102 430 3171 raut3
451 3112 570 3155 summa
582 3090 712 3152 militum
723 3089 789 3151 bsec
802 3088 865 3150 fere
878 3088 946 3149 fuit.

569 3190 700 3249 Pedites.
1183 3186 1323 3266 Equites.

341 3284 405 3349 Sub
419 3284 597 3347 Marcbioue
610 3285 649 3346 de
663 3283 795 3347 Carettc.
847 3284 916 3343 393.
959 3280 1023 3343 Sub
1038 3282 1166 3345 Pettari.
1460 3270 1520 3329 4⁸⁰·

340 3383 404 3444 Sub
418 3379 597 3442 Marchiouc
611 3380 757 3442 Badensi.
867 3380 917 3439 79.
958 3377 1022 3438 Sub
1037 3377 1210 3461 Stilbergiu.
1463 3367 1518 3425 ¹39·

341 3479 405 3543 Sub
418 3476 648 3539 Tieffeubachio.
847 3478 919 3536 230.
962 3475 1025 3536 Sub
1041 3474 1203 3558 Spiegelic.
1460 3462 1517 3522 1¹3·

340 3576 404 3639 Sub
419 3576 540 3638 Baroue
551 3574 590 3635 de
605 3571 695 3653 Saye.
847 3574 919 3633 236.
961 3570 1026 3633 Sub
1042 3571 1216 3634 Hannibale
1231 3572 1385 3653 Gomgu.
1474 3556 1514 3615 ⁸9·

340 3674 404 3736 Sub
417 3672 508 3734 Duce
522 3670 691 3732 Florentia.
760 3722 762 3727 .
851 3672 918 3730 110.
960 3667 1025 3729 Sub
1039 3668 1173 3730 Heister.
1458 3653 1514 3714 131·
