3225 4700
317 289 381 355 244
704 282 1106 351 Il'INERARIUM.

320 441 458 503 voluerit.
508 439 577 501 Suae
600 456 718 518 quoque
742 436 896 519 Majestati
917 436 1065 518 imprimis
1088 435 1204 518 placere
1235 434 1414 505 Electores,
1436 431 1513 492 Priu-
1561 500 1562 505 η

321 537 413 618 cipes,
431 555 466 598 ee
484 543 576 596 status
594 533 702 614 partim
721 533 752 592 iu
773 532 908 593 Persona
925 533 1034 615 partim
1051 553 1105 614 per
1126 533 1261 616 Iegetos
1281 529 1515 592 obedientissime

323 632 532 714 comparuisse.
1562 630 1563 635 ’

362 729 463 808 Atque
478 737 511 788 ut
525 727 687 802 Electores,
704 725 875 808 Principes,
890 735 1043 799 costatus,
1057 727 1291 806 absentiumque
1307 723 1482 786 consiliarii
1494 733 1518 781 et

325 824 430 905 Legati
458 823 543 885 Sacri
571 823 702 884 Romani
723 823 850 904 Imperii
870 822 1061 885 difficultates
1084 824 1191 884 melius
1211 821 1408 903 intelligant,
1437 818 1517 879 Suam

326 921 516 1002 Majestetem
531 940 630 981 coram
646 920 770 1001 proponi
788 921 987 981 necessarium
1001 920 1166 1000 judicasse,
1184 920 1217 979 in
1236 937 1379 996 eumque
1392 914 1480 975 finem
1492 927 1520 975 ut

324 1017 425 1078 omnia
441 1016 627 1078 articulatius
646 1017 892 1097 exprimerentur,
914 1015 1035 1097 Seripto
1053 1014 1237 1097 Consignari
1255 1033 1296 1074 ac
1315 1010 1439 1094 publice
1455 1031 1518 1090 pre·

324 1113 385 1196 legi
407 1113 547 1185 voluisse,
569 1111 797 1172 clementissime
816 1132 938 1193 sperans
956 1112 994 1173 ab
1013 1112 1150 1173 omuibus
1167 1110 1367 1182 electoribus,
1387 1107 1520 1189 principi·

325 1211 391 1284 bus,
406 1210 542 1282 statibus,
558 1217 588 1270 et
608 1207 776 1269 absentium
795 1208 983 1269 Conciliariis
1000 1228 1036 1269 ao
1055 1208 1185 1291 Iegatis,
1202 1227 1266 1268 non
1288 1214 1412 1266 tanturn
1430 1203 1520 1263 obedi·

278 1331 280 1334 ·
325 1306 476 1367 entissime
496 1303 727 1386 propositionem
748 1303 939 1380 audiendam,
955 1306 1009 1367 sed
1028 1305 1119 1366 etiem
1134 1305 1176 1365 ita
1193 1303 1337 1365 consiliis
1353 1300 1521 1378 auxiliisque

325 1401 527 1484 adjuvandam
542 1399 850 1480 promovendumque,
864 1401 1118 1480 quemadmodum
1131 1410 1270 1462 extrema
1285 1396 1418 1480 Imperii
1432 1415 1520 1456 neees-

326 1498 397 1558 sitas
421 1495 531 1576 exigat.
575 1494 667 1566 Quod
688 1515 741 1556 sue
762 1497 916 1578 Majestas,
942 1497 1081 1558 Caesarea
1103 1498 1200 1580 gratia
1223 1496 1246 1557 a
1271 1516 1307 1557 se
1331 1494 1469 1576 agnitum
1489 1489 1521 1549 iri

327 1592 492 1674 pollicetur.

367 1687 468 1749 Finita
479 1687 536 1748 bac
550 1687 634 1748 brevi
649 1687 823 1768 praefatione
838 1689 1053 1771 Imperatorius
1066 1688 1278 1751 cancellarius
1289 1687 1405 1750 Comes
1419 1684 1519 1753 Karta,

326 1785 467 1848 Caesareo
480 1783 648 1846 Secreterio
659 1781 774 1845 'Aulico
787 1786 1020 1867 propositionem
1032 1786 1192 1866 exscripto
1206 1780 1464 1866 promulgandam
1477 1799 1520 1838 er·

325 1881 432 1955 hibuit,
443 1880 497 1962 qui
512 1881 544 1940 in
558 1880 692 1941 medium
707 1901 880 1964 progressus
894 1883 1118 1944 distinctissime
1133 1879 1371 1966 pronunciavit,
1393 1896 1429 1938 ea
1441 1875 1519 1956 hujus

327 1977 391 2040 iere
405 1976 464 2038 fuit
477 1977 601 2038 tenoris.

367 2073 437 2136 Suoe
452 2072 551 2134 Sacrae
565 2072 711 2134 Oaesareae
728 2073 882 2157 Majestati
904 2074 1073 2157 Hungariae
1094 2074 1166 2137 item
1183 2084 1214 2134 et
1232 2073 1399 2135 Bobemiae
1422 2066 1521 2148 Digni·

328 2170 382 2231 tati
407 2169 513 2249 Regiae
543 2169 676 2228 Domino
697 2178 797 2230 nostro
821 2168 1063 2232 Clementissimo
1086 2191 1230 2253 magnum
1259 2169 1352 2232 affert
1375 2165 1517 2248 gaudium,

329 2266 588 2345 maximopereque
602 2265 755 2346 probatur,
770 2264 853 2344 quod
870 2265 962 2326 Sacro
975 2267 1114 2328 Romano
1134 2264 1274 2348 Imperio
1292 2263 1401 2325 fideles
1419 2271 1449 2321 et
1460 2259 1520 2318 obe·

331 2364 447 2425 dientes
461 2361 625 2434 Electores,
643 2361 813 2444 Principes,
833 2374 864 2425 et
881 2373 974 2425 status
992 2364 1032 2425 ad
1049 2364 1279 2426 convocatorias
1297 2381 1395 2442 nuper
1408 2360 1519 2427 litteras,

330 2459 414 2521 nullo
427 2458 529 2520 habito
542 2469 680 2540 respectu
693 2460 900 2521 bellicosorum
912 2469 1081 2542 temporum
1100 2470 1130 2523 et
1146 2460 1401 2522 difficillimorum
1418 2458 1449 2517 in
1466 2454 1520 2513 Ro·

330 2575 420 2617 mano
435 2556 568 2636 Imperio
582 2564 730 2631 motuum,
745 2558 939 2638 sepositisque
951 2559 1091 2619 omuibus
1104 2556 1171 2618 aliis
1179 2553 1409 2639 impedimentis
1422 2549 1519 2633 partim

332 2652 363 2712 in
377 2670 514 2732 persona,
528 2652 638 2732 purtim
649 2672 703 2733 per
713 2653 887 2733 spectabiles
899 2655 977 2715 viros
988 2654 1180 2716 Consiliarios
1189 2662 1220 2715 et
1228 2654 1350 2737 legatos
1360 2649 1520 2711 obedienter

332 2748 574 2829 comparuerint:
601 2748 682 2809 unde
705 2748 851 2831 Mejestas
868 2770 922 2811 sua
939 2750 1027 2811 facile
1048 2760 1132 2812 notat
1151 2749 1340 2811 laudabilem
1361 2746 1453 2808 selum
1472 2759 1520 2821 pro

330 2844 426 2926 petria
438 2843 637 2926 pacificanda,
652 2853 742 2924 etque
755 2865 793 2905 ex
807 2855 867 2906 tam
882 2846 980 2907 subito
990 2856 1140 2907 conventu
1150 2845 1182 2905 in
1193 2855 1254 2906 tam
1266 2845 1370 2907 brevis
1379 2836 1519 2922 proposito

330 2939 472 3021 temporis
485 2938 614 3001 termino
627 2938 720 2999 alium
735 2940 875 3023 colligere
886 2961 945 3003 non
957 2950 1064 3024 potest,
1075 2962 1166 3023 quam
1179 2941 1346 3015 Electores,
1359 2935 1517 3013 Principes,

331 3054 366 3095 ac
381 3044 474 3095 status
488 3036 519 3095 in
536 3036 598 3097 suis
612 3035 771 3117 deputatis,
793 3037 976 3098 instruendis
993 3038 1241 3119 dimittendisque
1258 3057 1382 3099 omnem
1400 3031 1518 3112 diligen-

331 3131 404 3189 tiam
419 3130 602 3203 adhibuisse,
614 3132 763 3213 simulque
777 3143 876 3213 sperat
889 3153 992 3195 omnes
1004 3135 1170 3196 sufficiente
1187 3135 1397 3208 instructione,
1417 3140 1447 3191 et
1461 3124 1516 3206 ple·

331 3226 498 3306 nipoteutia
511 3227 554 3288 ita
567 3228 738 3300 instructos,
753 3240 786 3289 ut
799 3230 839 3290 ad
851 3228 958 3290 horum
972 3231 1162 3293 comitiorum
1173 3232 1258 3291 omni
1271 3252 1311 3292 ex
1330 3240 1413 3313 purte
1431 3218 1518 3283 utilis·

332 3322 441 3383 simum
456 3342 578 3403 scopum
592 3325 743 3387 mediante
758 3326 862 3386 diviua
880 3327 1047 3389 assistentis
1065 3328 1206 3410 pertingi,
1228 3338 1259 3389 et
1276 3327 1318 3389 ad
1335 3333 1466 3408 optatum
1483 3314 1516 3374 fi·

332 3440 402 3481 nem
417 3437 478 3499 quo
491 3419 591 3496 citius,
605 3421 663 3483 hoe
677 3422 784 3483 melius
798 3424 948 3503 perveniri
961 3424 1065 3505 possit.

373 3515 414 3576 Et
426 3534 516 3595 quem
531 3514 578 3575 vis
591 3516 709 3578 dubitet
722 3538 759 3578 ex
773 3516 881 3579 litteris
893 3518 912 3579 a
925 3538 980 3580 sua
993 3520 1131 3582 Caesarea
1145 3521 1307 3603 Majestate
1320 3519 1359 3579 ad
1371 3532 1457 3597 quem
1475 3504 1515 3566 vl!

332 3612 519 3683 Electorum,
541 3610 731 3693 Principum,
749 3623 933 3675 aestatuum
951 3618 1110 3698 separatim
1128 3618 1237 3693 missis,
1256 3616 1375 3679 abunde
1391 3601 1516 3690 quemvis

332 3707 512 3769 intellexisse
526 3728 631 3769 causas
644 3710 683 3770 ob
696 3730 769 3791 ques
783 3711 823 3771 ed
837 3711 960 3773 comitia
972 3712 1037 3773 haee
1050 3713 1214 3776 indicenda
1229 3722 1377 3775 commotu
1391 3706 1437 3777 ⁸51,
1451 3714 1512 3779 (1¹¹²
