3225 4700
494 341 894 412 rrrrvnnsnrorr.
1243 345 1288 412 45
1341 435 1350 448 .

84 517 183 559 mum
198 496 395 560 Proditorem
409 496 553 580 principis
565 519 625 560 non
637 499 719 562 lento
732 501 831 583 gradu
846 499 1013 562 festinavit:
1035 498 1114 561 inter
1126 497 1289 580 proceden-

86 595 174 655 dum
195 613 267 654 cum
284 595 351 676 jam
372 594 559 676 propylaeum
581 596 737 678 attigisset,
754 597 806 658 uni
828 596 957 658 militum
975 595 1100 657 solvitur
1112 595 1287 676 sclopstnm,

89 690 183 770 quod
197 690 348 752 incautius
361 711 454 752 mann
467 693 610 767 versabat,
620 693 653 754 id
666 702 764 754 tamen
777 692 821 754 nil
829 693 994 774 quidquam
1004 692 1136 754 turbavit
1142 691 1175 752 in
1187 691 1287 752 domo.

92 785 280 868 Ingreditur
298 787 400 868 itaque
417 796 485 850 ante
503 807 607 849 omnes
617 790 684 870 jam
699 809 778 870 soepe
794 789 963 850 nominatus
984 788 1165 870 Capitaueus
1187 788 1288 849 Deve-

93 901 188 956 roux,
200 903 332 963 cumque
343 903 449 964 perum
463 903 604 965 suspenso
618 885 714 967 gredo
724 895 929 965 perstreperet,
942 893 1081 946 monetur
1093 885 1113 946 a
1125 883 1238 945 furnulo
1250 884 1290 945 ud

93 979 211 1040 uatium
227 978 324 1041 Ducis
341 979 517 1052 excubante,
531 991 566 1041 ut
584 981 717 1043 modeste
729 982 859 1053 incedat,
873 1002 912 1042 ne
929 980 989 1062 qud
1003 981 1085 1042 Duci
1098 979 1290 1042 decumbenti

93 1074 269 1136 molestiam
284 1075 388 1136 cieret.
430 1075 488 1137 Oui
507 1075 678 1152 Deverour,
697 1097 756 1137 non
775 1097 838 1138 esse
846 1077 912 1158 jam
926 1077 978 1138 illa
990 1086 1134 1158 tempora,
1150 1075 1290 1158 quibuad

94 1171 196 1231 turbis
209 1179 307 1245 vacet,
322 1191 403 1232 nune
421 1173 668 1254 perstrepeudum
685 1193 757 1246 esse,
777 1172 924 1253 simulque
942 1173 1019 1234 ostio
1037 1173 1167 1235 cubiculi
1183 1193 1289 1254 appro-

95 1268 252 1348 pinquans
266 1268 435 1329 obseratum
452 1269 715 1350 repetitumque
733 1269 835 1342 olevia,
854 1290 944 1350 quem
960 1268 1091 1330 famulus
1109 1269 1128 1330 d
1144 1268 1291 1329 cubiculis

96 1364 279 1437 abduxerat,
301 1384 361 1431 non
380 1372 456 1425 esset
476 1365 515 1426 ud
535 1385 668 1441 manum,
686 1375 731 1427 ter
751 1386 868 1428 summo
880 1367 995 1447 impetn
1011 1366 1044 1426 in
1059 1366 1169 1427 ostium
1182 1365 1290 1446 pedem

96 1459 198 1532 illisit,
213 1459 300 1521 irrito
318 1468 391 1521 tune
411 1461 533 1540 quidem
552 1472 671 1534 conatu,
689 1463 789 1541 itaque
807 1462 847 1522 ed
865 1462 1072 1523 auxiliandum
1090 1483 1127 1523 ex
1145 1461 1291 1522 militibus

96 1557 163 1617 suis
177 1556 374 1617 fortissimum
396 1556 516 1630 accivit,
535 1557 597 1618 und
618 1557 706 1618 simul
730 1558 895 1631 incurrens,
917 1578 972 1618 nec
992 1567 1065 1620 tunc
1086 1559 1207 1639 quidem
1224 1577 1290 1638 per·

97 1652 204 1734 fregit,
218 1653 260 1712 ad
280 1652 419 1733 quintum
432 1653 562 1734 denique
581 1653 742 1735 impulsum
762 1653 924 1714 Deveroux
939 1653 1019 1714 solua
1033 1674 1129 1716 seram
1145 1654 1289 1736 perrupit,

99 1749 291 1830 gradumque
309 1748 341 1808 in
359 1747 503 1810 cenchre
520 1731 709 1830 promereris,
727 1751 825 1831 primo
843 1759 964 1829 aspectu
981 1750 1077 1829 petiit,
1096 1760 1210 1810 eaaetne
1227 1750 1291 1830 ipse

101 1843 232 1926 Imperii
245 1855 276 1905 et
288 1843 416 1906 Caesarie
428 1846 584 1925 proditori
626 1846 688 1908 Sed
701 1845 833 1927 responsi
845 1845 911 1907 loco
924 1845 969 1905 nil
981 1845 1061 1921 tulit,
1075 1845 1134 1906 nisi
1144 1845 1291 1906 labiorum

101 1939 344 2015 commotionem,
370 1941 434 2002 sine
451 1941 607 2003 articulati
627 1961 711 2003 voce.
755 1941 818 2003 Hic
835 1961 896 2002 non
917 1943 1018 2003 statim
1040 1941 1208 2002 feriendum
1228 1960 1292 2002 esse

102 2033 367 2097 Wallensteiuium
380 2037 508 2117 putarit,
523 2039 575 2099 sed
589 2039 806 2120 expectendum
822 2039 920 2118 potius
937 2037 1098 2112 tantillum,
1112 2038 1185 2098 dum
1198 2056 1231 2098 se
1251 2037 1292 2098 ad

104 2131 210 2192 Deum
223 2142 418 2207 converteret,
433 2132 577 2216 signaque
591 2134 711 2196 contriti
724 2135 818 2195 animi
831 2135 942 2206 ederet,
963 2155 1033 2194 cum
1053 2135 1126 2195 verb
1142 2135 1187 2194 nil
1202 2133 1292 2216 quid-

103 2247 196 2309 quam
205 2227 362 2301 obtineret‚
374 2229 406 2289 in
415 2229 546 2301 indusio,
559 2227 636 2288 sicut
648 2236 720 2288 tunc
731 2236 803 2299 erat,
815 2226 915 2288 hastili
925 2248 979 2309 per
985 2226 1039 2287 ilia
1051 2226 1145 2287 infixo
1158 2226 1299 2288 fidente

104 2323 180 2385 siml
189 2322 334 2400 confodit,
349 2345 387 2387 ex
400 2345 460 2407 quo
473 2326 536 2389 ictu
544 2323 790 2385 Wullensteiuius
803 2343 893 2404 quum
907 2343 978 2385 mox
990 2323 1132 2399 concidit,
1147 2322 1293 2385 animem·

105 2441 163 2501 que
176 2441 231 2502 per
243 2419 352 2481 vulnus
365 2422 473 2483 emisit.
507 2422 557 2481 Ita
570 2420 649 2481 orbis
661 2422 803 2501 probrum
817 2421 1003 2501 Caesadsque
1017 2420 1136 2481 infamis
1149 2420 1292 2501 proditor,

101 2516 269 2597 jusfissimi
278 2516 339 2577 Dei
346 2536 438 2578 manu
449 2518 581 2594 vindice,
592 2516 687 2577 scelus
700 2538 789 2577 suum
798 2514 975 2599 dignissimi
984 2525 1079 2577 morte
1092 2516 1159 2577 luit.
1180 2515 1293 2577 Cavete

107 2614 212 2673 Duces
225 2612 289 2693 ejus
302 2612 421 2695 ingredi
435 2614 570 2696 vestigia,
584 2632 622 2675 ne
635 2612 784 2674 consimili
797 2624 892 2675 morte
903 2632 1005 2693 poeuas
1017 2612 1162 2694 pendatis.

147 2709 251 2788 Hujus
273 2709 427 2791 tragoediae
447 2719 561 2771 actores
583 2729 636 2769 seu
658 2718 837 2790 spectatores
858 2709 957 2790 potius
976 2710 1097 2770 fuerunt
1114 2709 1131 2768 e
1149 2706 1295 2769 militibus

108 2804 295 2868 Butleriunis
307 2806 431 2887 triginta
443 2806 562 2867 circiter
572 2806 649 2867 inter
659 2826 734 2886 quos
742 2806 803 2866 duo
815 2805 909 2882 Secti,
919 2826 996 2867 unua
1009 2805 1175 2885 Hispanus,
1186 2803 1295 2885 reliqui

108 2901 225 2972 Iberni,
235 2900 288 2981 qui
302 2902 362 2963 und
375 2923 445 2963 cnm
457 2902 619 2963 Deveroux
634 2902 762 2963 cadaver
775 2903 886 2963 mortui
899 2911 997 2983 tapete
1009 2900 1216 2971 obvoluerunt,
1228 2919 1294 2961 car-

109 3018 250 3079 rncteque
270 2996 456 3080 impositum,
478 2998 569 3079 quim
586 3018 656 3058 mon
677 2999 716 3058 ad
743 3018 843 3059 arcem
870 2998 1068 3059 deduxerunt.
1124 2996 1191 3057 Nec
1211 3016 1296 3057 mora

108 3095 253 3177 inscripta
271 3116 324 3158 seu
351 3094 568 3157 cancellarium
593 3093 751 3155 Fridl‘endi
772 3094 948 3176 indagatum
972 3103 1027 3167 est,
1049 3112 1155 3154 currus
1175 3092 1294 3173 aliaque

109 3192 174 3273 ejus
183 3192 261 3253 bona
273 3194 305 3254 in
324 3190 424 3253 tutum
436 3191 538 3253 locum
551 3199 704 3250 convecta.
746 3189 872 3252 Postero
885 3210 973 3251 mene
988 3188 1132 3251 Butlerus
1146 3208 1250 3250 omnes
1262 3188 1295 3249 iu

109 3288 183 3349 urbe
206 3288 376 3351 Colonellos
400 3288 484 3363 adiit,
503 3306 554 3347 eos
575 3285 666 3347 etiam
687 3288 740 3367 qui
763 3295 837 3348 tnnc
857 3286 933 3347 fortl
954 3306 1009 3366 pro
1030 3285 1149 3346 moeniia
1169 3284 1297 3346 tentoria

111 3382 237 3446 fixerant
250 3395 280 3447 et
292 3385 402 3447 stativa
420 3384 560 3445 tenebant
577 3382 857 3463 Wullensteiuiique
878 3383 982 3444 noxias
996 3380 1141 3463 strophas,
1163 3382 1201 3442 ob
1222 3402 1297 3463 ques

106 3482 193 3562 jussu
216 3481 346 3544 Caesaris
363 3490 459 3541 morte
479 3479 622 3541 multatus
644 3478 748 3541 fuisset
770 3479 906 3560 pluribus
925 3480 1052 3561 aperuit,
1073 3497 1236 3559 omnesque
1257 3478 1297 3538 ed

111 3577 203 3639 tidem
215 3578 320 3654 Cesar
338 3578 438 3639 denuo
452 3576 614 3657 jurandam
635 3576 873 3657 servandamque
888 3576 965 3637 scrib
980 3575 1114 3637 hortatus
1127 3584 1181 3648 est,
1205 3594 1297 3655 quam

112 3673 156 3736 illi
171 3694 204 3737 sa
219 3674 380 3757 interjectu
397 3672 528 3755 corporis
542 3692 578 3734 ac
595 3672 865 3756 vituperantium
882 3682 1068 3756 receperunt.
1109 3670 1193 3732 Dein
1210 3688 1298 3749 expc-
