3225 4700
464 330 870 403 ITINDRARIUM.
1200 336 1255 399 '121

88 481 235 544 Brisaei
248 482 362 545 interea
374 504 444 546 cum
459 485 615 547 Generalis
628 495 842 549 tormentorum
857 486 1024 549 Praefeotus
1039 488 1122 549 Baro
1135 488 1173 549 de
1187 487 1260 548 Rei·

35 578 135 639 nach
161 579 257 640 omni
279 600 310 640 se
333 600 389 661 cpe
411 581 532 643 destitui
551 582 677 658 videret,
696 604 753 645 uec
773 584 934 645 liberuudse
961 583 1135 645 munitionis
1157 584 1257 645 locum

35 684 106 735 aut
119 675 262 735 modum
275 675 371 737 ullum
384 687 585 759 cognosceret,
598 698 654 739 uec
665 688 828 760 superesset
838 680 869 741 iu
881 682 952 741 urbe
962 700 1113 761 quosnam
1122 698 1258 741 suorum·

35 790 115 856 que
132 770 240 831 vitam
251 772 373 851 postbac
385 773 554 847 sustineret,
567 782 699 835 extreme
711 775 986 857 famessummeque
995 776 1115 837 miseria
1130 774 1256 835 militem

35 868 234 947 caeteroqui
247 868 412 943 cordatum,
427 869 467 930 ud
484 869 616 930 mitiores
634 890 785 931 sermones
796 872 912 953 adegit.
961 871 1151 933 Duodecimo
1164 870 1258 951 igitur

40 961 250 1023 Decembris
258 964 468 1044 tympanistam
475 964 571 1038 illum,
579 984 669 1045 quem
676 975 745 1027 ante
753 986 862 1047 peuces
872 966 959 1028 horas
967 966 1138 1029 Colonellus
1146 964 1255 1026 Erlsch

39 1058 279 1135 intromiserat,
294 1079 331 1119 ex
344 1061 418 1121 urbe
430 1060 553 1135 remisit,
565 1082 635 1122 cum
647 1061 867 1123 officiosissimis
884 1062 987 1138 literis,
1003 1061 1156 1141 exquibus
1168 1058 1256 1121 facile

43 1155 162 1215 notari
171 1164 299 1235 poterat,
312 1176 381 1217 eum
394 1156 518 1235 quidem
531 1157 620 1217 certis
633 1166 663 1217 et
674 1154 805 1218 honestis
818 1158 1037 1219 conditionibus
1055 1156 1159 1217 urbem
1172 1154 1256 1215 dedi·

43 1260 178 1325 turum,
196 1252 343 1334 rogabant
358 1251 429 1313 verb
445 1261 479 1312 ut
494 1272 548 1331 pro
562 1253 674 1333 majore
690 1252 844 1332 utriusque
863 1254 954 1334 partis
970 1253 1127 1315 securitate
1139 1250 1256 1311 obsides

47 1346 220 1427 utrimque
234 1346 432 1422 mitterentur,
455 1348 553 1427 quosd
573 1356 661 1429 pacta
680 1347 938 1410 concluderentur.
988 1350 1055 1411 Nec
1078 1347 1173 1408 multb
1186 1354 1256 1406 ante

49 1441 266 1502 amicissimas
276 1443 399 1504 omnino
411 1443 557 1505 literussd
566 1444 664 1525 ipsum
672 1444 828 1504 Wimariae
838 1444 954 1506 Ducem
964 1445 1087 1507 dederet
1095 1440 1257 1503 Reinschi·

52 1557 110 1610 us,
127 1537 242 1617 quibus
257 1539 428 1599 commodas
442 1540 565 1621 rogabat
580 1539 775 1600 conditiones.
818 1537 884 1601 Has
902 1538 1059 1601 Reiuachii
1074 1540 1174 1600 litores
1183 1557 1253 1599 cum

56 1632 143 1691 Dux
157 1632 334 1695 Bernartius
346 1634 476 1716 legisset,
490 1635 615 1695 consilio
627 1635 735 1696 bellico
748 1645 862 1709 coacto,
885 1635 1039 1696 nunciavit
1051 1626 1200 1715 expedire,
1220 1641 1255 1694 ut

55 1730 130 1807 ipse
140 1729 238 1808 pactis
250 1749 350 1790 coram
362 1730 531 1791 interessetr
547 1731 654 1810 Itaque
666 1739 749 1791 sexto
761 1730 878 1792 decimo
893 1730 1069 1789 Decembris
1079 1730 1156 1789 ultrb
1165 1730 1254 1791 citro·

56 1844 127 1903 que
137 1824 371 1905 missisprimum
378 1826 540 1902 obsidibus,
549 1826 751 1907 septendecim
761 1836 872 1907 puncta
882 1822 1065 1886 Reinschius
1072 1824 1181 1894 emisit,
1189 1825 1256 1905 qui·

58 1921 125 1979 bus
137 1921 176 1980 ab
188 1921 365 1982 adversariis
376 1922 523 1982 subscribi
535 1921 640 1996 voluit,
654 1922 707 1982 sed
717 1920 818 1981 omnia
830 1921 882 1981 vix
896 1920 984 1990 lecta,
1000 1920 1220 1999 quamprimdm
1237 1920 1255 1979 b

59 2016 159 2077 Duce
175 2017 460 2079 Bemardoremissa
471 2026 551 2093 sunt,
565 2017 799 2097 nunciatumque
812 2016 963 2078 victoriosi
978 2014 1075 2076 Ducis
1083 2034 1155 2088 esse,
1174 2014 1254 2096 leges

60 2132 122 2172 seu
135 2113 244 2193 gratias
257 2114 356 2195 potius
368 2113 456 2174 victis
467 2111 668 2193 prescribere,
683 2112 745 2192 ipse
758 2111 851 2193 igitur
861 2111 961 2172 omnia
969 2119 1058 2192 pactu
1067 2110 1106 2171 ed
1115 2119 1253 2191 quatuor-

62 2208 169 2269 decim
182 2210 280 2289 capita
289 2210 418 2283 reduxit,
432 2208 490 2271 hoc
502 2208 563 2269 fere
577 2227 638 2288 quo
650 2216 814 2287 sequuntur
827 2208 927 2267 modo.

110 2304 140 2366 Ι.
162 2304 345 2368 Conceditur
365 2302 509 2368 Genereli
530 2312 744 2366 tormentorum
764 2300 941 2365 bellicorum
965 2301 1113 2365 Praefecto
1138 2302 1252 2366 Duroni

64 2402 107 2462 de
127 2401 261 2462 Reiuach
277 2400 500 2464 commendanti
518 2399 550 2460 in
568 2397 706 2472 Drisaoh,
716 2410 751 2460 ut
765 2399 929 2460 cumomni
943 2399 999 2460 sibi
1013 2400 1133 2460 subditc
1145 2400 1250 2475 milite,

63 2497 247 2576 reliquisque
259 2497 374 2558 duobus
388 2495 550 2559 Colonellis
563 2493 866 2570 FscheretWirtzeu,
876 2494 1015 2575 omnique
1024 2495 1250 2568 comitatu,eum

63 2593 154 2652 omni
167 2592 309 2653 memuctu
322 2592 430 2653 bellico
442 2591 570 2652 oneratis
583 2589 701 2665 fistulis,
716 2599 777 2650 tam
791 2589 906 2670 pedites
920 2611 1010 2671 quam
1032 2591 1144 2671 equites
1162 2591 1251 2651 salvis

65 2688 132 2748 suis
143 2688 227 2748 rebus
239 2689 376 2750 omnibus
389 2687 591 2769 egrediantur.
619 2685 717 2747 Offert
724 2695 868 2766 praeterea
876 2685 949 2746 Dux
959 2685 1251 2748 Wimariensisiame

65 2784 209 2844 miserum
221 2784 252 2844 in
266 2785 389 2845 modum
402 2782 552 2844 exhaustis
564 2781 719 2855 militibus,
733 2781 765 2842 iu
778 2781 854 2842 duos
874 2781 939 2843 dies
962 2781 1156 2843 sufficientem
1169 2803 1249 2843 com·

67 2889 208 2942 meatum.
248 2879 324 2942 Vult
336 2889 370 2940 ut
382 2898 459 2940 nono
472 2877 589 2940 decimo
603 2877 780 2938 Decembris
793 2877 923 2959 egressio
933 2877 1111 2952 instituatur,
1126 2887 1156 2938 et
1169 2885 1251 2938 ante·

67 2997 160 3056 quam
172 2996 205 3037 es
216 2975 280 3050 fiat,
294 2977 419 3056 imperat
431 2983 465 3036 ut
476 2974 534 3034 sibi
546 2973 703 3034 traduntur
715 2972 830 3054 aliquot
850 2993 886 3034 ex
900 2973 1058 3054 praecipuis
1081 2992 1250 3056 propugne-

67 3073 154 3135 culis.

110 3169 157 3228 II.
178 3167 221 3229 Ut
234 3167 376 3241 omnium,
391 3167 498 3248 quibus
510 3165 596 3247 aquis
608 3165 788 3227 descendere
807 3163 972 3226 collibitum
987 3163 1088 3238 fiterit,
1101 3185 1147 3226 res
1155 3165 1246 3227 sslvae

71 3273 100 3324 et
114 3263 272 3325 incolumes
287 3264 485 3345 Argentiusm
506 3283 610 3343 usque,
631 3280 685 3342 per
706 3259 825 3340 quasvis
848 3259 1038 3321 Brisacenses
1058 3280 1148 3321 naves
1171 3260 1246 3342 (uni

72 3359 240 3422 nominatim
252 3367 349 3418 certas
360 3357 399 3417 ob
412 3377 514 3418 canses
527 3355 662 3438 excepti)
678 3355 858 3429 deierantur,
874 3354 931 3415 bic
947 3363 1045 3418 tamen
1062 3357 1242 3432 conditione,

74 3466 105 3517 ut
117 3465 319 3516 nautoeomues
331 3452 380 3514 vel
389 3451 567 3534 Argentini,
579 3453 628 3513 vel
641 3452 732 3524 certe,
743 3449 842 3511 siistio
851 3450 977 3511 aliarum
987 3463 1144 3515 nautarum
1159 3454 1245 3534 copis

75 3551 195 3614 difficilis
206 3551 289 3625 foret,
305 3547 543 3630 Philippoburgo
558 3547 718 3607 Brisacum
731 3545 795 3606 sine
810 3543 892 3606 mord
905 3548 1100 3609 remittentur.

110 3647 174 3708 ΙΙΙ.
202 3644 380 3729 indulgetur
397 3643 530 3706 Domino
552 3642 666 3704 Buroui
683 3640 722 3702 de
743 3640 890 3717 Reiuacb
901 3650 931 3703 et
947 3643 1012 3724 ejus
1029 3644 1119 3706 militi
1136 3653 1169 3704 ut
1182 3643 1244 3705 duo

692 3757 713 3797 n
