3225 4700
349 316 414 380 402
741 303 1166 373 ITINERARIUM.

351 467 600 539 accommodatas,
618 484 689 526 uum
706 461 847 525 omnibus
863 461 924 522 fere
939 460 1164 542 impedimentis
1179 480 1214 522 ao
1228 468 1400 522 commeatu
1414 459 1559 520 obtinuit.
1592 501 1593 506 η

354 567 474 628 Eadem·
483 564 641 625 occasione
654 561 746 622 etiam
761 559 951 621 Montorium
963 557 1205 620 Florentiuorum
1216 557 1357 640 potestati
1366 577 1398 618 se
1409 555 1560 637 permisit.

394 663 579 736 Quaerebant
592 658 739 742 pontificii
749 656 1015 739 'opportunitatem
1028 656 1066 718 de
1082 655 1166 718 hoste
1179 675 1234 717 suo
1247 675 1278 717 se
1293 653 1477 716 vindicandi
1491 673 1560 732 que

352 762 423 822 sane
438 780 499 820 non
513 759 568 819 diu
584 757 699 818 abfuit:
719 755 856 816 exierant
872 753 1040 814 Florentiui
1056 752 1157 814 nescio
1174 753 1379 833 cujusductu,
1392 763 1429 812 ut
1442 751 1560 810 molen-

352 857 459 917 dinum
472 855 597 934 aliquod
611 853 693 934 quod
710 851 903 914 Montecorni
916 851 1080 922 visebatur,
1094 851 1256 912 diruerent.
1299 849 1394 922 Quod
1407 858 1447 910 ut
1461 848 1561 928 ponti-

351 952 415 1012 ficii
435 951 639 1032 explorarunt,
656 971 727 1011 cum
743 969 904 1010 numeroso
925 947 1020 1009 milite
1038 947 1192 1008 irruerunt
1207 968 1243 1008 ac
1260 957 1420 1008 sexcentos
1438 947 1560 1007 circiter

351 1059 553 1130 peremerunt,
568 1048 751 1129 quingentos
761 1047 833 1107 verb
848 1045 922 1106 alios
936 1045 966 1104 in
982 1043 1104 1104 vincula
1118 1045 1276 1118 dederunt,
1290 1065 1326 1104 ex
1343 1055 1414 1106 octo
1434 1045 1559 1125 insuper

351 1146 518 1219 tormentis,
538 1165 609 1226 quae
631 1143 798 1205 Florentiui
819 1141 1019 1214 adduxerant,
1033 1141 1227 1203 medietatem
1240 1141 1364 1202 omuino
1385 1143 1556 1224 intercepe-

350 1251 432 1303 runt.

391 1338 459 1401 Nec
468 1338 627 1420 iniquiore,
637 1337 771 1398 feliciore
785 1336 857 1396 saue
867 1333 969 1396 Marte
980 1341 1157 1416 pugnarunt
1166 1333 1251 1396 Galli
1263 1335 1302 1396 ad
1314 1334 1535 1396 Pontesturam
1547 1357 1556 1395 :

351 1445 506 1517 postquam
520 1435 602 1494 enirn
617 1434 744 1496 Octobri
756 1453 858 1494 mense
873 1432 955 1492 buno
967 1431 1078 1503 locum,
1090 1451 1161 1492 cum
1172 1431 1316 1492 tredecim
1328 1432 1463 1493 millium
1475 1453 1560 1494 exer·

350 1534 413 1594 citu
435 1533 598 1594 cinxissent
616 1540 648 1592 et
666 1541 815 1592 tormenta
835 1529 966 1590 sedecim
988 1539 1034 1589 ter
1055 1528 1185 1610 geminis
1205 1529 1314 1610 spaciis
1334 1530 1559 1601 distinxiseent,

350 1627 483 1689 maximi
494 1629 615 1702 virtute,
628 1639 658 1689 et
666 1627 817 1690 continuis
828 1635 1045 1688 tormentorum
1057 1625 1235 1706 impulsibus
1245 1627 1363 1687 connisi
1373 1639 1451 1689 aunt
1460 1629 1559 1708 primo

352 1745 472 1806 quoque
488 1736 620 1805 tempore
636 1725 821 1786 deditionem
841 1743 1012 1804 procurare,
1026 1723 1170 1784 videbant
1187 1724 1268 1784 euim
1289 1725 1363 1784 verb
1378 1725 1491 1804 quanti
1506 1745 1559 1784 sua

352 1823 516 1893 interesset,
529 1834 562 1882 ut
575 1822 688 1882 securis
701 1822 805 1882 liceret
820 1821 997 1892 Taurinum,
1017 1821 1182 1892 Cassalam,
1198 1831 1229 1882 et
1243 1821 1349 1882 elia
1321 1841 1440 1882 curcum
1456 1822 1593 1884 vicina

351 1918 418 1979 loca
437 1938 614 1980 commeare
656 1918 724 1979 Neo
741 1921 823 1980 certe
838 1918 971 1980 consiliis
985 1919 1082 1980 defuit
1098 1919 1252 1994 fortunus
1244 1928 1324 1978 rutra
1343 1939 1460 1998 paucos
1475 1919 1559 1979 enim

350 2015 416 2076 dies
425 2015 485 2075 ad
476 2035 556 2096 ipsae
566 2036 660 2096 usque
670 2016 764 2076 fossas
779 2025 983 2096 penetrarunt,
999 2025 1088 2096 abque
1101 2015 1173 2076 hinc
1186 2016 1282 2077 latum
1296 2036 1349 2096 per
1361 2016 1480 2076 moeuia
1494 2009 1593 2076 adi-
1592 2063 1593 2138 p

351 2121 417 2173 tum
430 2113 653 2192 adpsrueruut'
645 2121 689 2173 rta
701 2123 735 2172 ut
747 2113 858 2174 obsessi
873 2112 934 2174 suis
947 2113 1063 2174 viribus
1077 2112 1203 2186 diffisi,
1195 2133 1225 2172 ru
1240 2132 1338 2174 arcem
1358 2131 1391 2174 so
1410 2111 1593 2224 colligere

350 2209 448 2270 coacti
468 2208 588 2270 fuerint.
634 2209 697 2269 Ubi
716 2210 855 2289 equidem
878 2230 939 2271 nou
959 2209 1104 2272 defuisset
1120 2210 1238 2270 animus
1261 2208 1410 2290 Hispanis
1427 2191 1593 2270 viriliter

350 2327 440 2388 porro
451 2305 625 2378 obsistendi,
637 2307 728 2368 modo
742 2305 791 2367 vel
803 2305 957 2367 levissima
970 2305 1097 2369 subsidii
1110 2326 1177 2389 spes
1191 2304 1360 2381 affulsisset,
1375 2326 1471 2387 quam
1488 2305 1593 2387 quia

350 2405 469 2485 penitus
489 2404 644 2465 evanuisse
665 2405 809 2473 sciebant,
824 2424 893 2465 oum
916 2403 1015 2465 Gallis
1037 2405 1158 2465 modern
1178 2403 1292 2485 pacisci
1309 2424 1340 2464 se
1353 2403 1593 2463 resolverunt.

352 2501 415 2562 Sed
422 2500 566 2581 quoniam
577 2511 663 2582 pacta
671 2511 877 2581 protraxerant
886 2500 1013 2569 diutule,
1023 2499 1199 2561 immitiores
1208 2498 1556 2581 repereruntGollorum

351 2597 530 2672 voluntates,
546 2618 602 2657 nec
615 2599 696 2659 enim
710 2597 794 2658 aliud
810 2600 968 2680 impetrare
983 2605 1154 2679 potuerunt,
1169 2596 1260 2677 quam
1278 2607 1312 2658 ut
1327 2616 1397 2658 cum
1412 2596 1489 2657 solis
1505 2618 1556 2657 en·

249 2730 255 2738 ·
351 2692 434 2755 sibus
456 2694 679 2775 egrederentur.
722 2694 913 2775 Repererunt
942 2695 1133 2758 Pontesturan
1153 2696 1282 2755 victores
1305 2694 1474 2755 duodecim
1497 2705 1555 2754 tor·

352 2802 455 2851 menta
467 2792 655 2871 campestria,
670 2793 800 2854 ducenta
812 2792 935 2874 pulvere
949 2794 1059 2853 referta
1068 2812 1150 2865 vasa,
1163 2791 1209 2852 bis
1222 2790 1305 2852 mille
1314 2790 1421 2873 globos
1431 2791 1556 2861 ferreos,

350 2897 551 2948 commeatum
563 2887 593 2948 iu
604 2897 733 2967 quatuor
744 2908 860 2949 menses
868 2888 1076 2961 sufficientem,
1086 2889 1195 2949 exinde
1204 2909 1234 2949 se
1245 2886 1328 2949 Galli
1341 2887 1496 2968 bipartitis
1505 2908 1555 2969 ag·

351 2982 483 3043 minibus
491 2982 670 3058 diviserunt,
681 2984 880 3065 parsquidem
887 2985 978 3046 aliam
985 2984 1282 3047 obsidionemmolita
1290 2993 1344 3057 est,
1353 3003 1423 3064 pars
1430 2985 1507 3045 vero
1516 2984 1554 3043 ad

350 3080 468 3161 praedas
478 3101 531 3161 per
542 3080 803 3143 Mediolanensem
815 3092 844 3143 et
856 3081 1076 3143 Navarreusem
1092 3082 1274 3155 districtum,
1286 3102 1368 3143 more
1377 3080 1511 3142 militari
1523 3101 1554 3141 se
1592 3140 1593 3153 ,

350 3176 468 3238 effudit.
511 3176 633 3239 Gallica
644 3198 764 3258 quoque
778 3179 810 3239 in
824 3177 1006 3239 Catalauuia
1019 3198 1089 3239 oum
1103 3178 1250 3259 Hispanis
1263 3178 1389 3239 dissidia,
1400 3176 1554 3239 ferventer
1590 3190 1593 3247 ξ

349 3275 525 3335 continuata
538 3284 609 3335 suut
658 3274 866 3335 Numerabant
880 3274 908 3333 iu
924 3294 978 3336 suo
987 3276 1126 3337 exercitu
1142 3276 1273 3357 Hispani
1287 3296 1395 3337 novem
1412 3276 1552 3355 peditum

348 3380 381 3431 et
395 3372 452 3431 tria
466 3371 600 3451 equitum
616 3392 677 3431 non
692 3371 821 3452 amplius
841 3371 948 3447 millia,
964 3392 1034 3433 cum
1055 3373 1166 3453 quibus
1185 3371 1413 3453 Beluquierium
1434 3384 1552 3435 tentare

349 3468 578 3541 constituerant,
595 3467 644 3528 fisi
661 3466 745 3529 Galli
765 3469 925 3549 cujusdam
942 3470 1047 3533 militis
1065 3470 1163 3536 verbis
1182 3490 1252 3531 oum
1268 3489 1329 3549 quo
1345 3470 1549 3551 proditionem

348 3566 534 3648 pepigerant.
576 3566 618 3626 Et
631 3566 702 3629 licet
715 3565 764 3627 bic
782 3578 852 3629 ante
867 3567 929 3647 ipse
947 3566 1083 3648 proditus
1097 3566 1198 3640 fuerit,
1213 3577 1243 3628 ot
1256 3566 1286 3627 in
1302 3566 1425 3629 vincula
1438 3566 1549 3648 impor-

348 3661 420 3721 tune
434 3662 597 3743 conjectus,
609 3664 700 3742 quam
715 3682 762 3723 res
774 3660 915 3725 effectum
930 3662 1096 3739 sortiretur,
1111 3671 1210 3726 tamen
1221 3663 1369 3747 progressi
1380 3674 1461 3726 suut.
1486 3666 1547 3727 Sed
1592 3658 1593 3661 '

1585 3778 1593 3847 ⁴
