3225 4700
482 361 889 430 ITINERARIUM.
1212 359 1276 426 393

60 514 214 578 Gelliam
228 517 364 602 relegati.
406 519 461 581 Eis
474 520 660 582 severissime
674 519 845 602 injunctum
860 538 958 599 nequa
970 519 1002 578 in
1017 518 1164 601 Angliam
1178 517 1277 580 redire

58 624 305 694 praesumerent.
348 615 486 688 Quodsi
511 617 580 698 quis
603 617 726 698 posthac
748 616 950 696 deprehensus
972 625 1059 690 esset,
1080 617 1151 698 jure
1173 615 1277 696 patrie

60 711 178 792 capite
197 711 318 792 culpam
339 711 495 774 luiturum.
538 714 606 776 Nec
626 713 723 774 multo
743 723 820 794 post,
843 712 899 773 hoo
919 723 963 773 cst
982 712 1142 774 undecimi
1162 712 1278 774 scilicet

62 809 192 868 mensis
206 808 284 869 Maii
297 809 387 891 pleno
399 821 504 872 serrato
518 811 673 872 decretum
687 820 732 872 est
746 810 890 884 Londini,
904 819 938 870 ut
954 830 1057 870 cruces
1071 809 1190 891 aliquas,
1205 810 1278 871 alia·

62 925 150 984 quas
164 906 337 969 orthodoxas
351 907 425 968 fidei
438 907 624 968 monimenta
635 908 655 967 d
665 895 754 968 casei
767 917 925 979 vetustate,
941 917 971 968 et
989 905 1144 968 catholicis
1157 908 1277 989 majori·

64 1002 257 1077 buserecta
271 1013 302 1064 et
314 1005 352 1065 ab
371 1004 533 1066 immortali
549 1013 686 1084 tempore
703 1003 735 1064 in
753 1024 823 1064 eom
842 1023 937 1084 usque
953 1003 1087 1078 tolerata,
1105 1005 1195 1085 quim
1217 1005 1277 1086 pri·

64 1103 165 1160 mdm
179 1101 314 1182 stirpitus
326 1102 524 1164 evellerentur
536 1101 693 1182 omnisque
706 1101 852 1162 memoria
865 1101 1041 1162 aboleretur.

120 1196 306 1258 Descierunt
326 1199 382 1259 sub
404 1197 585 1280 vigesimum
608 1209 725 1258 sextum
752 1199 864 1260 mensis
891 1197 1024 1280 Augusti
1045 1197 1064 1257 t
1085 1196 1279 1258 Parlamento

66 1303 212 1373 quatuor
224 1294 282 1354 viri
296 1295 451 1356 nobilitate
465 1304 496 1356 et
507 1296 685 1357 auctoritate
701 1295 865 1376 precipui3
888 1294 998 1356 Comes
1016 1293 1131 1354 scilicet
1145 1294 1183 1379 ds
1200 1291 1278 1354 Hol-

67 1389 165 1464 land,
181 1390 293 1452 Comes
308 1392 347 1452 de
361 1392 501 1468 Bedfort,
519 1391 672 1454 Milordus
692 1392 832 1452 Lovslaw
846 1402 876 1454 et
893 1391 1046 1452 Milordus
1064 1389 1218 1470 Canabey‚
1234 1401 1279 1452 nt·

68 1509 141 1567 que
153 1489 193 1549 ad
206 1500 306 1570 partes
318 1489 417 1572 regias
435 1489 618 1551 transierunt
631 1508 692 1550 non
710 1488 777 1549 siue
794 1509 907 1570 magno
922 1487 1115 1549 incommodo
1128 1497 1158 1548 et
1176 1487 1279 1548 dolore

70 1584 209 1647 aliorum
224 1597 404 1648 senatorum.
444 1586 599 1649 Videbunt
612 1586 693 1647 euim
714 1599 862 1667 quantum
881 1606 918 1646 ex
935 1584 1054 1645 illorum
1069 1585 1202 1645 virorum
1217 1585 1278 1646 dis-

71 1683 217 1745 cessione
227 1684 319 1765 regiae
328 1682 473 1744 factiones
481 1683 658 1744 incrementi
669 1702 776 1763 oapere
786 1691 914 1762 possent
956 1682 1092 1762 Ideoque
1105 1681 1280 1742 maturrime

72 1779 297 1854 deliberarrmt,
315 1780 398 1860 quod
415 1779 593 1840 instantibus
614 1778 701 1840 malis
717 1779 883 1840 remedium
904 1778 1107 1852 adhiberetur,
1122 1789 1152 1839 et
1171 1779 1281 1858 quibus

73 1876 180 1956 pactis
189 1877 221 1936 iu
233 1897 303 1937 suas
312 1886 411 1958 partes
419 1875 502 1938 Scoti
512 1875 764 1956 pertraherentur.
785 1874 899 1935 Verum
911 1875 990 1936 anim
1002 1876 1073 1935 verd
1083 1893 1152 1936 cum
1163 1875 1281 1956 Ruper-

76 1984 132 2033 tus
141 1973 501 2054 Palatinusexinopiuuto
509 1974 662 2036 civitatem
672 1973 871 2036 Glocestriam
878 1971 980 2034 valido
987 1972 1119 2033 exercitu
1129 1972 1280 2046 cinxisset,

77 2071 209 2151 ipseque
221 2070 289 2132 Rex
301 2070 421 2131 civibus
433 2070 460 2131 si
474 2070 585 2133 dedere
597 2091 661 2132 sese
673 2069 795 2145 vellent,
807 2070 900 2152 regias
912 2070 1079 2131 clementie
1090 2070 1217 2150 gratiam
1232 2072 1283 2131 ob·
1370 2112 1372 2118 ·

78 2167 214 2240 tulisset,
227 2168 335 2229 meritd
349 2169 525 2230 metuebant
541 2168 629 2234 ambo
641 2176 773 2239 senatus,
792 2187 830 2227 ne
845 2165 961 2247 perditi
976 2167 1048 2228 urbe
1063 2165 1115 2226 int
1131 2175 1161 2226 et
1178 2165 1285 2227 accisis

81 2264 211 2326 aliunde
225 2265 339 2326 viribus
353 2264 519 2326 resistendo
531 2263 661 2344 impares
674 2263 791 2325 tierent.

129 2360 204 2423 Hoc
227 2374 261 2424 ut
283 2363 454 2425 devitarent
474 2361 599 2435 malum,
622 2360 707 2423 nulla
730 2360 827 2443 posits
850 2360 934 2425 mord
957 2360 1070 2442 legatos
1087 2361 1234 2423 miseruut
1253 2361 1284 2421 in

87 2460 223 2521 Scotiam
236 2468 266 2521 et
283 2459 568 2523 couioederutionsm
587 2467 828 2541 pertractarunt:
850 2478 886 2519 ao
905 2457 996 2517 simul
1010 2456 1196 2519 destinarunt
1210 2456 1286 2518 Glo-

87 2556 230 2617 cestriam
251 2556 410 2617 Euserium
431 2558 484 2636 qui
504 2555 687 2637 periclitanti
709 2555 777 2615 urbi
796 2564 992 2615 succurreret.
1036 2554 1108 2615 Non
1128 2553 1215 2615 latuit
1235 2554 1286 2614 ad·

87 2663 199 2714 ventus
219 2653 339 2714 Essexii
359 2652 468 2735 regios,
483 2652 538 2713 sed
557 2651 699 2732 quoniam
715 2651 850 2726 sciebant
870 2650 1099 2712 tumultuarium
1116 2661 1285 2731 temereque

88 2748 256 2811 conflatum
270 2749 421 2811 adducere
434 2749 562 2811 militem
580 2749 709 2809 duorum
725 2748 842 2809 scilicet
860 2746 988 2808 millium
1007 2758 1037 2809 et
1053 2748 1287 2830 quingentorum

88 2847 239 2928 equitum,
253 2846 344 2907 trium
360 2846 432 2907 verb
451 2845 582 2907 millium
600 2854 632 2906 et
648 2846 883 2928 quingentorum
900 2844 1046 2926 peditum,
1060 2846 1104 2906 nil
1121 2846 1287 2926 quidquam

89 2963 124 3005 se
138 2952 309 3012 moverunt,
322 2944 376 3004 sed
389 2943 483 3005 veluti
497 2952 580 3003 metu
598 2951 629 3003 et
647 2942 783 3022 periculo
796 2952 943 3023 expertes,
957 2942 1064 3023 partlm
1080 2942 1206 3004 sollicite
1219 2964 1287 3005 sues

90 3041 234 3103 stationes
253 3040 460 3102 observamnt.
503 3038 596 3111 Quod
616 3039 667 3101 ubi
686 3039 817 3101 advertit
836 3038 978 3100 Esseaius
994 3060 1024 3101 se
1043 3041 1203 3115 contemni,
1224 3040 1288 3102 ani-

91 3138 183 3199 matis
194 3138 238 3199 ad-
248 3137 365 3198 sortiter
378 3156 443 3197 rem
461 3136 625 3219 gerendam
640 3135 784 3200 militibus
800 3136 900 3211 irruit,
920 3136 1019 3219 regios
1036 3137 1115 3199 fudit
1134 3148 1165 3198 et
1184 3138 1287 3199 urbem

91 3234 249 3295 obsidione
262 3233 362 3295 solvit.

135 3331 183 3392 Re
203 3332 280 3393 beue
293 3329 413 3413 peracti
426 3328 599 3392 Londinum
613 3330 736 3412 parabat
756 3328 902 3391 Essexiue
919 3331 1060 3407 reditum,
1075 3341 1138 3393 tum
1149 3344 1187 3395 ut
1207 3354 1289 3395 seua·

93 3430 210 3492 toribus
222 3440 301 3490 esset
312 3426 452 3503 vicinior,
467 3436 532 3487 tum
546 3438 581 3489 ut
596 3428 678 3489 cives
692 3426 909 3500 londinenses,
923 3428 975 3508 qni
989 3448 1084 3510 nuper
1098 3429 1136 3489 ad
1145 3432 1211 3511 jam
1226 3432 1291 3493 dic·

94 3537 156 3587 tam
170 3524 391 3606 expeditionem
405 3523 572 3585 sciuerunt
590 3523 724 3585 comitati
739 3523 838 3585 salvos
859 3526 963 3606 patrias
983 3535 1013 3585 et
1026 3524 1093 3586 urbi
1111 3528 1290 3605 restitueret,

94 3634 159 3683 tum
175 3622 248 3682 vero
261 3621 311 3683 vel
320 3620 452 3682 maxims
466 3620 538 3701 quia
549 3624 732 3681 commeatts
746 3620 873 3702 penuria
887 3624 1030 3705 urgebat3
1052 3622 1112 3702 qud
1128 3634 1161 3686 ut
1176 3626 1233 3686 iter
1246 3626 1293 3687 in·

97 3718 205 3793 stituit,
227 3718 326 3799 regios
345 3717 418 3780 bino
438 3718 569 3799 indeque
588 3716 693 3778 habuit
712 3716 811 3779 hostes
831 3720 883 3799 qui
904 3720 1054 3781 continuis
1073 3720 1295 3784 velitationibus

673 3820 725 3875 31³
