3225 4700
346 311 412 376 336
759 299 782 366 I
789 300 1075 372 TINERARI
1084 299 1170 367 UM.

385 461 489 522 Rebus
502 458 583 520 bunc
597 458 629 519 in
648 458 773 519 modum
787 456 978 538 perturbatis,
997 455 1100 537 magni
1111 452 1213 537 Sigilli
1226 460 1335 529 custos,
1349 460 1517 534 postquam
1531 448 1547 508 i

343 558 495 642 superiore
504 557 596 618 domo
605 555 725 617 reniam
738 574 848 637 paucos
862 553 1031 615 diesanimi
1044 551 1179 613 carmin
1193 550 1336 612 viciniam
1351 548 1546 633 egrediendi,
1581 544 1582 585 ἶ

343 667 374 719 et
386 657 426 718 ad
438 655 620 737 captandum
634 652 784 735 puriorem
799 656 899 713 aerem
913 650 1081 732 prodeundi
1094 650 1126 709 in
1139 657 1288 729 apertum,
1307 647 1468 727 aliquanto
1483 646 1546 706 lon-

343 754 412 835 gius
425 752 604 823 obtinuerat,
617 770 688 811 eum
700 769 813 831 magno
826 747 933 830 Sigillo
947 748 986 808 ad
1001 747 1119 826 Regem
1131 766 1163 805 se
1176 744 1339 806 transtulit.

385 848 479 921 Quod
491 868 561 909 eum
579 846 771 929 magistratus
787 844 972 918 intellexere,
993 862 1111 903 summa
1129 861 1190 922 qua
1207 847 1370 921 potueruut
1389 838 1544 900 celeritate

343 947 384 1008 ad
401 946 516 1006 vicinas
533 946 623 1004 urbes
644 942 836 1016 nunciarunt,
853 950 887 1001 ut
907 940 932 1001 si
953 960 1013 1020 qua
1032 939 1169 1000 civitates
1188 945 1241 998 aut
1257 936 1370 1019 oppida
1388 937 1541 1007 transiret,

344 1051 396 1104 aut
408 1042 481 1103 alibi
494 1040 726 1121 conspiceretur,
742 1037 775 1097 vi
791 1036 978 1106 attineretur,
999 1044 1029 1097 et
1043 1035 1162 1096 vinctus
1177 1033 1351 1095 londinum
1366 1054 1439 1095 cum
1461 1033 1542 1093 suffi-

344 1140 441 1201 ciente
454 1137 591 1199 custodia
607 1135 819 1197 remitteretur.
860 1133 928 1194 Nec
940 1132 1048 1192 minori
1068 1152 1141 1193 cura
1157 1140 1302 1193 caverunt
1319 1150 1357 1190 ne
1378 1128 1541 1211 praecipua

344 1235 431 1317 regni
444 1233 591 1305 civitates,
605 1232 632 1292 si
650 1250 718 1311 quae
731 1230 806 1291 forte
821 1230 946 1311 imperia
960 1228 1028 1289 Rex
1043 1228 1083 1288 ad
1103 1248 1153 1289 eas
1171 1227 1336 1301 detulisset,
1353 1234 1409 1287 aut
1425 1224 1541 1285 litteras

343 1333 398 1393 sub
415 1332 527 1412 majore
546 1328 654 1411 Sigillo
673 1328 809 1409 expediri
829 1336 970 1399 curasset,
990 1324 1082 1386 fidem
1103 1335 1156 1386 aut
1175 1326 1267 1386 robur
1286 1323 1329 1385 eis
1349 1320 1539 1396 adhiberent,

343 1430 416 1510 quin
430 1428 528 1509 potius
539 1425 690 1507 ejusmodi
701 1425 815 1486 litteras
828 1434 881 1487 aut
893 1423 1068 1505 diplomata,
1083 1421 1167 1484 nulla
1180 1422 1338 1503 interjecta
1351 1440 1449 1491 mora,
1464 1420 1540 1479 Lou-

271 1552 276 1559 ’
342 1528 449 1588 diuum
469 1524 653 1605 ablegarent.
1239 1584 1242 1591 Α

385 1622 551 1682 Decretum
567 1620 701 1702 insuper,
720 1640 775 1701 per
789 1617 979 1701 jurisperitos
998 1617 1212 1691 examinatum,
1229 1615 1279 1677 edi
1293 1616 1466 1696 jusserunt,
1481 1636 1539 1695 quo

344 1715 510 1797 probabant
527 1714 680 1774 neminem
699 1713 890 1775 subditorum
912 1712 950 1773 ad
971 1732 1056 1773 arma
1075 1714 1226 1792 captanda
1245 1733 1299 1795 pro
1320 1713 1409 1793 Rege
1433 1713 1537 1785 teneri,

342 1812 497 1891 multoque
516 1812 616 1871 minus
629 1810 698 1892 cogi
718 1828 813 1890 posse,
828 1808 882 1869 sed
895 1817 925 1868 et
938 1827 999 1880 eos,
1013 1808 1067 1887 qui
1080 1809 1147 1889 jam
1160 1810 1200 1870 ad
1212 1830 1297 1869 arma
1317 1808 1536 1877 convolassent,

343 1918 529 1969 sacramento
541 1907 664 1968 militari
671 1906 838 1980 solvebant,
848 1905 907 1965 nisi
916 1904 983 1985 quis
994 1905 1072 1966 forte
1086 1925 1195 1967 nomen
1205 1905 1322 1967 militiae
1332 1906 1535 1967 consentiente

342 2005 522 2086 magistratu
535 2002 676 2064 dedisset.

384 2101 552 2162 Probrosus
565 2100 689 2160 omnino
701 2100 783 2161 cirea
794 2100 861 2161 boec
875 2101 979 2162 eadem
993 2110 1128 2181 tempora
1141 2102 1279 2163 currebat
1293 2100 1427 2161 Iondini
1438 2121 1535 2161 rumor

343 2198 492 2280 Reginam
501 2196 616 2257 scilieet
628 2196 761 2278 Anglioe,
772 2198 856 2278 apud
867 2196 1038 2259 Hollsndos
1048 2198 1189 2259 universa
1201 2198 1286 2281 regni
1300 2197 1422 2258 cimelia
1432 2198 1533 2279 oppig-

341 2314 461 2357 noraase
473 2293 612 2356 ducentis
624 2312 783 2354 aureorum
799 2293 942 2368 millibus,
956 2314 1081 2376 eamque
1097 2296 1255 2376 pecuniam
1270 2295 1310 2356 ad
1322 2293 1454 2377 Regiam
1470 2294 1533 2356 Ma·

337 2394 478 2475 jestatem
495 2392 612 2453 cambio
630 2391 804 2464 destinasse,
823 2411 880 2452 nec
896 2392 998 2453 deesse
1015 2391 1213 2471 Collybistam
1229 2393 1261 2452 iu
1279 2393 1364 2464 urbe,
1385 2393 1440 2473 qui
1456 2413 1533 2454 cam·

342 2491 436 2552 biales
455 2490 569 2551 litteras
585 2510 639 2570 pro
657 2489 790 2550 sedecim
810 2508 968 2549 aureorum
986 2488 1129 2563 millibus,
1147 2489 1227 2571 Regi
1245 2490 1468 2572 quamprimum
1482 2513 1532 2550 nu·

343 2588 504 2663 meraudis,
526 2587 690 2648 exhiberet.
737 2586 831 2647 Unde
852 2585 1043 2667 magistratus
1070 2585 1226 2646 dicebatur
1246 2586 1385 2662 vetuisse,
1410 2607 1449 2648 ne
1471 2587 1533 2667 quis

343 2684 523 2765 Collybistes
544 2683 636 2745 ullam
658 2683 817 2765 pecuniam
836 2681 916 2763 Regi
937 2702 972 2742 eo
996 2681 1116 2743 nomine
1137 2683 1357 2758 transcriberet,
1379 2685 1433 2764 qui
1453 2706 1532 2747 secus

342 2780 470 2855 fecisset,
481 2779 652 2861 cogendum
663 2799 700 2839 ex
712 2778 835 2860 proprio
848 2787 974 2859 argento
987 2777 1026 2838 ad
1036 2778 1062 2858 ej
1068 2775 1171 2840 uadem
1181 2798 1306 2840 summas
1315 2781 1531 2862 magistratibus

341 2877 569 2938 restitutionem.

382 2975 432 3034 Ex
444 2973 491 3033 bis
505 2971 711 3052 similibusque
722 2970 789 3033 aliis
802 2971 875 3032 satis
890 2970 1080 3032 manifestum
1095 2981 1149 3046 est,
1167 2973 1288 3054 quantis
1301 2974 1437 3036 dissidiis
1451 2977 1530 3059 regni

341 3079 435 3131 status
448 3090 518 3130 cum
533 3068 618 3151 Rege
631 3088 686 3129 suo
700 3067 890 3129 dissiderent.
933 3067 994 3128 Sed
1012 3088 1077 3144 nos,
1091 3067 1138 3130 bis
1153 3088 1313 3151 parumper
1328 3073 1475 3152 sepositis,
1495 3074 1530 3134 ad

341 3166 495 3228 ulteriores
508 3185 561 3246 per
573 3165 733 3248 imperium
746 3185 899 3226 successus
913 3165 1134 3241 transferamus,
1149 3165 1182 3228 id
1195 3168 1278 3247 quod
1290 3170 1426 3250 sequenti
1440 3169 1530 3252 capite

341 3283 564 3345 prosequemur.
