3225 4700
476 360 500 425 I
503 359 555 425 TI
559 358 771 427 Nartes!
779 360 866 430 UM.
1208 367 1267 433 149

51 509 248 574 censebatur
266 510 377 575 Comes
399 514 557 597 Fuggerus
575 536 646 577 cum
667 514 787 578 Gemite
809 517 848 578 de
870 518 964 599 Hoys,
985 518 1196 601 innumerique
1215 520 1268 582 alii

50 608 231 689 precipuas
244 608 408 672 nobilitatis
421 612 548 686 Herses,
561 632 637 693 quos
650 611 829 675 nominatim
842 634 1017 695 percensere
1029 615 1156 699 longum
1166 637 1203 679 ac
1213 626 1269 679 ter-

53 704 183 765 diosum
198 704 290 767 foret.
338 706 411 767 Nou
425 708 549 770 aberant
561 708 653 770 totius
665 707 749 769 urbis
761 710 954 791 tympanistae
973 710 1006 771 in
1023 714 1173 775 consuetis
1192 714 1271 797 togis

56 802 175 878 rubeis,
193 822 327 883 qaorum
340 810 486 885 tympana
497 804 696 887 preferebant
709 802 910 867 Illustrissimi
924 807 1077 891 Principis
1091 810 1129 871 de
1144 810 1268 893 Eggeu-

55 898 134 980 berg
149 898 300 983 iusignia,
314 898 367 960 filo
379 920 470 963 aureo
482 911 514 963 et
526 900 649 982 byssino
661 900 917 982 sumptuosissime
928 905 1088 967 elaborata.
1131 907 1192 969 His
1197 908 1271 990 jun·

57 994 220 1075 gebautur
230 994 391 1057 tubicines
404 1016 467 1058 sua
482 996 659 1059 Sanctitatis
672 1016 732 1056 nou
746 995 847 1059 miuus
861 1007 951 1060 cantu
963 1019 1055 1081 quam
1065 1002 1173 1063 vestitu
1187 1002 1272 1081 clari,

57 1098 125 1151 tota
142 1111 270 1173 quoque
287 1092 358 1154 aula
373 1093 531 1174 pontificia
548 1112 700 1175 purpureo
716 1090 821 1153 habitu
844 1096 1017 1176 conspicua,
1036 1096 1172 1179 interque
1193 1098 1270 1161 hauc

59 1186 235 1251 Piueernoe
250 1198 281 1251 et
296 1188 495 1264 cubicularii,
509 1210 586 1272 qnos
598 1189 709 1251 usitata
721 1188 868 1252 Romanis
881 1190 992 1273 phrasi,
1007 1202 1093 1255 extra
1104 1213 1206 1256 muros
1217 1216 1271 1256 vo·

59 1293 143 1347 aaut.
190 1285 324 1347 Silentio
338 1286 574 1369 haudquaquam
588 1284 839 1369 praetermittendi
857 1298 927 1350 suut
950 1284 1112 1351 duodecim
1138 1290 1270 1373 Hispani

59 1401 96 1442 ex
109 1382 277 1464 praecipua
290 1383 447 1466 Hesperias
460 1384 583 1466 majoris
597 1381 752 1443 nobilitate
764 1381 897 1458 oriundi,
911 1384 966 1466 qui
985 1386 1141 1467 stupendas
1154 1389 1271 1471 magui·

61 1479 181 1541 tudinis
195 1489 322 1560 torques
333 1501 439 1543 aureos
446 1477 897 1559 artificiosissimeadstuporem
905 1480 1086 1544 intuentium
1095 1482 1271 1547 fabrefactus

63 1585 94 1636 et
106 1576 281 1638 elaboratos
291 1576 370 1639 collo
382 1576 509 1639 insertos
523 1576 690 1660 gestabant,
698 1581 808 1634 oaewro
817 1594 937 1658 quoque
948 1578 1056 1641 vestitu
1066 1599 1188 1661 operose
1196 1582 1271 1646 culti

64 1673 105 1733 ad
117 1693 248 1735 omnem
259 1673 365 1735 luxum
378 1674 567 1736 incedebant.

107 1769 158 1831 Ut
178 1779 306 1832 ventum
327 1770 412 1832 esth
434 1769 663 1834 Perhonoriiico
684 1770 884 1836 Illustrissimi
906 1770 1052 1853 principis
1078 1792 1114 1834 ac
1139 1774 1271 1839 Casarei

67 1865 182 1949 legati
191 1867 385 1930 comitatuad
393 1867 540 1949 templum
547 1867 580 1930 S.
593 1867 701 1943 Rochi,
710 1868 877 1931 contiuuoe
887 1866 920 1929 S.
931 1866 1045 1949 Augeli
1054 1867 1274 1935 castellosoluta

68 1971 144 2024 sunt
156 1963 309 2028 horrendo
320 1964 509 2048 perurgentis
526 1964 695 2047 sulphurati
711 1965 844 2049 pulveris
863 1963 981 2047 fragore
999 1971 1148 2026 tormenta
1164 1966 1272 2031 bellica

68 2058 226 2139 plurima=
240 2062 559 2143 quibusreliquaurbs,
571 2083 639 2143 qun
650 2064 728 2125 forte
738 2062 821 2124 domi
832 2080 887 2143 pro
896 2060 1007 2123 tedium
1017 2060 1154 2123 custodia
1166 2063 1272 2127 relicta

70 2154 186 2231 fuerat,
200 2159 297 2219 excita
309 2168 371 2221 est:
394 2158 580 2220 mirabantur
587 2159 721 2222 universi
730 2169 792 2222 tam
800 2157 977 2219 inusitatum
984 2156 1181 2239 triumphum.
1208 2159 1271 2224 sed

71 2250 227 2333 imprimis
246 2254 286 2317 ad
305 2265 456 2337 stuporem
477 2256 649 2317 excitabant
669 2257 824 2318 Romanos
848 2254 1021 2317 Germaniae
1038 2274 1174 2334 proceres
1192 2278 1271 2321 novo

72 2350 166 2412 modo
187 2353 399 2414 diversissimis
414 2352 565 2414 coloribus
582 2355 693 2431 vestiti,
708 2350 973 2436 sumptuosissimis
986 2353 1067 2414 euim
1081 2350 1148 2414 telis
1161 2356 1269 2432 aureis,

72 2448 235 2528 argenteis,
250 2449 458 2525 Damascenis,
469 2448 651 2525 holosericis,
659 2449 799 2531 byssinis,
811 2447 976 2524 uudulatis,
986 2442 1270 2534 preciosissimisque

74 2545 182 2623 pannis
190 2547 505 2628 indutiprocedebaut.
520 2545 639 2618 Quibus
645 2547 690 2608 nil
696 2545 1121 2628 quidquamcedebsutaemuli
1129 2547 1271 2611 Sabaudi.

76 2638 272 2725 Pracipuam
288 2664 360 2706 rero
377 2644 499 2706 laudem
515 2644 706 2705 merebantur
718 2641 823 2704 Aulioi
837 2641 936 2704 Duois
949 2643 987 2706 de
1000 2642 1131 2706 Poruolo
1143 2663 1272 2726 quornm

76 2736 261 2801 cultissimus
276 2739 410 2815 vestitus,
425 2748 456 2801 et
470 2740 510 2801 ab
525 2747 589 2800 arte
603 2739 734 2822 elegans,
747 2745 779 2800 et
791 2737 810 2799 h
823 2739 925 2820 precio
934 2749 1133 2822 sumptuosus,
1149 2751 1180 2805 et
1192 2742 1211 2804 h
1223 2763 1273 2806 oo·

75 2831 173 2897 lorum
181 2836 331 2900 varietate
338 2836 518 2919 spectabilis,
526 2835 624 2898 omnis
631 2834 834 2898 multitudiuis
848 2835 983 2898 obtutum
992 2836 1024 2896 iu
1032 2857 1063 2897 se
1071 2841 1272 2902 convertebat.

116 2931 269 3016 Pompam
281 2934 361 2996 hano
373 2933 592 3016 triumphalem.
599 2952 718 3014 quoque
730 2952 784 2994 sua
796 2933 955 3016 prasentia
962 2933 1146 2996 exornabant
1153 2933 1276 3018 Capita·

80 3029 126 3091 nei
141 3031 330 3094 Turmarum
348 3051 411 3094 sua
425 3029 610 3105 sanctitatis,
627 3049 696 3111 qua
709 3030 750 3091 ad
762 3029 888 3090 tutelam
899 3031 1032 3112 corporis
1043 3030 1200 3095 Pontifieii
1209 3035 1276 3097 des-

81 3126 225 3202 tinantur,
239 3128 375 3212 magistri
387 3128 461 3190 item
475 3127 733 3198 ceremoniarum,
742 3127 803 3188 duo
817 3126 1018 3207 insuperequi
1028 3128 1236 3207 operosissima
1245 3141 1276 3194 et

80 3225 299 3302 preciosissima
315 3224 377 3287 tela
392 3223 522 3299 instrati,
540 3223 762 3319 quorumlalter
779 3222 819 3283 ad
837 3222 1014 3304 Principem
1029 3223 1067 3284 de
1081 3223 1274 3310 Eggsnberg,

82 3320 112 3380 in
129 3322 297 3408 legatione
312 3322 371 3384 hae
389 3321 520 3385 Castris
532 3319 613 3382 vices
626 3329 791 3404 gerentem,
805 3319 933 3380 altered
948 3319 1069 3382 Ducem
1087 3322 1126 3384 de
1145 3322 1289 3387 Poznolo'

82 3421 243 3496 spectabat,
257 3420 312 3482 hos
325 3420 379 3502 qui
392 3419 551 3494 ducebant,
564 3437 687 3480 suorum
700 3416 873 3498 principum
886 3423 992 3478 ornatu
1010 3425 1041 3479 et
1055 3417 1153 3481 colore
1167 3423 1275 3484 vestie·

84 3511 201 3591 bantur,
211 3516 291 3599 ipsos
300 3515 452 3599 principes
461 3522 622 3597 presentes
630 3514 765 3587 dixisset,
774 3513 833 3575 nisi
842 3511 896 3594 qui
905 3511 1025 3594 pedites
1030 3513 1164 3578 vidisset.
1194 3517 1275 3580 Cum

85 3614 164 3692 cquis
183 3615 291 3678 videre
313 3622 377 3676 erat
396 3612 527 3675 tricenos
543 3611 721 3693 pedisequos
739 3609 894 3691 Principis
907 3609 946 3671 de
964 3609 1157 3695 Eggenberg,
1173 3633 1274 3695 pauno

86 3711 195 3774 murice
213 3710 309 3774 tiueto
326 3719 357 3772 et
373 3707 539 3772 holoserico
557 3707 692 3788 ejusdem
712 3707 821 3769 coloris
838 3703 970 3782 suffulto,
989 3707 1274 3791 argentois'quoque
