3225 4700
350 350 414 414 246
740 341 1143 410 ITINERARIUM.

392 494 431 556 In
454 513 514 574 quo
535 493 771 574 omnipotentem
796 492 897 553 Deum
922 490 1094 572 placabunt,
1115 508 1152 549 ac
1176 484 1427 570 promovebunt
1452 483 1556 563 lmpen'i

352 609 508 652 commune
521 590 645 663 bonum,
660 590 823 650 tuebuntur
835 589 962 670 patriam
975 588 1014 649 ab
1027 586 1156 648 instante
1169 585 1278 658 ruina,
1295 600 1461 660 suamque
1473 579 1559 642 Cesa-

352 707 432 748 ream
452 684 642 766 Majestatem
658 699 782 767 paterna
798 686 950 748 voluntate
968 705 1005 746 ac
1022 684 1160 746 Cesum
1176 681 1288 765 gratia
1301 679 1369 741 sibi
1383 677 1558 746 devinciant.

351 804 419 864 quae
433 782 618 864 paratissima
630 793 675 846 est
693 783 776 844 omni
799 792 909 844 conatu
929 783 1060 862 arripere
1080 791 1112 842 et
1128 779 1279 841 effectum
1300 777 1399 848 dare,
1421 776 1560 856 quidquid

351 880 391 941 ad
399 879 530 942 Romani
539 877 664 959 Imperii
674 879 916 941 restaurationem
926 887 958 940 et
966 879 1116 959 privatum
1128 878 1285 958 cujusque
1294 873 1437 935 membri
1448 872 1556 946 bouum,

350 977 425 1037 utile
443 986 473 1036 et
492 975 659 1056 proficuum
678 995 740 1036 esse
754 977 927 1056 judicatum
945 976 1046 1038 firerit.
1088 978 1203 1036 Actum
1216 973 1255 1034 in
1270 971 1431 1034 Caesarea
1443 979 1475 1030 et
1486 968 1558 1029 Sacri

351 1072 482 1134 Romani
496 1071 621 1153 Imperii
634 1071 729 1133 libera
742 1073 816 1134 urbe
829 1072 1050 1147 Ratisbonensi,
1065 1070 1197 1132 incuria
1212 1069 1356 1144 ibidem,
1377 1069 1417 1126 1³
1433 1064 1554 1148 Septen·

350 1169 422 1244 bris,
436 1170 529 1230 Anno
544 1166 738 1230 M.Dc.XL.

831 1265 937 1326 Vidit:
1219 1262 1281 1340 (L.
1298 1261 1353 1337 S.)

711 1359 939 1422 Faunrrurrnus
952 1362 1061 1423 Cossus
1074 1361 1199 1422 Koara.

1044 1473 1068 1535 J
1070 1493 1190 1534 esurus
1204 1474 1378 1546 Βοιωιω,
1395 1468 1518 1533 Doctor.

393 1653 472 1716 Haec
486 1653 647 1736 propositio
660 1655 734 1716 dum
748 1656 897 1738 legeretur
910 1655 1017 1738 Legati
1032 1655 1204 1716 Electorum
1220 1657 1257 1716 iu
1273 1656 1438 1718 consuetis
1451 1651 1550 1715 subsel-

351 1753 401 1814 liis
420 1751 571 1826 sederunt,
590 1761 620 1812 et
640 1753 754 1833 quoties
772 1753 872 1814 Sacrae
891 1752 1037 1814 Oaesareae
1060 1752 1233 1833 Majestatis
1255 1755 1383 1814 mentio
1405 1753 1484 1812 facta
1502 1759 1547 1821 est,

352 1869 414 1911 sese
428 1858 596 1920 erexerunt,
612 1849 828 1929 decentemque
841 1848 1039 1910 reverentiam
1056 1849 1238 1929 imperatori
1251 1849 1475 1921 exhibuerunt,
1488 1845 1544 1906 reli·

351 1945 479 2026 quitum
499 1945 703 2006 Ecclesiastici
717 1966 807 2026 quam
822 1945 989 2008 Saeculares
1007 1946 1176 2028 Principes,
1191 1947 1437 2027 absentiumque
1450 1942 1545 2004 Consi·

351 2041 430 2104 liarii
444 2050 474 2102 et
488 2041 594 2123 legati
607 2051 671 2103 toto
684 2052 816 2122 tempore
830 2043 920 2104 crecti
934 2052 1088 2104 steterunt.

393 2139 485 2199 Lecta
498 2138 698 2219 propositione
713 2137 775 2199 Sua
785 2137 923 2199 Caesarea
933 2136 1078 2219 Majestas
1088 2140 1209 2200 brevem
1219 2139 1356 2218 quidem
1370 2138 1427 2199 sed
1437 2137 1543 2217 elegan-

351 2243 410 2296 tem
432 2245 462 2296 et
482 2255 642 2295 nervosum
661 2234 778 2294 addidit
797 2233 961 2316 epilogum,
982 2248 1159 2314 postquem
1180 2234 1366 2297 Electorurn
1388 2233 1492 2315 legati
1508 2230 1540 2290 ad

351 2332 504 2394 sinistrum
517 2330 595 2393 latus
608 2331 753 2403 coierunt,
767 2329 875 2410 reliqui
888 2349 958 2392 vero
976 2330 1136 2411 Principes
1148 2339 1210 2392 tam
1224 2332 1445 2393 Ecclesiastici
1463 2347 1539 2410 quam

353 2428 516 2491 Saeculares
531 2428 562 2488 in
577 2428 677 2489 medio
689 2427 766 2488 aulae
780 2447 811 2488 se
824 2427 1020 2509 collegerunt,
1030 2428 1256 2509 sententiasque
1269 2424 1538 2505 contuleruntquid

353 2524 422 2586 Suae
444 2524 598 2604 Majestati
618 2534 693 2585 esset
710 2524 970 2604 respondendum:
991 2523 1106 2585 collatis
1125 2525 1261 2586 consiliis
1276 2526 1404 2585 nomine
1417 2522 1538 2584 omnium

351 2620 595 2701 Moguutinensis
616 2620 763 2681 Electcris
776 2620 973 2682 consiliarius
987 2631 1017 2682 et
1030 2620 1203 2702 Collegatus
1222 2622 1384 2683 Dominus
1405 2618 1535 2681 Nicolam

353 2716 502 2797 Georgius
519 2714 753 2797 Reigersperger
769 2718 925 2798 utriusque
948 2718 971 2779 J
974 2718 1035 2778 uris
1055 2716 1182 2792 Doctor,
1197 2719 1310 2780 eodem
1324 2718 1393 2779 loco
1414 2717 1466 2797 qui
1478 2714 1536 2775 Ca·

351 2832 451 2873 sarens
465 2810 648 2873 Secretarius
662 2811 792 2873 Aulicus
805 2813 1036 2893 propositionem
1047 2812 1233 2895 praelegerat,
1246 2816 1290 2875 cle
1305 2814 1452 2876 memoria
1464 2810 1534 2870 huuc

350 2909 382 2969 in
396 2907 519 2968 modum
533 2907 692 2989 peroravit.

389 3004 469 3066 Cum
495 3004 588 3066 debiti
614 3003 736 3065 honoris
765 3006 984 3085 subjectissime
1008 3006 1232 3089 significatione
1259 3017 1444 3089 acceperunt
1468 3004 1528 3064 ssu

351 3100 496 3162 Oaesareae
504 3100 872 3184 Majestatispropositnm,
880 3102 1107 3185 praelectamquc
1118 3106 1354 3187 propositionem
1364 3100 1529 3165 obedientis

351 3196 427 3257 simo
439 3206 575 3278 respectu
588 3197 799 3259 intellexerunt
814 3198 900 3259 Sacri
913 3200 1044 3261 Romani
1063 3200 1188 3282 Imperii
1203 3202 1368 3278 Electores,
1385 3197 1527 3275 Principes

351 3298 444 3353 status
457 3292 683 3373 absentiumque
698 3294 872 3356 Consiliarii
885 3316 921 3356 ac
936 3295 1060 3378 Legati:
1083 3298 1292 3379 Praeterquam
1306 3299 1389 3379 quod
1404 3295 1527 3356 universo

351 3387 416 3448 orbi
430 3407 491 3467 qua
503 3387 561 3449 late
573 3400 654 3469 patet
667 3391 791 3452 minime
805 3391 942 3473 ignotum
954 3402 1007 3454 est.
1045 3394 1206 3466 Quomodo
1217 3416 1278 3457 nou
1290 3405 1406 3457 tantum
1415 3393 1523 3469 Augus·

350 3484 473 3547 tissima
494 3488 645 3546 memoriae
666 3488 893 3549 Fanurrrunus
912 3488 960 3548 11.
982 3498 1114 3570 tempore
1134 3492 1362 3553 laudatissimus
1381 3488 1523 3551 Guberna-

350 3580 440 3643 tionis
454 3600 527 3652 suae,
541 3582 594 3641 scd
607 3592 637 3643 et
655 3583 721 3665 ipsa
732 3604 815 3644 nunc
830 3583 969 3645 Praesens
982 3585 1121 3647 Caesarea
1135 3588 1291 3670 Majestas,
1304 3586 1380 3649 nibil
1392 3581 1481 3665 potius
1493 3577 1519 3635 in

350 3676 489 3740 Romano
504 3676 635 3759 Imperio
649 3680 810 3761 spectarint
827 3680 1014 3762 ampliusque
1030 3686 1211 3761 curaverint,
1226 3706 1281 3747 nec
1295 3686 1451 3747 etiamnum
1463 3678 1518 3735 Aa·
