3225 4700
467 345 879 417 lTlNERARlUM.
1246 357 1287 426 87
1326 346 1332 360 '

57 500 206 582 suetoque
228 466 358 583 inipetu
376 500 462 563 nullo
479 500 555 583 pene
573 501 696 585 negotio
713 500 892 566 Custrinnm
906 502 939 564 in
957 504 1143 568 deditionem
1159 508 1287 590 sucepit,

58 607 149 679 cepto
167 598 240 659 illic
255 598 513 661 Vico-Colonello
528 619 590 661 uno
603 608 633 661 et
647 600 868 682 quinquaginta
883 600 1003 663 circiter
1016 601 1204 680 officialibus,
1218 605 1289 667 reli-

59 716 136 773 quus
150 694 250 757 miles
266 696 389 759 Caeseri
398 698 503 779 jurare
515 705 637 759 coactus
650 706 705 759 est.
748 695 818 758 Hic
832 706 922 759 nocte
934 699 1029 760 nostri
1044 700 1205 783 Drsgones
1216 722 1288 763 cnm

60 791 125 851 aliis
138 790 332 874 legionibus
344 794 384 856 ed
397 792 514 855 hostem
527 794 747 874 insequendum
759 794 845 855 missi
854 803 934 857 sunt.
970 796 1158 859 Ductoribus
1169 798 1288 861 Comite

64 890 100 949 de
120 888 424 975 Schwurmenbnrg,
447 890 542 953 Petro
562 889 683 952 Gdtzio.
735 890 817 953 Cum
837 891 869 952 in
890 890 1074 976 Quensburg
1092 895 1288 973 venissemus,

64 986 204 1048 solennes
227 988 369 1051 thzius
387 988 517 1050 instituit
534 987 649 1069 epulus,
666 987 802 1068 sdeoque
820 1008 852 1050 se
870 988 1062 1070 (pudendum
1082 990 1197 1069 dicere)
1215 991 1288 1054 vino

65 1083 277 1167 ingurgitavit
291 1096 378 1148 utne
389 1094 530 1147 tesserem
542 1085 666 1166 quidem
680 1084 842 1147 militarem
855 1086 1079 1148 excubitoribus
1091 1088 1163 1149 dure
1176 1098 1289 1168 posset;

63 1180 142 1258 qnod
156 1182 249 1243 tanto
266 1184 373 1265 msgis
385 1182 586 1265 periculosum
600 1190 674 1258 eret,
688 1182 801 1263 quuntb
815 1181 908 1243 hostis
921 1189 986 1243 erst
998 1183 1138 1245 vicinior.
1181 1184 1231 1247 Ne
1244 1193 1289 1247 tu·

68 1296 133 1337 men
148 1278 287 1340 omnino
307 1281 373 1341 sine
387 1278 510 1342 militari
526 1278 636 1340 tessere
650 1287 723 1341 tnnc
737 1298 905 1363 ageremus,
920 1280 1115 1341 excubiarum
1128 1281 1290 1363 prefectus

66 1394 133 1435 cum
146 1376 261 1437 multis
273 1376 424 1439 Gdtuinm
436 1376 635 1439 temulentum
647 1375 846 1452 sollicitasset,
856 1396 913 1438 nec
927 1376 1004 1438 ullus
1017 1377 1191 1439 mticulstes
1200 1398 1289 1441 voces

70 1472 158 1533 abeo
179 1475 388 1555 exprimeret,
406 1473 627 1535 inarticulatum
644 1473 769 1535 tandem
788 1481 905 1551 notens,
924 1493 1052 1555 eumque
1072 1495 1129 1537 ceu
1144 1484 1289 1537 tesseram

70 1568 125 1628 sibi
138 1568 249 1631 dutum
265 1570 480 1653 interpretans,
492 1569 609 1651 reliquo
622 1568 713 1631 militi
726 1568 889 1631 distribuit.
932 1570 1060 1632 Postero
1074 1572 1125 1633 die
1138 1592 1176 1632 ex
1190 1572 1288 1654 inspe-

72 1674 132 1725 rato
145 1664 245 1727 hostis
262 1668 427 1730 classicum
441 1668 510 1730 ceni
517 1668 616 1751 jubet,
630 1675 779 1729 utcontra
791 1674 894 1727 nostre
906 1676 1004 1729 cestre
1019 1688 1193 1751 progressus
1210 1690 1289 1751 prse-

71 1760 144 1823 linm
160 1762 275 1826 offert:
300 1784 372 1826 cum
385 1766 458 1828 verb
472 1764 566 1828 nostri
579 1764 641 1826 unt
654 1784 716 1825 non
730 1771 840 1836 esseut,
850 1765 965 1824 cessere
977 1762 1210 1843 aliquantulum,
1218 1786 1290 1827 mox

73 1859 142 1919 verb
161 1881 218 1941 per
241 1862 426 1925 Custrinnrn
443 1874 602 1948 pergentes
621 1864 738 1944 reliquo
759 1871 862 1923 nostro
879 1860 969 1924 militi
990 1882 1021 1922 se
1035 1861 1182 1945 jungunt,
1202 1870 1237 1923 nt
1256 1863 1289 1925 in

76 1954 190 2019 hostem
206 1959 318 2022 denuo
335 1960 430 2037 irent;
451 1982 542 2043 quem
560 1961 688 2023 viriliter
705 1959 840 2042 aggressi
858 1958 1011 2020 fuderunt.
1054 1958 1094 2018 In
1111 1957 1169 2019 hoc
1185 1959 1291 2040 prelio

79 2051 378 2139 Brundenburgions
393 2059 479 2121 miles
499 2078 562 2141 prm
579 2056 702 2139 reliquis
723 2057 845 2119 leudem
861 2056 941 2131 tulit,
963 2056 1034 2138 Ipse
1054 2056 1136 2116 euim
1157 2054 1292 2118 Sereuis·

78 2148 170 2212 simus
188 2152 459 2238 Brundeubnrgiss
474 2156 549 2217 Dux
564 2153 717 2237 propriam
735 2174 820 2216 susm
834 2152 998 2236 Legionem
1011 2152 1121 2227 emisit,
1135 2173 1203 2235 qnoe
1216 2154 1292 2216 odeo

80 2245 192 2311 sortiter
206 2250 239 2311 in
254 2250 376 2313 hostem
389 2252 529 2334 perrexit,
543 2261 577 2314 ut
589 2260 698 2334 preter
712 2271 815 2326 cresce,
827 2250 911 2313 mille
924 2249 1105 2332 quingentos
1117 2250 1148 2311 in
1163 2252 1291 2333 captivi-

80 2350 166 2406 tatem
187 2348 368 2412 sbdnxerit'
405 2348 551 2412 Confecto
568 2347 674 2431 praelio
694 2347 910 2411 Serenissimns
929 2346 1053 2410 Elector
1074 2347 1290 2412 Brundenbur·

81 2441 174 2522 gicus,
190 2445 371 2508 Gallussum
385 2467 456 2509 cum
469 2447 551 2508 omni
565 2449 658 2529 prope
673 2446 799 2508 Ducum
813 2443 922 2520 turmd,
937 2445 977 2506 ed
990 2463 1124 2506 mensem
1138 2444 1289 2509 invitavit.

82 2535 166 2600 luter
178 2544 395 2623 prendendum
412 2545 450 2606 de
468 2543 529 2606 lide
544 2543 676 2605 militum
690 2543 721 2603 in
736 2540 889 2603 Caessrem
902 2551 969 2603 orte
984 2541 1216 2616 sermocinsti03
1237 2543 1291 2604 nbi

82 2647 211 2700 mentem
224 2661 316 2704 snum
329 2661 389 2703 non
404 2641 505 2703 celeus
517 2641 639 2702 Elector
652 2638 763 2701 diserte
776 2637 865 2713 dixit,
879 2637 985 2700 mirari
998 2658 1030 2700 se
1043 2637 1291 2702 Cusssreenorum

88 2731 209 2798 Ducum
222 2739 412 2813 vecordium,
422 2737 556 2820 quicum
566 2735 682 2798 hostem
696 2734 882 2810 conclusum,
893 2755 954 2796 non
967 2755 1053 2796 secns
1062 2755 1099 2796 su
1112 2735 1224 2816 piscem
1235 2735 1293 2798 reti

87 2837 137 2891 sut
158 2832 294 2915 leporem
320 2835 411 2918 plagi
432 2833 588 2897 venatoris
613 2831 881 2906 tenementum
908 2831 1018 2894 temem
1037 2830 1116 2893 elsbi
1142 2831 1291 2894 sivissent.

89 2925 178 2998 Quod
200 2953 275 2994 cum
300 2931 455 2995 Gullussns
479 2932 562 2995 serie
586 2951 728 2992 excusers
749 2938 875 2992 conatus
897 2930 1012 3005 fuisset,
1035 2929 1156 2992 teudem
1180 2930 1293 3012 cdjecit

88 3021 396 3112 Brundeuburgicus:
433 3029 499 3090 Etsi
526 3048 584 3111 ego
608 3028 647 3090 de
669 3026 759 3089 ruini
785 3026 900 3088 Putrioe
923 3029 1030 3108 purdm
1054 3026 1112 3088 sim
1133 3026 1290 3103 sollicitus,

87 3123 331 3208 quandoquidem
344 3135 442 3188 totum
457 3126 625 3208 Imperium
638 3144 758 3206 pessum
771 3124 815 3184 ire
825 3123 925 3200 rideo,
936 3122 993 3185 boc
1007 3133 1108 3186 tumen
1122 3124 1227 3187 scitote
1240 3146 1290 3187 me

92 3214 266 3300 Imperatori
280 3242 348 3284 meo
364 3221 485 3285 frendes
498 3233 612 3285 vestros
627 3231 858 3298 sccnssturnm3
879 3229 969 3303 utque
983 3221 1027 3283 itu
1042 3222 1153 3283 mensis
1165 3221 1291 3284 sublatis

93 3315 238 3399 utrimque
253 3319 424 3403 digressum
438 3329 493 3382 est.

131 3410 204 3477 Post
216 3418 359 3500 exiguum
374 3437 539 3499 pancorum
549 3415 667 3479 dierum
681 3436 807 3492 morsm,
818 3435 873 3478 nos
887 3416 1117 3499 Strsnsbergnm
1129 3416 1291 3488 movimus,

94 3505 228 3576 ldsrcbio
242 3514 316 3576 verb
328 3514 616 3598 Brendenburgicns
626 3513 771 3577 Cnstrino
783 3513 942 3576 Berliuum
955 3513 1106 3595 profectus
1117 3522 1172 3589 cet,
1183 3533 1244 3594 quo
1258 3513 1290 3572 in

97 3601 196 3669 itinere
211 3609 342 3673 cesaris
363 3613 512 3692 equitatus
534 3632 639 3674 currus
658 3611 806 3674 Electoris
827 3610 948 3686 inussit,
969 3620 1074 3672 contro
1093 3630 1184 3691 quern
1204 3628 1290 3670 snum

97 3696 211 3768 Elector
223 3707 324 3770 emisit
338 3707 511 3791 legionem,
526 3709 579 3791 qni
592 3709 697 3791 paucis
710 3708 795 3771 caesis
809 3707 911 3791 plnres
923 3716 1026 3790 coptos
1039 3707 1241 3783 obduxerunt,
1258 3714 1290 3766 et
