<?xml version="1.0" encoding="UTF-8"?>
<!DOCTYPE html PUBLIC "-//W3C//DTD XHTML 1.0 Transitional//EN"
    "http://www.w3.org/TR/xhtml1/DTD/xhtml1-transitional.dtd">
<html xmlns="http://www.w3.org/1999/xhtml" xml:lang="en" lang="en">
 <head>
  <title>
</title>
<meta http-equiv="Content-Type" content="text/html;charset=utf-8" />
  <meta name='ocr-system' content='tesseract 3.04.00' />
  <meta name='ocr-capabilities' content='ocr_page ocr_carea ocr_par ocr_line ocrx_word'/>
</head>
<body>
  <div class='ocr_page' id='page_1' title='image "./itinerariumthom00kerngoog_0257.png"; bbox 0 0 3225 4700; ppageno 0'>
   <div class='ocr_carea' id='block_1_1' title="bbox 475 336 1268 407">
    <p class='ocr_par' dir='ltr' id='par_1_1' title="bbox 475 336 1268 407">
     <span class='ocr_line' id='line_1_1' title="bbox 475 336 1268 407; baseline 0.001 -2"><span class='ocrx_word' id='word_1_1' title='bbox 475 336 869 407; x_wconf 78' lang='lat' dir='ltr'><strong><em>lTINERARIUM.</em></strong></span> <span class='ocrx_word' id='word_1_2' title='bbox 1208 342 1268 407; x_wconf 82' lang='lat'><strong>175</strong></span> 
     </span>
    </p>
   </div>
   <div class='ocr_carea' id='block_1_2' title="bbox 52 478 1341 3172">
    <p class='ocr_par' dir='ltr' id='par_1_2' title="bbox 52 478 1341 747">
     <span class='ocr_line' id='line_1_2' title="bbox 52 478 1341 575; baseline -0.001 -21"><span class='ocrx_word' id='word_1_3' title='bbox 52 495 90 554; x_wconf 89' lang='lat' dir='ltr'><strong>in</strong></span> <span class='ocrx_word' id='word_1_4' title='bbox 116 480 236 575; x_wconf 84' lang='lat' dir='ltr'><strong>ponte,</strong></span> <span class='ocrx_word' id='word_1_5' title='bbox 258 512 320 575; x_wconf 90' lang='lat' dir='ltr'><strong>quo</strong></span> <span class='ocrx_word' id='word_1_6' title='bbox 341 490 502 554; x_wconf 87' lang='lat' dir='ltr'><strong>Mosellam</strong></span> <span class='ocrx_word' id='word_1_7' title='bbox 522 491 603 554; x_wconf 79' lang='lat' dir='ltr'><strong>infra</strong></span> <span class='ocrx_word' id='word_1_8' title='bbox 622 492 752 554; x_wconf 81' lang='lat' dir='ltr'><strong>lheouis</strong></span> <span class='ocrx_word' id='word_1_9' title='bbox 770 490 885 553; x_wconf 77' lang='lat' dir='ltr'><strong>Villam</strong></span> <span class='ocrx_word' id='word_1_10' title='bbox 905 499 1059 565; x_wconf 84' lang='lat' dir='ltr'><strong>straverat,</strong></span> <span class='ocrx_word' id='word_1_11' title='bbox 1080 510 1155 572; x_wconf 90' lang='lat' dir='ltr'><strong>quos</strong></span> <span class='ocrx_word' id='word_1_12' title='bbox 1175 492 1271 553; x_wconf 78' lang='lat' dir='ltr'><strong>nostri</strong></span> <span class='ocrx_word' id='word_1_13' title='bbox 1335 478 1341 501; x_wconf 83' lang='lat'><strong><em>‘</em></strong></span> 
     </span>
     <span class='ocr_line' id='line_1_3' title="bbox 54 584 1272 671; baseline -0.002 -18"><span class='ocrx_word' id='word_1_14' title='bbox 54 601 250 671; x_wconf 79' lang='lat' dir='ltr'><strong>sequamur</strong></span> <span class='ocrx_word' id='word_1_15' title='bbox 266 588 422 668; x_wconf 91' lang='lat' dir='ltr'><strong>multaque</strong></span> <span class='ocrx_word' id='word_1_16' title='bbox 438 596 538 671; x_wconf 82' lang='lat' dir='ltr'><strong>strage</strong></span> <span class='ocrx_word' id='word_1_17' title='bbox 557 589 703 671; x_wconf 88' lang='lat' dir='ltr'><strong>plurimos</strong></span> <span class='ocrx_word' id='word_1_18' title='bbox 722 596 859 650; x_wconf 88' lang='lat' dir='ltr'><strong>sternunt</strong></span> <span class='ocrx_word' id='word_1_19' title='bbox 876 584 1149 670; x_wconf 68' lang='lat' dir='ltr'>impedimentaque</span> <span class='ocrx_word' id='word_1_20' title='bbox 1170 588 1272 651; x_wconf 91' lang='lat' dir='ltr'><strong>omnia</strong></span> 
     </span>
     <span class='ocr_line' id='line_1_4' title="bbox 55 686 231 747; baseline 0 -1"><span class='ocrx_word' id='word_1_21' title='bbox 55 686 231 747; x_wconf 79' lang='lat' dir='ltr'><strong>obtinent.</strong></span> 
     </span>
    </p>

    <p class='ocr_par' dir='ltr' id='par_1_3' title="bbox 60 778 1275 1517">
     <span class='ocr_line' id='line_1_5' title="bbox 106 778 1272 863; baseline 0.001 -20"><span class='ocrx_word' id='word_1_22' title='bbox 106 782 211 845; x_wconf 85' lang='lat' dir='ltr'><strong>Inter</strong></span> <span class='ocrx_word' id='word_1_23' title='bbox 223 781 289 843; x_wconf 81' lang='lat' dir='ltr'><strong>lucc</strong></span> <span class='ocrx_word' id='word_1_24' title='bbox 303 781 452 863; x_wconf 79' lang='lat' dir='ltr'><strong>legiones</strong></span> <span class='ocrx_word' id='word_1_25' title='bbox 464 781 534 843; x_wconf 82' lang='lat' dir='ltr'><strong>duoe</strong></span> <span class='ocrx_word' id='word_1_26' title='bbox 551 780 752 843; x_wconf 80' lang='lat' dir='ltr'><strong>Navarrensis</strong></span> <span class='ocrx_word' id='word_1_27' title='bbox 765 778 881 841; x_wconf 90' lang='lat' dir='ltr'><strong>scilicet</strong></span> <span class='ocrx_word' id='word_1_28' title='bbox 892 789 923 842; x_wconf 90' lang='lat' dir='ltr'><strong>et</strong></span> <span class='ocrx_word' id='word_1_29' title='bbox 937 779 1068 841; x_wconf 88' lang='lat' dir='ltr'><strong>Borsina</strong></span> <span class='ocrx_word' id='word_1_30' title='bbox 1079 780 1205 845; x_wconf 89' lang='lat' dir='ltr'><strong>statione</strong></span> <span class='ocrx_word' id='word_1_31' title='bbox 1218 782 1272 844; x_wconf 80' lang='lat' dir='ltr'><strong>suh</strong></span> 
     </span>
     <span class='ocr_line' id='line_1_6' title="bbox 60 875 1273 959; baseline -0.002 -18"><span class='ocrx_word' id='word_1_32' title='bbox 60 877 203 941; x_wconf 70' lang='lat' dir='ltr'><strong>deserti</strong></span> <span class='ocrx_word' id='word_1_33' title='bbox 219 878 251 939; x_wconf 90' lang='lat' dir='ltr'><strong>in</strong></span> <span class='ocrx_word' id='word_1_34' title='bbox 270 875 425 959; x_wconf 72' lang='lat' dir='ltr'><strong>planitiem</strong></span> <span class='ocrx_word' id='word_1_35' title='bbox 441 895 568 958; x_wconf 74' lang='lat' dir='ltr'><strong>egresse</strong></span> <span class='ocrx_word' id='word_1_36' title='bbox 586 883 682 950; x_wconf 84' lang='lat' dir='ltr'><strong>eraut,</strong></span> <span class='ocrx_word' id='word_1_37' title='bbox 695 894 770 955; x_wconf 89' lang='lat' dir='ltr'><strong>quas</strong></span> <span class='ocrx_word' id='word_1_38' title='bbox 782 884 949 957; x_wconf 83' lang='lat' dir='ltr'><strong>opportune</strong></span> <span class='ocrx_word' id='word_1_39' title='bbox 962 877 1150 957; x_wconf 78' lang='lat' dir='ltr'><strong>conspicatus</strong></span> <span class='ocrx_word' id='word_1_40' title='bbox 1163 877 1273 941; x_wconf 82' lang='lat' dir='ltr'><strong>Comes</strong></span> 
     </span>
     <span class='ocr_line' id='line_1_7' title="bbox 63 970 1273 1057; baseline 0 -21"><span class='ocrx_word' id='word_1_41' title='bbox 63 976 109 1036; x_wconf 87' lang='lat' dir='ltr'><strong>de</strong></span> <span class='ocrx_word' id='word_1_42' title='bbox 126 975 220 1055; x_wconf 76' lang='lat' dir='ltr'><strong>Snys</strong></span> <span class='ocrx_word' id='word_1_43' title='bbox 228 994 299 1035; x_wconf 91' lang='lat' dir='ltr'><strong>cum</strong></span> <span class='ocrx_word' id='word_1_44' title='bbox 313 971 514 1055; x_wconf 86' lang='lat' dir='ltr'><strong>Rippsrgensi</strong></span> <span class='ocrx_word' id='word_1_45' title='bbox 527 970 672 1053; x_wconf 71' lang='lat' dir='ltr'><strong>legione,</strong></span> <span class='ocrx_word' id='word_1_46' title='bbox 683 979 714 1031; x_wconf 89' lang='lat' dir='ltr'><strong>et</strong></span> <span class='ocrx_word' id='word_1_47' title='bbox 723 970 818 1032; x_wconf 89' lang='lat' dir='ltr'><strong>tribus</strong></span> <span class='ocrx_word' id='word_1_48' title='bbox 832 972 992 1053; x_wconf 72' lang='lat' dir='ltr'><strong>manipulis</strong></span> <span class='ocrx_word' id='word_1_49' title='bbox 1002 973 1133 1054; x_wconf 85' lang='lat' dir='ltr'><strong>autiquae</strong></span> <span class='ocrx_word' id='word_1_50' title='bbox 1146 974 1273 1057; x_wconf 81' lang='lat' dir='ltr'><strong>legionis</strong></span> 
     </span>
     <span class='ocr_line' id='line_1_8' title="bbox 62 1066 1272 1149; baseline 0.002 -17"><span class='ocrx_word' id='word_1_51' title='bbox 62 1069 296 1133; x_wconf 80' lang='lat' dir='ltr'><strong>Picolominie</strong></span> <span class='ocrx_word' id='word_1_52' title='bbox 312 1068 390 1131; x_wconf 86' lang='lat' dir='ltr'><strong>duee</strong></span> <span class='ocrx_word' id='word_1_53' title='bbox 412 1068 533 1130; x_wconf 87' lang='lat' dir='ltr'><strong>Comite</strong></span> <span class='ocrx_word' id='word_1_54' title='bbox 552 1066 665 1131; x_wconf 81' lang='lat' dir='ltr'><strong>Petaso</strong></span> <span class='ocrx_word' id='word_1_55' title='bbox 684 1087 739 1149; x_wconf 88' lang='lat' dir='ltr'><strong>per</strong></span> <span class='ocrx_word' id='word_1_56' title='bbox 759 1067 862 1130; x_wconf 81' lang='lat' dir='ltr'><strong>vineta</strong></span> <span class='ocrx_word' id='word_1_57' title='bbox 878 1088 979 1143; x_wconf 89' lang='lat' dir='ltr'><strong>ruens,</strong></span> <span class='ocrx_word' id='word_1_58' title='bbox 998 1069 1078 1131; x_wconf 85' lang='lat' dir='ltr'><strong>viam</strong></span> <span class='ocrx_word' id='word_1_59' title='bbox 1096 1070 1272 1146; x_wconf 78' lang='lat' dir='ltr'><strong>interclusit,</strong></span> 
     </span>
     <span class='ocr_line' id='line_1_9' title="bbox 64 1164 1274 1248; baseline 0.001 -20"><span class='ocrx_word' id='word_1_60' title='bbox 64 1186 247 1248; x_wconf 80' lang='lat' dir='ltr'><strong>omnesque</strong></span> <span class='ocrx_word' id='word_1_61' title='bbox 268 1164 389 1227; x_wconf 86' lang='lat' dir='ltr'><strong>cecidit.</strong></span> <span class='ocrx_word' id='word_1_62' title='bbox 429 1164 642 1245; x_wconf 79' lang='lat' dir='ltr'><strong>Continuoque</strong></span> <span class='ocrx_word' id='word_1_63' title='bbox 662 1164 696 1226; x_wconf 88' lang='lat' dir='ltr'><strong>iu</strong></span> <span class='ocrx_word' id='word_1_64' title='bbox 717 1164 809 1225; x_wconf 89' lang='lat' dir='ltr'><strong>aliam</strong></span> <span class='ocrx_word' id='word_1_65' title='bbox 829 1164 1028 1227; x_wconf 90' lang='lat' dir='ltr'><strong>munitionem</strong></span> <span class='ocrx_word' id='word_1_66' title='bbox 1049 1165 1176 1241; x_wconf 89' lang='lat' dir='ltr'><strong>irruens,</strong></span> <span class='ocrx_word' id='word_1_67' title='bbox 1198 1166 1274 1229; x_wconf 87' lang='lat' dir='ltr'><strong>duas</strong></span> 
     </span>
     <span class='ocr_line' id='line_1_10' title="bbox 65 1259 1273 1343; baseline 0.002 -19"><span class='ocrx_word' id='word_1_68' title='bbox 65 1264 198 1326; x_wconf 83' lang='lat' dir='ltr'><strong>ibidem</strong></span> <span class='ocrx_word' id='word_1_69' title='bbox 210 1261 371 1343; x_wconf 70' lang='lat' dir='ltr'><strong>legiones,</strong></span> <span class='ocrx_word' id='word_1_70' title='bbox 385 1261 431 1323; x_wconf 92' lang='lat' dir='ltr'><strong>nil</strong></span> <span class='ocrx_word' id='word_1_71' title='bbox 443 1260 544 1323; x_wconf 90' lang='lat' dir='ltr'><strong>minus</strong></span> <span class='ocrx_word' id='word_1_72' title='bbox 556 1280 647 1341; x_wconf 90' lang='lat' dir='ltr'><strong>quam</strong></span> <span class='ocrx_word' id='word_1_73' title='bbox 661 1261 700 1323; x_wconf 88' lang='lat' dir='ltr'><strong>de</strong></span> <span class='ocrx_word' id='word_1_74' title='bbox 711 1259 796 1323; x_wconf 92' lang='lat' dir='ltr'><strong>hoste</strong></span> <span class='ocrx_word' id='word_1_75' title='bbox 812 1260 988 1343; x_wconf 74' lang='lat' dir='ltr'><strong>cogitantes,</strong></span> <span class='ocrx_word' id='word_1_76' title='bbox 1008 1262 1159 1325; x_wconf 82' lang='lat' dir='ltr'><strong>contrivit.</strong></span> <span class='ocrx_word' id='word_1_77' title='bbox 1202 1262 1273 1326; x_wconf 88' lang='lat' dir='ltr'><strong>Hoc</strong></span> 
     </span>
     <span class='ocr_line' id='line_1_11' title="bbox 68 1356 1275 1441; baseline 0.001 -21"><span class='ocrx_word' id='word_1_78' title='bbox 68 1361 143 1441; x_wconf 74' lang='lat' dir='ltr'><strong>ipro</strong></span> <span class='ocrx_word' id='word_1_79' title='bbox 162 1359 236 1421; x_wconf 87' lang='lat' dir='ltr'><strong>loco</strong></span> <span class='ocrx_word' id='word_1_80' title='bbox 253 1358 336 1419; x_wconf 88' lang='lat' dir='ltr'><strong>Baro</strong></span> <span class='ocrx_word' id='word_1_81' title='bbox 349 1358 389 1420; x_wconf 88' lang='lat' dir='ltr'><strong>de</strong></span> <span class='ocrx_word' id='word_1_82' title='bbox 408 1359 595 1441; x_wconf 86' lang='lat' dir='ltr'><strong>Beauregart</strong></span> <span class='ocrx_word' id='word_1_83' title='bbox 610 1367 680 1419; x_wconf 90' lang='lat' dir='ltr'><strong>aute</strong></span> <span class='ocrx_word' id='word_1_84' title='bbox 697 1356 829 1418; x_wconf 83' lang='lat' dir='ltr'><strong>mediam</strong></span> <span class='ocrx_word' id='word_1_85' title='bbox 848 1356 967 1420; x_wconf 89' lang='lat' dir='ltr'><strong>circiter</strong></span> <span class='ocrx_word' id='word_1_86' title='bbox 985 1358 1090 1421; x_wconf 89' lang='lat' dir='ltr'><strong>horam</strong></span> <span class='ocrx_word' id='word_1_87' title='bbox 1109 1370 1224 1441; x_wconf 89' lang='lat' dir='ltr'><strong>captus,</strong></span> <span class='ocrx_word' id='word_1_88' title='bbox 1243 1360 1275 1421; x_wconf 91' lang='lat' dir='ltr'><strong>in</strong></span> 
     </span>
     <span class='ocr_line' id='line_1_12' title="bbox 72 1454 369 1517; baseline -0.007 0"><span class='ocrx_word' id='word_1_89' title='bbox 72 1456 256 1517; x_wconf 87' lang='lat' dir='ltr'><strong>libertatem</strong></span> <span class='ocrx_word' id='word_1_90' title='bbox 268 1454 369 1516; x_wconf 90' lang='lat' dir='ltr'><strong>rediit.</strong></span> 
     </span>
    </p>

    <p class='ocr_par' dir='ltr' id='par_1_4' title="bbox 73 1550 1282 2691">
     <span class='ocr_line' id='line_1_13' title="bbox 117 1550 1274 1632; baseline 0.002 -19"><span class='ocrx_word' id='word_1_91' title='bbox 117 1552 232 1613; x_wconf 87' lang='lat' dir='ltr'><strong>Rebus</strong></span> <span class='ocrx_word' id='word_1_92' title='bbox 252 1551 362 1612; x_wconf 67' lang='lat' dir='ltr'><strong>nusum</strong></span> <span class='ocrx_word' id='word_1_93' title='bbox 381 1550 414 1611; x_wconf 90' lang='lat' dir='ltr'><strong>in</strong></span> <span class='ocrx_word' id='word_1_94' title='bbox 434 1551 516 1613; x_wconf 90' lang='lat' dir='ltr'><strong>hunc</strong></span> <span class='ocrx_word' id='word_1_95' title='bbox 534 1552 658 1613; x_wconf 88' lang='lat' dir='ltr'><strong>modum</strong></span> <span class='ocrx_word' id='word_1_96' title='bbox 680 1551 908 1632; x_wconf 80' lang='lat' dir='ltr'><strong>procedentibus</strong></span> <span class='ocrx_word' id='word_1_97' title='bbox 925 1552 1065 1614; x_wconf 85' lang='lat' dir='ltr'><strong>Merchio</strong></span> <span class='ocrx_word' id='word_1_98' title='bbox 1083 1553 1122 1615; x_wconf 86' lang='lat' dir='ltr'><strong>de</strong></span> <span class='ocrx_word' id='word_1_99' title='bbox 1140 1553 1274 1629; x_wconf 84' lang='lat' dir='ltr'><strong>Caretto,</strong></span> 
     </span>
     <span class='ocr_line' id='line_1_14' title="bbox 73 1646 1276 1728; baseline 0.004 -20"><span class='ocrx_word' id='word_1_100' title='bbox 73 1647 237 1728; x_wconf 90' lang='lat' dir='ltr'><strong>reliquam</strong></span> <span class='ocrx_word' id='word_1_101' title='bbox 255 1646 404 1709; x_wconf 81' lang='lat' dir='ltr'><strong>exercitus</strong></span> <span class='ocrx_word' id='word_1_102' title='bbox 421 1659 537 1728; x_wconf 90' lang='lat' dir='ltr'><strong>partem</strong></span> <span class='ocrx_word' id='word_1_103' title='bbox 552 1646 653 1709; x_wconf 87' lang='lat' dir='ltr'><strong>adhuc</strong></span> <span class='ocrx_word' id='word_1_104' title='bbox 670 1646 796 1728; x_wconf 79' lang='lat' dir='ltr'><strong>integris</strong></span> <span class='ocrx_word' id='word_1_105' title='bbox 811 1646 926 1709; x_wconf 81' lang='lat' dir='ltr'><strong>viribus</strong></span> <span class='ocrx_word' id='word_1_106' title='bbox 941 1668 1044 1709; x_wconf 89' lang='lat' dir='ltr'><strong>secum</strong></span> <span class='ocrx_word' id='word_1_107' title='bbox 1060 1650 1215 1727; x_wconf 87' lang='lat' dir='ltr'><strong>retinebat,</strong></span> <span class='ocrx_word' id='word_1_108' title='bbox 1230 1652 1276 1713; x_wconf 92' lang='lat' dir='ltr'><strong>in·</strong></span> 
     </span>
     <span class='ocr_line' id='line_1_15' title="bbox 73 1741 1275 1827; baseline 0.002 -21"><span class='ocrx_word' id='word_1_109' title='bbox 73 1753 188 1806; x_wconf 87' lang='lat' dir='ltr'><strong>tentus</strong></span> <span class='ocrx_word' id='word_1_110' title='bbox 200 1743 234 1804; x_wconf 90' lang='lat' dir='ltr'><strong>in</strong></span> <span class='ocrx_word' id='word_1_111' title='bbox 243 1763 364 1805; x_wconf 87' lang='lat' dir='ltr'><strong>omnem</strong></span> <span class='ocrx_word' id='word_1_112' title='bbox 376 1743 473 1804; x_wconf 87' lang='lat' dir='ltr'><strong>aleam</strong></span> <span class='ocrx_word' id='word_1_113' title='bbox 484 1752 515 1805; x_wconf 90' lang='lat' dir='ltr'><strong>et</strong></span> <span class='ocrx_word' id='word_1_114' title='bbox 525 1741 719 1805; x_wconf 89' lang='lat' dir='ltr'><strong>Picolominii</strong></span> <span class='ocrx_word' id='word_1_115' title='bbox 731 1742 868 1823; x_wconf 90' lang='lat' dir='ltr'><strong>imperia,</strong></span> <span class='ocrx_word' id='word_1_116' title='bbox 878 1743 897 1804; x_wconf 79' lang='lat' dir='ltr'><strong>h</strong></span> <span class='ocrx_word' id='word_1_117' title='bbox 906 1762 965 1823; x_wconf 90' lang='lat' dir='ltr'><strong>quo</strong></span> <span class='ocrx_word' id='word_1_118' title='bbox 976 1744 1120 1827; x_wconf 82' lang='lat' dir='ltr'><strong>evestigio</strong></span> <span class='ocrx_word' id='word_1_119' title='bbox 1129 1747 1275 1808; x_wconf 89' lang='lat' dir='ltr'><strong>nuncium</strong></span> 
     </span>
     <span class='ocr_line' id='line_1_16' title="bbox 75 1838 1280 1921; baseline 0.001 -19"><span class='ocrx_word' id='word_1_120' title='bbox 75 1841 206 1921; x_wconf 85' lang='lat' dir='ltr'><strong>accepit</strong></span> <span class='ocrx_word' id='word_1_121' title='bbox 218 1839 258 1901; x_wconf 87' lang='lat' dir='ltr'><strong>ds</strong></span> <span class='ocrx_word' id='word_1_122' title='bbox 275 1839 486 1921; x_wconf 80' lang='lat' dir='ltr'><strong>promovendis</strong></span> <span class='ocrx_word' id='word_1_123' title='bbox 497 1840 594 1921; x_wconf 87' lang='lat' dir='ltr'><strong>copiis</strong></span> <span class='ocrx_word' id='word_1_124' title='bbox 606 1848 638 1900; x_wconf 89' lang='lat' dir='ltr'><strong>et</strong></span> <span class='ocrx_word' id='word_1_125' title='bbox 649 1839 854 1921; x_wconf 87' lang='lat' dir='ltr'><strong>persequendo</strong></span> <span class='ocrx_word' id='word_1_126' title='bbox 866 1838 967 1901; x_wconf 82' lang='lat' dir='ltr'><strong>hoster</strong></span> <span class='ocrx_word' id='word_1_127' title='bbox 993 1860 1062 1901; x_wconf 88' lang='lat' dir='ltr'><strong>eum</strong></span> <span class='ocrx_word' id='word_1_128' title='bbox 1078 1840 1159 1901; x_wconf 89' lang='lat' dir='ltr'><strong>euim</strong></span> <span class='ocrx_word' id='word_1_129' title='bbox 1172 1862 1203 1903; x_wconf 89' lang='lat' dir='ltr'><strong>se</strong></span> <span class='ocrx_word' id='word_1_130' title='bbox 1216 1853 1280 1903; x_wconf 90' lang='lat' dir='ltr'><strong>tur·</strong></span> 
     </span>
     <span class='ocr_line' id='line_1_17' title="bbox 79 1934 1279 2018; baseline -0.002 -19"><span class='ocrx_word' id='word_1_131' title='bbox 79 1958 148 1999; x_wconf 79' lang='lat' dir='ltr'><strong>mue</strong></span> <span class='ocrx_word' id='word_1_132' title='bbox 163 1936 308 2018; x_wconf 80' lang='lat' dir='ltr'><strong>pluscule</strong></span> <span class='ocrx_word' id='word_1_133' title='bbox 318 1936 440 1998; x_wconf 82' lang='lat' dir='ltr'><strong>hostiles</strong></span> <span class='ocrx_word' id='word_1_134' title='bbox 453 1956 491 1997; x_wconf 83' lang='lat' dir='ltr'><strong>ex</strong></span> <span class='ocrx_word' id='word_1_135' title='bbox 503 1936 577 2018; x_wconf 81' lang='lat' dir='ltr'><strong>luga</strong></span> <span class='ocrx_word' id='word_1_136' title='bbox 587 1934 810 2016; x_wconf 79' lang='lat' dir='ltr'><strong>recollegissent</strong></span> <span class='ocrx_word' id='word_1_137' title='bbox 822 1954 858 1995; x_wconf 87' lang='lat' dir='ltr'><strong>ao</strong></span> <span class='ocrx_word' id='word_1_138' title='bbox 871 1954 924 2016; x_wconf 90' lang='lat' dir='ltr'><strong>per</strong></span> <span class='ocrx_word' id='word_1_139' title='bbox 937 1934 1030 1995; x_wconf 90' lang='lat' dir='ltr'><strong>alium</strong></span> <span class='ocrx_word' id='word_1_140' title='bbox 1044 1944 1164 2016; x_wconf 84' lang='lat' dir='ltr'><strong>pontem</strong></span> <span class='ocrx_word' id='word_1_141' title='bbox 1179 1938 1279 1997; x_wconf 90' lang='lat' dir='ltr'><strong>denuo</strong></span> 
     </span>
     <span class='ocr_line' id='line_1_18' title="bbox 81 2030 1279 2116; baseline -0.001 -21"><span class='ocrx_word' id='word_1_142' title='bbox 81 2044 272 2116; x_wconf 76' lang='lat' dir='ltr'><strong>pugnatore</strong></span> <span class='ocrx_word' id='word_1_143' title='bbox 284 2032 428 2105; x_wconf 86' lang='lat' dir='ltr'><strong>redirent,</strong></span> <span class='ocrx_word' id='word_1_144' title='bbox 437 2032 470 2092; x_wconf 93' lang='lat' dir='ltr'><strong>in</strong></span> <span class='ocrx_word' id='word_1_145' title='bbox 484 2050 535 2093; x_wconf 87' lang='lat' dir='ltr'><strong>eas</strong></span> <span class='ocrx_word' id='word_1_146' title='bbox 548 2030 687 2093; x_wconf 84' lang='lat' dir='ltr'><strong>Marchio</strong></span> <span class='ocrx_word' id='word_1_147' title='bbox 700 2032 739 2091; x_wconf 90' lang='lat' dir='ltr'><strong>de</strong></span> <span class='ocrx_word' id='word_1_148' title='bbox 750 2030 856 2092; x_wconf 88' lang='lat' dir='ltr'><strong>Grana</strong></span> <span class='ocrx_word' id='word_1_149' title='bbox 867 2030 911 2092; x_wconf 88' lang='lat' dir='ltr'><strong>ire</strong></span> <span class='ocrx_word' id='word_1_150' title='bbox 917 2032 1022 2112; x_wconf 89' lang='lat' dir='ltr'><strong>jussus</strong></span> <span class='ocrx_word' id='word_1_151' title='bbox 1035 2039 1089 2092; x_wconf 88' lang='lat' dir='ltr'><strong>est.</strong></span> <span class='ocrx_word' id='word_1_152' title='bbox 1117 2031 1197 2093; x_wconf 87' lang='lat' dir='ltr'><strong>Cum</strong></span> <span class='ocrx_word' id='word_1_153' title='bbox 1208 2052 1279 2094; x_wconf 85' lang='lat' dir='ltr'><strong>vero</strong></span> 
     </span>
     <span class='ocr_line' id='line_1_19' title="bbox 81 2127 1281 2210; baseline 0 -19"><span class='ocrx_word' id='word_1_154' title='bbox 81 2128 247 2210; x_wconf 67' lang='lat' dir='ltr'><strong>predicte</strong></span> <span class='ocrx_word' id='word_1_155' title='bbox 254 2128 377 2191; x_wconf 85' lang='lat' dir='ltr'><strong>hostiles</strong></span> <span class='ocrx_word' id='word_1_156' title='bbox 386 2138 494 2190; x_wconf 81' lang='lat' dir='ltr'><strong>turmtc</strong></span> <span class='ocrx_word' id='word_1_157' title='bbox 503 2127 605 2189; x_wconf 90' lang='lat' dir='ltr'><strong>locum</strong></span> <span class='ocrx_word' id='word_1_158' title='bbox 615 2127 766 2188; x_wconf 89' lang='lat' dir='ltr'><strong>munitum</strong></span> <span class='ocrx_word' id='word_1_159' title='bbox 775 2136 981 2208; x_wconf 85' lang='lat' dir='ltr'><strong>occupassent,</strong></span> <span class='ocrx_word' id='word_1_160' title='bbox 991 2136 1118 2210; x_wconf 89' lang='lat' dir='ltr'><strong>quatuor</strong></span> <span class='ocrx_word' id='word_1_161' title='bbox 1125 2130 1281 2191; x_wconf 88' lang='lat' dir='ltr'><strong>tormentis</strong></span> 
     </span>
     <span class='ocr_line' id='line_1_20' title="bbox 82 2222 1280 2307; baseline 0.004 -22"><span class='ocrx_word' id='word_1_162' title='bbox 82 2225 256 2307; x_wconf 85' lang='lat' dir='ltr'><strong>majoribus</strong></span> <span class='ocrx_word' id='word_1_163' title='bbox 273 2224 390 2286; x_wconf 86' lang='lat' dir='ltr'><strong>bellicis</strong></span> <span class='ocrx_word' id='word_1_164' title='bbox 411 2223 525 2286; x_wconf 74' lang='lat' dir='ltr'><strong>hortm</strong></span> <span class='ocrx_word' id='word_1_165' title='bbox 541 2223 584 2285; x_wconf 86' lang='lat' dir='ltr'><strong>ita</strong></span> <span class='ocrx_word' id='word_1_166' title='bbox 600 2222 766 2298; x_wconf 82' lang='lat' dir='ltr'><strong>enervavit,</strong></span> <span class='ocrx_word' id='word_1_167' title='bbox 781 2232 818 2284; x_wconf 92' lang='lat' dir='ltr'><strong>ut</strong></span> <span class='ocrx_word' id='word_1_168' title='bbox 833 2224 995 2304; x_wconf 86' lang='lat' dir='ltr'><strong>desperatis</strong></span> <span class='ocrx_word' id='word_1_169' title='bbox 1012 2225 1100 2285; x_wconf 88' lang='lat' dir='ltr'><strong>rebus</strong></span> <span class='ocrx_word' id='word_1_170' title='bbox 1116 2224 1148 2285; x_wconf 93' lang='lat' dir='ltr'><strong>in</strong></span> <span class='ocrx_word' id='word_1_171' title='bbox 1165 2234 1280 2289; x_wconf 88' lang='lat' dir='ltr'><strong>nostros</strong></span> 
     </span>
     <span class='ocr_line' id='line_1_21' title="bbox 85 2318 1278 2403; baseline 0.003 -20"><span class='ocrx_word' id='word_1_172' title='bbox 85 2342 127 2383; x_wconf 84' lang='lat' dir='ltr'><strong>ex</strong></span> <span class='ocrx_word' id='word_1_173' title='bbox 146 2322 305 2403; x_wconf 85' lang='lat' dir='ltr'><strong>desperato</strong></span> <span class='ocrx_word' id='word_1_174' title='bbox 322 2320 368 2382; x_wconf 91' lang='lat' dir='ltr'><strong>ire</strong></span> <span class='ocrx_word' id='word_1_175' title='bbox 385 2328 416 2382; x_wconf 90' lang='lat' dir='ltr'><strong>et</strong></span> <span class='ocrx_word' id='word_1_176' title='bbox 431 2318 561 2403; x_wconf 90' lang='lat' dir='ltr'><strong>gloriose</strong></span> <span class='ocrx_word' id='word_1_177' title='bbox 578 2318 657 2381; x_wconf 89' lang='lat' dir='ltr'><strong>mori</strong></span> <span class='ocrx_word' id='word_1_178' title='bbox 674 2318 880 2382; x_wconf 82' lang='lat' dir='ltr'><strong>decreverint:</strong></span> <span class='ocrx_word' id='word_1_179' title='bbox 901 2329 935 2382; x_wconf 90' lang='lat' dir='ltr'><strong>ut</strong></span> <span class='ocrx_word' id='word_1_180' title='bbox 954 2340 1025 2382; x_wconf 83' lang='lat' dir='ltr'><strong>vero</strong></span> <span class='ocrx_word' id='word_1_181' title='bbox 1045 2321 1169 2385; x_wconf 88' lang='lat' dir='ltr'><strong>tutiores</strong></span> <span class='ocrx_word' id='word_1_182' title='bbox 1189 2323 1278 2401; x_wconf 89' lang='lat' dir='ltr'><strong>irent,</strong></span> 
     </span>
     <span class='ocr_line' id='line_1_22' title="bbox 84 2415 1279 2500; baseline 0.002 -20"><span class='ocrx_word' id='word_1_183' title='bbox 84 2417 204 2481; x_wconf 64' lang='lat' dir='ltr'><strong>mnam</strong></span> <span class='ocrx_word' id='word_1_184' title='bbox 217 2417 370 2499; x_wconf 88' lang='lat' dir='ltr'><strong>quandam</strong></span> <span class='ocrx_word' id='word_1_185' title='bbox 387 2417 601 2478; x_wconf 88' lang='lat' dir='ltr'><strong>inscenderuut</strong></span> <span class='ocrx_word' id='word_1_186' title='bbox 612 2437 652 2477; x_wconf 89' lang='lat' dir='ltr'><strong>ne</strong></span> <span class='ocrx_word' id='word_1_187' title='bbox 662 2415 819 2478; x_wconf 89' lang='lat' dir='ltr'><strong>tormentis</strong></span> <span class='ocrx_word' id='word_1_188' title='bbox 832 2425 930 2477; x_wconf 86' lang='lat' dir='ltr'><strong>essent</strong></span> <span class='ocrx_word' id='word_1_189' title='bbox 946 2419 1084 2499; x_wconf 84' lang='lat' dir='ltr'><strong>expositi,</strong></span> <span class='ocrx_word' id='word_1_190' title='bbox 1098 2439 1167 2500; x_wconf 78' lang='lat' dir='ltr'><strong>que</strong></span> <span class='ocrx_word' id='word_1_191' title='bbox 1180 2429 1279 2482; x_wconf 87' lang='lat' dir='ltr'><strong>tamen</strong></span> 
     </span>
     <span class='ocr_line' id='line_1_23' title="bbox 86 2511 1281 2597; baseline 0.002 -21"><span class='ocrx_word' id='word_1_192' title='bbox 86 2514 213 2576; x_wconf 88' lang='lat' dir='ltr'><strong>cantela</strong></span> <span class='ocrx_word' id='word_1_193' title='bbox 224 2533 332 2595; x_wconf 88' lang='lat' dir='ltr'><strong>parum</strong></span> <span class='ocrx_word' id='word_1_194' title='bbox 346 2513 417 2594; x_wconf 88' lang='lat' dir='ltr'><strong>ipsis</strong></span> <span class='ocrx_word' id='word_1_195' title='bbox 429 2512 553 2594; x_wconf 87' lang='lat' dir='ltr'><strong>profuit,</strong></span> <span class='ocrx_word' id='word_1_196' title='bbox 566 2511 676 2573; x_wconf 87' lang='lat' dir='ltr'><strong>iterum</strong></span> <span class='ocrx_word' id='word_1_197' title='bbox 688 2511 770 2573; x_wconf 89' lang='lat' dir='ltr'><strong>enim</strong></span> <span class='ocrx_word' id='word_1_198' title='bbox 783 2511 843 2572; x_wconf 86' lang='lat' dir='ltr'><strong>alia</strong></span> <span class='ocrx_word' id='word_1_199' title='bbox 856 2511 917 2573; x_wconf 91' lang='lat' dir='ltr'><strong>duo</strong></span> <span class='ocrx_word' id='word_1_200' title='bbox 930 2521 1079 2576; x_wconf 87' lang='lat' dir='ltr'><strong>tormenta</strong></span> <span class='ocrx_word' id='word_1_201' title='bbox 1091 2515 1208 2577; x_wconf 89' lang='lat' dir='ltr'><strong>minora</strong></span> <span class='ocrx_word' id='word_1_202' title='bbox 1220 2517 1281 2597; x_wconf 88' lang='lat' dir='ltr'><strong>pri·</strong></span> 
     </span>
     <span class='ocr_line' id='line_1_24' title="bbox 87 2601 1282 2691; baseline 0.003 -19"><span class='ocrx_word' id='word_1_203' title='bbox 87 2611 197 2672; x_wconf 85' lang='lat' dir='ltr'><strong>oribus</strong></span> <span class='ocrx_word' id='word_1_204' title='bbox 213 2609 248 2670; x_wconf 90' lang='lat' dir='ltr'><strong>in</strong></span> <span class='ocrx_word' id='word_1_205' title='bbox 265 2601 458 2672; x_wconf 79' lang='lat' dir='ltr'><strong>commodum</strong></span> <span class='ocrx_word' id='word_1_206' title='bbox 476 2607 577 2670; x_wconf 92' lang='lat' dir='ltr'><strong>locum</strong></span> <span class='ocrx_word' id='word_1_207' title='bbox 595 2608 726 2669; x_wconf 88' lang='lat' dir='ltr'><strong>deducta</strong></span> <span class='ocrx_word' id='word_1_208' title='bbox 740 2616 821 2682; x_wconf 89' lang='lat' dir='ltr'><strong>sunt,</strong></span> <span class='ocrx_word' id='word_1_209' title='bbox 841 2608 1082 2691; x_wconf 80' lang='lat' dir='ltr'><strong>legionibusque</strong></span> <span class='ocrx_word' id='word_1_210' title='bbox 1100 2613 1209 2674; x_wconf 88' lang='lat' dir='ltr'><strong>uostris</strong></span> <span class='ocrx_word' id='word_1_211' title='bbox 1227 2614 1282 2675; x_wconf 92' lang='lat' dir='ltr'><strong>sub</strong></span> 
     </span>
    </p>

    <p class='ocr_par' dir='ltr' id='par_1_5' title="bbox 86 2703 1285 3172">
     <span class='ocr_line' id='line_1_25' title="bbox 91 2703 1282 2786; baseline 0.004 -20"><span class='ocrx_word' id='word_1_212' title='bbox 91 2706 237 2767; x_wconf 87' lang='lat' dir='ltr'><strong>Ducibus</strong></span> <span class='ocrx_word' id='word_1_213' title='bbox 256 2705 431 2767; x_wconf 86' lang='lat' dir='ltr'><strong>Florentino</strong></span> <span class='ocrx_word' id='word_1_214' title='bbox 449 2703 587 2785; x_wconf 88' lang='lat' dir='ltr'><strong>Bocquio</strong></span> <span class='ocrx_word' id='word_1_215' title='bbox 603 2704 653 2765; x_wconf 89' lang='lat' dir='ltr'><strong>cui</strong></span> <span class='ocrx_word' id='word_1_216' title='bbox 673 2712 800 2784; x_wconf 77' lang='lat' dir='ltr'><strong>preerat</strong></span> <span class='ocrx_word' id='word_1_217' title='bbox 821 2703 1014 2786; x_wconf 90' lang='lat' dir='ltr'><strong>Francipaui,</strong></span> <span class='ocrx_word' id='word_1_218' title='bbox 1033 2705 1174 2782; x_wconf 82' lang='lat' dir='ltr'><strong>Savellio,</strong></span> <span class='ocrx_word' id='word_1_219' title='bbox 1196 2709 1282 2771; x_wconf 88' lang='lat' dir='ltr'><strong>dela</strong></span> 
     </span>
     <span class='ocr_line' id='line_1_26' title="bbox 91 2799 1283 2882; baseline 0.002 -18"><span class='ocrx_word' id='word_1_220' title='bbox 91 2801 190 2864; x_wconf 82' lang='lat' dir='ltr'><strong>Fossa</strong></span> <span class='ocrx_word' id='word_1_221' title='bbox 211 2801 263 2864; x_wconf 88' lang='lat' dir='ltr'><strong>cui</strong></span> <span class='ocrx_word' id='word_1_222' title='bbox 283 2801 451 2882; x_wconf 70' lang='lat' dir='ltr'><strong>imperabat</strong></span> <span class='ocrx_word' id='word_1_223' title='bbox 471 2799 620 2863; x_wconf 84' lang='lat' dir='ltr'><strong>Colonelli</strong></span> <span class='ocrx_word' id='word_1_224' title='bbox 639 2799 771 2861; x_wconf 85' lang='lat' dir='ltr'><strong>vicarius</strong></span> <span class='ocrx_word' id='word_1_225' title='bbox 792 2799 838 2862; x_wconf 81' lang='lat' dir='ltr'><strong>Ia</strong></span> <span class='ocrx_word' id='word_1_226' title='bbox 861 2800 994 2878; x_wconf 84' lang='lat' dir='ltr'><strong>Mortue,</strong></span> <span class='ocrx_word' id='word_1_227' title='bbox 1018 2804 1058 2864; x_wconf 91' lang='lat' dir='ltr'><strong>ad</strong></span> <span class='ocrx_word' id='word_1_228' title='bbox 1081 2803 1218 2866; x_wconf 88' lang='lat' dir='ltr'><strong>dextram</strong></span> <span class='ocrx_word' id='word_1_229' title='bbox 1239 2805 1283 2866; x_wconf 91' lang='lat' dir='ltr'><strong>ire</strong></span> 
     </span>
     <span class='ocr_line' id='line_1_27' title="bbox 86 2895 1282 2978; baseline 0.003 -19"><span class='ocrx_word' id='word_1_230' title='bbox 86 2898 198 2978; x_wconf 86' lang='lat' dir='ltr'><strong>jussis,</strong></span> <span class='ocrx_word' id='word_1_231' title='bbox 220 2898 261 2958; x_wconf 88' lang='lat' dir='ltr'><strong>ad</strong></span> <span class='ocrx_word' id='word_1_232' title='bbox 279 2897 431 2958; x_wconf 71' lang='lat' dir='ltr'><strong>riuutrarn</strong></span> <span class='ocrx_word' id='word_1_233' title='bbox 448 2917 521 2958; x_wconf 81' lang='lat' dir='ltr'><strong>vero</strong></span> <span class='ocrx_word' id='word_1_234' title='bbox 539 2896 709 2978; x_wconf 87' lang='lat' dir='ltr'><strong>legionibus</strong></span> <span class='ocrx_word' id='word_1_235' title='bbox 727 2895 761 2957; x_wconf 92' lang='lat' dir='ltr'><strong>di</strong></span> <span class='ocrx_word' id='word_1_236' title='bbox 779 2895 881 2972; x_wconf 87' lang='lat' dir='ltr'><strong>Mora,</strong></span> <span class='ocrx_word' id='word_1_237' title='bbox 905 2897 1049 2973; x_wconf 90' lang='lat' dir='ltr'><strong>Badensi,</strong></span> <span class='ocrx_word' id='word_1_238' title='bbox 1069 2899 1282 2978; x_wconf 86' lang='lat' dir='ltr'><strong>Feruamontii,</strong></span> 
     </span>
     <span class='ocr_line' id='line_1_28' title="bbox 91 2991 1285 3078; baseline 0.005 -24"><span class='ocrx_word' id='word_1_239' title='bbox 91 2991 269 3056; x_wconf 80' lang='lat' dir='ltr'><strong>Adelshofii</strong></span> <span class='ocrx_word' id='word_1_240' title='bbox 292 3002 322 3054; x_wconf 89' lang='lat' dir='ltr'><strong>et</strong></span> <span class='ocrx_word' id='word_1_241' title='bbox 345 2993 497 3068; x_wconf 71' lang='lat' dir='ltr'><strong>Matthaei,</strong></span> <span class='ocrx_word' id='word_1_242' title='bbox 521 2992 620 3054; x_wconf 87' lang='lat' dir='ltr'><strong>acrius</strong></span> <span class='ocrx_word' id='word_1_243' title='bbox 640 3011 731 3072; x_wconf 90' lang='lat' dir='ltr'><strong>quam</strong></span> <span class='ocrx_word' id='word_1_244' title='bbox 754 3001 843 3053; x_wconf 88' lang='lat' dir='ltr'><strong>antea</strong></span> <span class='ocrx_word' id='word_1_245' title='bbox 864 3013 1018 3074; x_wconf 87' lang='lat' dir='ltr'><strong>nunqnam</strong></span> <span class='ocrx_word' id='word_1_246' title='bbox 1041 3005 1207 3078; x_wconf 89' lang='lat' dir='ltr'><strong>pugnatum</strong></span> <span class='ocrx_word' id='word_1_247' title='bbox 1230 3011 1285 3070; x_wconf 89' lang='lat' dir='ltr'><strong>est,</strong></span> 
     </span>
     <span class='ocr_line' id='line_1_29' title="bbox 93 3086 1284 3172; baseline 0.004 -20"><span class='ocrx_word' id='word_1_248' title='bbox 93 3089 228 3152; x_wconf 87' lang='lat' dir='ltr'><strong>maxime</strong></span> <span class='ocrx_word' id='word_1_249' title='bbox 241 3109 312 3162; x_wconf 86' lang='lat' dir='ltr'><strong>cum</strong></span> <span class='ocrx_word' id='word_1_250' title='bbox 324 3087 447 3150; x_wconf 82' lang='lat' dir='ltr'><strong>hostiles</strong></span> <span class='ocrx_word' id='word_1_251' title='bbox 461 3088 596 3169; x_wconf 84' lang='lat' dir='ltr'><strong>reliquie</strong></span> <span class='ocrx_word' id='word_1_252' title='bbox 608 3107 712 3150; x_wconf 85' lang='lat' dir='ltr'><strong>omnes</strong></span> <span class='ocrx_word' id='word_1_253' title='bbox 724 3086 869 3170; x_wconf 88' lang='lat' dir='ltr'><strong>paulatim</strong></span> <span class='ocrx_word' id='word_1_254' title='bbox 879 3109 910 3150; x_wconf 92' lang='lat' dir='ltr'><strong>se</strong></span> <span class='ocrx_word' id='word_1_255' title='bbox 920 3109 981 3150; x_wconf 90' lang='lat' dir='ltr'><strong>una</strong></span> <span class='ocrx_word' id='word_1_256' title='bbox 990 3090 1190 3172; x_wconf 88' lang='lat' dir='ltr'><strong>collegissent.</strong></span> <span class='ocrx_word' id='word_1_257' title='bbox 1220 3095 1284 3158; x_wconf 91' lang='lat' dir='ltr'><strong>Hic</strong></span> 
     </span>
    </p>
   </div>
   <div class='ocr_carea' id='block_1_3' title="bbox 94 3183 1287 3752">
    <p class='ocr_par' dir='ltr' id='par_1_6' title="bbox 94 3183 1286 3554">
     <span class='ocr_line' id='line_1_30' title="bbox 94 3183 1283 3268; baseline 0.006 -22"><span class='ocrx_word' id='word_1_258' title='bbox 94 3186 204 3262; x_wconf 90' lang='lat' dir='ltr'><strong>nostri,</strong></span> <span class='ocrx_word' id='word_1_259' title='bbox 217 3204 288 3247; x_wconf 90' lang='lat' dir='ltr'><strong>cum</strong></span> <span class='ocrx_word' id='word_1_260' title='bbox 301 3204 333 3245; x_wconf 90' lang='lat' dir='ltr'><strong>se</strong></span> <span class='ocrx_word' id='word_1_261' title='bbox 346 3183 462 3246; x_wconf 88' lang='lat' dir='ltr'><strong>hostem</strong></span> <span class='ocrx_word' id='word_1_262' title='bbox 476 3184 595 3265; x_wconf 88' lang='lat' dir='ltr'><strong>penitus</strong></span> <span class='ocrx_word' id='word_1_263' title='bbox 611 3183 731 3245; x_wconf 86' lang='lat' dir='ltr'><strong>abolere</strong></span> <span class='ocrx_word' id='word_1_264' title='bbox 743 3203 805 3244; x_wconf 90' lang='lat' dir='ltr'><strong>uon</strong></span> <span class='ocrx_word' id='word_1_265' title='bbox 824 3203 918 3265; x_wconf 88' lang='lat' dir='ltr'><strong>posse,</strong></span> <span class='ocrx_word' id='word_1_266' title='bbox 935 3185 994 3246; x_wconf 91' lang='lat' dir='ltr'><strong>nisi</strong></span> <span class='ocrx_word' id='word_1_267' title='bbox 1009 3195 1180 3250; x_wconf 86' lang='lat' dir='ltr'><strong>transcensa</strong></span> <span class='ocrx_word' id='word_1_268' title='bbox 1196 3189 1283 3268; x_wconf 82' lang='lat' dir='ltr'><strong>fosse,</strong></span> 
     </span>
     <span class='ocr_line' id='line_1_31' title="bbox 94 3280 1286 3361; baseline 0.006 -19"><span class='ocrx_word' id='word_1_269' title='bbox 94 3281 248 3357; x_wconf 82' lang='lat' dir='ltr'><strong>viderent,</strong></span> <span class='ocrx_word' id='word_1_270' title='bbox 262 3280 295 3341; x_wconf 92' lang='lat' dir='ltr'><strong>in</strong></span> <span class='ocrx_word' id='word_1_271' title='bbox 308 3300 402 3360; x_wconf 87' lang='lat' dir='ltr'><strong>aquas</strong></span> <span class='ocrx_word' id='word_1_272' title='bbox 415 3300 479 3342; x_wconf 87' lang='lat' dir='ltr'><strong>sese</strong></span> <span class='ocrx_word' id='word_1_273' title='bbox 490 3280 684 3342; x_wconf 89' lang='lat' dir='ltr'><strong>humerorum</strong></span> <span class='ocrx_word' id='word_1_274' title='bbox 699 3289 787 3342; x_wconf 87' lang='lat' dir='ltr'><strong>tenus</strong></span> <span class='ocrx_word' id='word_1_275' title='bbox 804 3280 992 3361; x_wconf 74' lang='lat' dir='ltr'><strong>precedente</strong></span> <span class='ocrx_word' id='word_1_276' title='bbox 1007 3290 1038 3344; x_wconf 90' lang='lat' dir='ltr'><strong>et</strong></span> <span class='ocrx_word' id='word_1_277' title='bbox 1050 3285 1201 3348; x_wconf 80' lang='lat' dir='ltr'><strong>animante</strong></span> <span class='ocrx_word' id='word_1_278' title='bbox 1216 3307 1286 3348; x_wconf 90' lang='lat' dir='ltr'><strong>suos</strong></span> 
     </span>
     <span class='ocr_line' id='line_1_32' title="bbox 97 3375 1285 3464; baseline 0.006 -27"><span class='ocrx_word' id='word_1_279' title='bbox 97 3376 223 3438; x_wconf 85' lang='lat' dir='ltr'><strong>Barcne</strong></span> <span class='ocrx_word' id='word_1_280' title='bbox 236 3376 275 3438; x_wconf 90' lang='lat' dir='ltr'><strong>de</strong></span> <span class='ocrx_word' id='word_1_281' title='bbox 289 3375 368 3457; x_wconf 84' lang='lat' dir='ltr'><strong>Soye</strong></span> <span class='ocrx_word' id='word_1_282' title='bbox 381 3375 560 3458; x_wconf 85' lang='lat' dir='ltr'><strong>injecerunt,</strong></span> <span class='ocrx_word' id='word_1_283' title='bbox 573 3383 604 3436; x_wconf 90' lang='lat' dir='ltr'><strong>et</strong></span> <span class='ocrx_word' id='word_1_284' title='bbox 613 3375 645 3435; x_wconf 92' lang='lat' dir='ltr'><strong>iu</strong></span> <span class='ocrx_word' id='word_1_285' title='bbox 659 3375 783 3436; x_wconf 88' lang='lat' dir='ltr'><strong>alteram</strong></span> <span class='ocrx_word' id='word_1_286' title='bbox 796 3383 911 3458; x_wconf 89' lang='lat' dir='ltr'><strong>partem</strong></span> <span class='ocrx_word' id='word_1_287' title='bbox 925 3377 1006 3438; x_wconf 87' lang='lat' dir='ltr'><strong>enixi</strong></span> <span class='ocrx_word' id='word_1_288' title='bbox 1016 3388 1096 3446; x_wconf 90' lang='lat' dir='ltr'><strong>sunt,</strong></span> <span class='ocrx_word' id='word_1_289' title='bbox 1107 3381 1285 3464; x_wconf 90' lang='lat' dir='ltr'><strong>ensibusque</strong></span> 
     </span>
     <span class='ocr_line' id='line_1_33' title="bbox 97 3480 505 3554; baseline -0.007 -19"><span class='ocrx_word' id='word_1_290' title='bbox 97 3492 165 3536; x_wconf 89' lang='lat' dir='ltr'><strong>rem</strong></span> <span class='ocrx_word' id='word_1_291' title='bbox 178 3491 338 3554; x_wconf 88' lang='lat' dir='ltr'><strong>perurgere</strong></span> <span class='ocrx_word' id='word_1_292' title='bbox 351 3480 505 3553; x_wconf 88' lang='lat' dir='ltr'><strong>oeperunt.</strong></span> 
     </span>
    </p>

    <p class='ocr_par' dir='ltr' id='par_1_7' title="bbox 101 3557 1287 3752">
     <span class='ocr_line' id='line_1_34' title="bbox 140 3557 1287 3654; baseline 0.007 -26"><span class='ocrx_word' id='word_1_293' title='bbox 140 3568 227 3641; x_wconf 86' lang='lat' dir='ltr'><strong>Quid</strong></span> <span class='ocrx_word' id='word_1_294' title='bbox 247 3567 298 3628; x_wconf 92' lang='lat' dir='ltr'><strong>hic</strong></span> <span class='ocrx_word' id='word_1_295' title='bbox 318 3568 451 3629; x_wconf 87' lang='lat' dir='ltr'><strong>facerent</strong></span> <span class='ocrx_word' id='word_1_296' title='bbox 472 3557 578 3628; x_wconf 79' lang='lat' dir='ltr'><strong>Galli?</strong></span> <span class='ocrx_word' id='word_1_297' title='bbox 597 3587 668 3628; x_wconf 93' lang='lat' dir='ltr'><strong>cum</strong></span> <span class='ocrx_word' id='word_1_298' title='bbox 689 3587 721 3628; x_wconf 89' lang='lat' dir='ltr'><strong>se</strong></span> <span class='ocrx_word' id='word_1_299' title='bbox 740 3566 898 3628; x_wconf 80' lang='lat' dir='ltr'><strong>inferiores</strong></span> <span class='ocrx_word' id='word_1_300' title='bbox 914 3587 977 3630; x_wconf 87' lang='lat' dir='ltr'><strong>esse</strong></span> <span class='ocrx_word' id='word_1_301' title='bbox 990 3569 1129 3634; x_wconf 81' lang='lat' dir='ltr'><strong>viderent</strong></span> <span class='ocrx_word' id='word_1_302' title='bbox 1145 3593 1235 3654; x_wconf 88' lang='lat' dir='ltr'><strong>quam</strong></span> <span class='ocrx_word' id='word_1_303' title='bbox 1253 3584 1287 3636; x_wconf 90' lang='lat' dir='ltr'><strong>ut</strong></span> 
     </span>
     <span class='ocr_line' id='line_1_35' title="bbox 101 3661 1287 3752; baseline 0.006 -28"><span class='ocrx_word' id='word_1_304' title='bbox 101 3666 248 3746; x_wconf 88' lang='lat' dir='ltr'><strong>impetum</strong></span> <span class='ocrx_word' id='word_1_305' title='bbox 261 3671 396 3726; x_wconf 90' lang='lat' dir='ltr'><strong>nostrum</strong></span> <span class='ocrx_word' id='word_1_306' title='bbox 404 3661 594 3737; x_wconf 85' lang='lat' dir='ltr'><strong>sustinerent,</strong></span> <span class='ocrx_word' id='word_1_307' title='bbox 605 3663 637 3724; x_wconf 92' lang='lat' dir='ltr'><strong>in</strong></span> <span class='ocrx_word' id='word_1_308' title='bbox 647 3663 751 3745; x_wconf 77' lang='lat' dir='ltr'><strong>sugam</strong></span> <span class='ocrx_word' id='word_1_309' title='bbox 762 3662 869 3724; x_wconf 87' lang='lat' dir='ltr'><strong>iterum</strong></span> <span class='ocrx_word' id='word_1_310' title='bbox 881 3683 912 3726; x_wconf 91' lang='lat' dir='ltr'><strong>se</strong></span> <span class='ocrx_word' id='word_1_311' title='bbox 921 3662 1101 3742; x_wconf 84' lang='lat' dir='ltr'><strong>effuderunt,</strong></span> <span class='ocrx_word' id='word_1_312' title='bbox 1111 3668 1287 3752; x_wconf 88' lang='lat' dir='ltr'><strong>concitoque</strong></span> 
     </span>
    </p>
   </div>
   <div class='ocr_carea' id='block_1_4' title="bbox 0 0 1645 4700">
    <p class='ocr_par' dir='ltr' id='par_1_8' title="bbox 0 0 1645 4700">
     <span class='ocr_line' id='line_1_36' title="bbox 0 0 1645 4700; baseline 0 0"><span class='ocrx_word' id='word_1_313' title='bbox 0 0 1645 4700; x_wconf 95' lang='lat' dir='ltr'><strong> </strong></span> 
     </span>
    </p>
   </div>
  </div>
 </body>
</html>
