3225 4700
331 316 372 387 92
716 314 1129 388 ITINERARIUM.

333 469 417 543 teris,
432 477 463 531 et
477 468 679 533 bensvdentis
694 472 832 535 bunna.
852 530 858 541 ,
874 473 967 555 Agite
982 472 1009 534 si
1025 471 1084 533 riri
1098 469 1181 545 estis,
1197 488 1247 530 aas
1263 486 1337 549 ques
1352 466 1457 547 inique
1475 482 1545 525 ac-

333 564 495 645 quisivistis
509 568 673 649 contrajac
688 567 791 650 fasque
807 568 938 645 divitias,
950 569 983 629 in
997 567 1125 629 Domini
1136 566 1228 627 vestri
1242 564 1363 627 servitia
1373 570 1405 623 et
1419 560 1546 622 mffitis

331 660 449 743 egentis
461 662 619 725 commoda
630 664 812 744 profundite,
824 665 921 747 cogite
934 663 1101 746 manipulos
1112 662 1244 724 militum
1256 661 1288 721 in
1302 658 1430 721 casaris
1442 676 1549 717 arum

333 767 495 838 promptos,
506 759 585 841 agite
598 780 657 821 uon
671 780 756 823 seem
769 762 890 822 absente
899 759 991 841 quim
1004 767 1149 842 prasente
1158 758 1286 825 em,
1296 776 1388 837 quam
1400 753 1542 835 potestis

332 859 363 913 et
376 852 489 915 debetis
502 854 627 929 fortiter,
641 876 795 937 nunquam
807 856 965 918 minimam
977 856 1075 919 laudis
1087 863 1202 935 partem
1217 853 1315 915 Ducis
1329 852 1419 933 hujus
1431 850 1540 911 attiu-

333 949 420 1029 getis.
463 949 524 1012 Sed
535 952 594 1013 mei
609 952 739 1015 instituti
751 954 809 1015 hoc
825 953 891 1015 loco
902 972 963 1013 uon
978 961 1025 1013 est
1038 951 1263 1033 Panegyricum
1277 959 1387 1022 texere,
1401 947 1538 1009 alterius

332 1043 407 1107 olim
418 1044 476 1107 hoo
490 1047 548 1109 erit
560 1066 670 1130 opera,
682 1049 722 1111 ad
736 1046 902 1111 Historiam
917 1068 954 1109 ao
966 1048 1023 1110 iter
1038 1067 1140 1109 meum
1155 1048 1236 1109 uude
1250 1044 1389 1108 nonnihil
1400 1042 1531 1117 deflexi,

334 1140 433 1202 redeo.
1427 1136 1437 1150 ’

374 1238 503 1301 Deoimd
521 1239 703 1322 Septembris
719 1238 876 1301 Generalis
896 1238 1102 1301 locumtenens
1116 1238 1265 1301 exereitus
1278 1238 1373 1319 Ligoe,
1386 1237 1411 1300 J
1412 1256 1530 1299 oannes

333 1332 414 1395 tha
427 1354 497 1395 cum
512 1355 567 1397 suo
580 1335 711 1397 exercitu
725 1336 807 1397 leuto
820 1335 944 1396 omniuo
958 1336 1067 1418 gradu,
1080 1335 1166 1415 quasi
1180 1336 1293 1396 invitus
1305 1332 1528 1415 Westpbaliam

332 1446 436 1490 versus
449 1430 533 1492 abiit.
568 1431 608 1493 Iu
622 1430 804 1493 Pomeranid
816 1430 937 1493 iuterim
951 1450 998 1492 res
1009 1430 1125 1493 sortiter
1136 1432 1304 1513 gerebatur.
1337 1429 1532 1491 Obsidebaut

332 1531 404 1585 tunc
417 1525 493 1587 torte
508 1526 605 1589 hostes
620 1528 744 1603 Damiu,
760 1528 864 1589 urbem
877 1527 910 1587 iu
926 1526 1031 1608 primis
1043 1526 1174 1589 nobilem
1190 1534 1445 1607 occupaveratque
1455 1526 1525 1605 jaus

330 1618 507 1683 fortalitium
519 1623 651 1704 aliquod,
662 1625 701 1685 ad
714 1624 795 1705 quod
808 1623 1046 1704 recuperandum
1054 1624 1162 1685 mimus
1172 1632 1217 1685 est
1229 1622 1385 1705 Hispanos
1396 1622 1526 1703 quidam

332 1715 505 1779 Oolouellus
519 1719 602 1796 (Don
618 1720 750 1782 Felicem
765 1719 966 1801 appellabant)
979 1739 1050 1781 cnm
1063 1719 1263 1782 vioe-tribuno
1276 1719 1299 1782 J
1301 1720 1413 1780 uuioris
1426 1720 1526 1779 Wan-

331 1812 407 1895 gler,
423 1814 475 1895 qui
489 1824 571 1876 tauto
586 1816 701 1898 impetu
714 1817 866 1878 irruerunt
880 1825 915 1878 ut
927 1816 1043 1878 hostem
1059 1816 1131 1877 inde
1143 1817 1273 1897 ejectum
1289 1814 1462 1896 repulerint,
1476 1815 1525 1875 iu·

326 1908 441 1989 jurium
454 1908 532 1972 bauo
545 1912 758 1974 medicandam
768 1914 799 1973 in
814 1921 986 1994 sequentem
1000 1912 1081 1973 diem
1094 1910 1186 1974 hostis
1199 1911 1313 1994 rejecit,
1322 1931 1382 1994 quo
1394 1910 1525 1972 minutis

330 2014 546 2068 tormentorum
560 2007 734 2070 bellicorum
751 2008 900 2070 machinis
917 2009 960 2069 ita
975 2008 1076 2069 locum
1090 2007 1178 2069 illum
1193 2006 1392 2080 labefactavit,
1404 2015 1440 2068 ut
1452 2026 1524 2087 pars

331 2120 392 2161 una
414 2102 544 2184 collapsa
563 2104 612 2165 sit.
665 2103 821 2184 Simulque
839 2104 954 2185 impetu
972 2102 1052 2165 facto
1071 2104 1258 2187 recuperarit
1275 2104 1351 2165 oesis
1373 2103 1525 2185 plerisque

330 2195 485 2273 militibus,
503 2212 649 2281 captoque
670 2200 769 2261 Duce.
817 2198 912 2261 Hunc
931 2199 1060 2261 hostium
1078 2210 1217 2262 conatum
1234 2199 1383 2282 promovit
1398 2200 1524 2260 tarditas

331 2310 445 2368 eorum,
460 2295 514 2375 qui
526 2316 699 2358 succurrere
712 2296 745 2357 in
755 2305 887 2378 tempore
899 2294 1055 2369 debebant,
1065 2316 1136 2359 eum
1147 2297 1230 2359 enim
1240 2295 1422 2359 Gallussieus
1434 2294 1524 2356 miles

331 2407 392 2449 non
411 2390 470 2451 nisi
489 2391 588 2454 medii
610 2392 710 2454 Leucd
728 2392 860 2469 dismret,
877 2393 967 2454 facile
986 2392 1066 2454 malo
1084 2394 1251 2455 remedium
1269 2392 1347 2454 ferre
1365 2392 1522 2473 potuisset,

329 2482 518 2569 hostiumque
538 2489 696 2550 andaciam
715 2489 799 2552 nullo
818 2491 895 2571 pent
915 2489 1036 2571 negotio
1057 2489 1237 2571 infringere:
1266 2489 1340 2550 dum
1361 2488 1432 2550 verb
1451 2499 1523 2570 post

329 2579 449 2657 festum,
469 2593 504 2646 ut
522 2585 617 2660 aiunt,
638 2585 774 2668 pergitur
791 2586 825 2646 iu
844 2605 1018 2648 succursum
1032 2586 1099 2666 jam
1118 2603 1273 2657 caesorum,
1292 2585 1325 2646 iu
1343 2584 1396 2646 vit
1413 2585 1523 2667 stragis

330 2679 459 2740 nuncius
473 2681 606 2742 adfertur
621 2700 682 2761 quo
698 2681 841 2744 attonitus
856 2681 1014 2744 Generalis
1030 2681 1143 2756 Gallus,
1156 2701 1227 2742 oum
1241 2680 1356 2742 hesum
1368 2679 1521 2743 fortiorem

329 2773 422 2854 quim
437 2785 502 2838 erat
515 2777 661 2849 crederet,
674 2775 812 2838 nonnihil
826 2777 958 2839 substitit
972 2777 1071 2859 quoad
1085 2777 1241 2840 Saxonicn
1256 2778 1352 2859 copias
1369 2778 1433 2839 suis
1450 2797 1521 2839 con·

324 2869 536 2953 jungerentur.
578 2871 715 2954 Septimi
728 2871 847 2934 decimis
863 2872 1046 2954 Septembris
1063 2873 1168 2936 Suecis
1183 2873 1321 2956 proditur
1335 2874 1520 2936 Suetiueusis

329 2969 461 3049 praesidii
480 2969 627 3032 adventus
647 2969 719 3031 vino
737 2977 768 3030 et
786 2978 955 3031 commeatu
973 2969 1032 3031 alio
1051 2970 1163 3050 optime
1182 2969 1354 3046 menuctus,
1374 2970 1407 3031 iu
1426 2972 1519 3051 quod,

328 3063 445 3126 eminis
457 3063 657 3127 selectisdmis
671 3085 792 3126 suorum
808 3065 945 3146 equitum
960 3065 1080 3138 turmis,
1092 3067 1211 3127 irruunt
1227 3066 1395 3148 ereptisque
1407 3086 1520 3148 quaese·

329 3177 399 3219 cnm
412 3158 551 3237 ducebat,
565 3161 741 3224 ceciderunt
753 3160 828 3222 alios
839 3181 878 3222 ex
890 3159 1045 3236 militibus,
1059 3159 1132 3222 alios
1144 3161 1279 3242 captivos
1290 3165 1392 3225 seorim
1404 3165 1519 3226 abdux-

328 3261 426 3316 erunt.
459 3255 611 3320 Vicesimo
624 3256 806 3340 Septembris
819 3257 893 3319 dum
904 3257 1025 3340 propius
1037 3257 1171 3321 Domino
1184 3261 1362 3322 admovetur
1373 3262 1519 3323 emreitus

328 3358 437 3425 noster,
451 3351 489 3412 ab
501 3349 632 3416 hostibus
645 3352 716 3415 hino
732 3353 803 3416 iude
820 3353 906 3415 nobis
922 3350 1133 3416 insidiantibus
1144 3355 1261 3437 aliquid
1277 3357 1385 3440 stragis
1396 3359 1517 3439 patitur.

329 3447 534 3512 Nihilominus
552 3451 656 3514 Iberui
674 3453 767 3515 nostri
784 3472 856 3514 oum
872 3451 940 3513 aliis
956 3453 1136 3534 legionibus
1153 3453 1333 3532 quibusdam
1348 3453 1389 3515 ad
1406 3474 1517 3536 expug-

327 3543 459 3606 nandam
467 3546 580 3608 Arcem
595 3546 682 3609 Plau
694 3548 864 3622 mittuntur,
873 3567 964 3629 quam
976 3549 1102 3611 feliciter
1113 3547 1255 3609 vicesimo
1268 3559 1374 3612 octavo
1384 3551 1516 3633 Septem·

329 3640 391 3704 bris
404 3640 596 3726 ooeupdruut,
612 3645 701 3707 militi
714 3644 900 3726 praesidiario
912 3645 1004 3706 vitam
1016 3646 1214 3708 concedentes
1229 3645 1421 3709 incolumem.
1462 3647 1515 3710 Iu-
