3225 4700
348 298 411 365 280
735 291 1137 362 ITINERARIUM.

347 459 510 513 monstrare
522 449 626 512 voluit.
675 446 818 510 Meminit
836 448 979 511 Giraldus
998 449 1189 512 cambrensis
1205 449 1244 513 de
1263 449 1331 514 lacu
1351 451 1499 514 Ernemsi
1521 451 1562 512 in

350 545 550 629 Farmanagli‚
570 544 652 626 quod
670 544 741 605 olim
760 543 826 606 lons
845 544 944 618 fixerit,
965 547 1018 606 sed
1037 546 1075 607 ob
1094 545 1261 608 incolarum
1280 547 1444 610 nefandam
1469 568 1560 609 cum

346 645 448 707 bestiis
456 663 612 704 veneream
623 640 879 716 consuetudinem,
892 641 961 702 Deo
970 641 1055 714 irato,
1067 642 1097 701 in
1109 649 1221 703 tantam
1231 663 1375 724 aquarum
1386 645 1558 705 diluviem

347 739 509 820 crepuisse,
523 748 557 800 ut
569 746 665 800 totum
681 757 749 798 eum
768 745 896 798 tractum
913 757 983 798 cum
1003 737 1172 799 hominibus
1188 738 1381 801 inundatione
1398 741 1558 800 submer-

346 837 427 898 serit.
477 834 568 897 Certe
595 853 651 894 neo
677 833 741 914 ipsa
761 832 890 894 Noetioa
910 832 1067 894 inundatio
1085 841 1176 895 unta
1195 835 1374 915 turpitudini
1394 835 1554 898 elueudae

346 929 520 1006 suffecisset,
532 951 588 991 neo
601 929 777 991 Barbariem
790 933 874 989 omni
888 928 1033 989 Barbarie
1044 929 1186 1010 majorem
1198 930 1395 993 demersisset.

386 1025 598 1088 Obmuteaoitis
612 1024 783 1105 aliquando,
798 1024 1037 1099 calumniatores,
1050 1025 1090 1086 ad
1102 1036 1164 1086 tam
1177 1024 1258 1086 clara
1271 1027 1428 1088 Barbarioi
1439 1026 1550 1089 Ulto-

346 1121 457 1184 niensis
468 1121 637 1184 testimonia
649 1131 680 1181 et
691 1131 794 1201 aperta
807 1121 937 1193 indicia;
963 1122 1046 1201 quod
1062 1121 1089 1182 si
1106 1120 1184 1182 ultro
1200 1142 1249 1184 me
1263 1122 1407 1204 impetere
1423 1123 1550 1184 vestris

347 1217 539 1279 clandestinis
552 1216 634 1278 oanis
647 1215 803 1278 calumniis
817 1216 968 1292 nitimini3
990 1225 1092 1278 cavete
1105 1216 1227 1277 malum.
1269 1217 1360 1290 Quod
1376 1218 1546 1280 sicalum·

346 1314 411 1374 nias
424 1311 582 1374 calumniis
595 1310 728 1372 refellere
742 1331 862 1392 aequum
875 1321 1034 1392 putassem,
1048 1310 1198 1373 habuisset
1211 1313 1343 1376 calamus
1353 1333 1438 1376 mens
1451 1322 1546 1374 atra-

345 1411 439 1472 menti
458 1408 629 1489 plurimum,
650 1407 690 1468 ad
709 1427 762 1469 vos
781 1407 879 1469 Zoilus
897 1428 978 1469 meos
998 1407 1208 1490 denigrandos‚
1229 1409 1273 1470 ita
1287 1417 1322 1471 ut
1337 1431 1377 1471 ne
1391 1409 1545 1471 homines

346 1506 468 1585 quidem
490 1523 553 1564 esse
572 1503 761 1564 videremini.
803 1503 887 1576 Quos
906 1523 972 1584 ego.
1013 1503 1076 1566 Sed
1094 1512 1190 1566 motos
1209 1514 1330 1585 prestat
1349 1525 1544 1587 componere

347 1601 467 1662 fluctus.

385 1695 473 1757 Bond
493 1703 602 1768 tamen,
622 1695 813 1758 Ultonienses
831 1695 941 1768 ceteri,
961 1695 1061 1758 vestra
1077 1695 1166 1757 venii
1182 1697 1216 1760 id
1233 1698 1314 1779 quod
1333 1716 1404 1758 vere
1420 1695 1541 1777 scripsi

344 1793 482 1867 dixerim,
496 1811 593 1873 neque
606 1791 686 1852 enim
699 1791 774 1854 mihi
787 1812 857 1854 cum
870 1792 1041 1853 mortalium
1054 1811 1214 1873 quoquam,
1228 1813 1318 1874 quarn
1331 1811 1403 1854 cum
1411 1793 1539 1853 obtrec-

344 1887 487 1950 tatoribus
500 1887 574 1948 meis
587 1905 633 1948 res
647 1894 702 1958 est,
716 1907 773 1970 nec
786 1906 920 1967 unquam
933 1887 1080 1948 calamum
1093 1897 1196 1949 oontm
1215 1888 1312 1950 ullum
1329 1886 1535 1961 strinxissem,

345 1981 496 2064 (quoniam
517 1981 653 2062 prodesse
672 1983 769 2063 potius
787 2003 878 2064 quarn
896 1985 998 2045 obesse
1015 1983 1151 2045 omnibus
1167 1986 1285 2062 studeo)
1303 1983 1361 2045 nisi
1378 2003 1428 2046 me
1440 1983 1485 2045 ad
1497 1983 1538 2044 id

344 2078 507 2160 coagissent
520 2077 631 2158 scripta
643 2077 781 2153 nefande,
796 2097 865 2158 quae
878 2079 910 2139 in
927 2098 977 2139 me
993 2075 1128 2139 homines
1146 2099 1251 2160 parum
1270 2079 1302 2140 in
1320 2077 1378 2140 hoc
1393 2077 1535 2162 religiosi

343 2175 374 2235 in
388 2172 521 2234 exercitu
535 2173 670 2236 Oaesareo
680 2173 853 2234 seminanda
863 2173 1071 2248 submiserunt,
1082 2192 1151 2253 quoe
1161 2174 1301 2256 pleraque
1311 2185 1480 2256 opportune
1490 2176 1534 2237 ad

343 2291 391 2332 me
408 2269 441 2329 in
458 2267 661 2352 authographo
679 2278 833 2331 auctorum
851 2270 1045 2332 devenerunt.
1091 2269 1168 2342 Quae
1185 2271 1250 2332 aine
1266 2270 1358 2331 dubio
1374 2271 1442 2332 orbi
1460 2271 1533 2332 vul·

342 2386 458 2449 gessem
471 2366 654 2439 detestanda,
669 2365 727 2426 nisi
739 2366 777 2426 ab
789 2365 880 2426 amici
893 2365 1018 2426 consilio
1030 2364 1152 2426 fuissem
1165 2374 1307 2427 retentus.
1348 2366 1413 2429 Sile
1425 2367 1532 2447 itaque

345 2463 502 2524 Francisee
517 2462 546 2523 Ο
561 2460 696 2523 Ferrallr
723 2462 801 2523 Tace
815 2461 929 2523 Finelle
948 2460 1013 2521 Fite
1027 2460 1163 2537 Patriclr‚
1182 2463 1350 2523 obmutesce
1366 2462 1532 2525 Francisce

343 2560 417 2621 Mac
431 2559 554 2634 Eennis,
569 2579 625 2619 neo
638 2558 721 2620 vobis
734 2568 801 2640 post
814 2557 871 2620 heo
883 2557 995 2619 malum
1008 2566 1090 2637 pasta
1101 2557 1225 2619 ulterius
1238 2558 1381 2619 causatis:
1405 2578 1461 2621 vos
1478 2579 1532 2620 me

342 2656 454 2739 priores
477 2654 675 2735 impetivistis,
698 2674 768 2715 cum
790 2654 903 2716 nullam
921 2654 1006 2716 vobis
1023 2654 1159 2716 dederim
1178 2652 1384 2715 rationabilem
1404 2674 1533 2716 causam

343 2751 569 2825 calumniarum,
592 2750 789 2811 calumniatus
806 2770 901 2811 essem
920 2758 951 2810 et
971 2769 1038 2830 ego,
1058 2749 1118 2809 nisi
1140 2768 1188 2810 me
1211 2748 1313 2831 magui
1333 2747 1532 2812 Constantini

342 2850 434 2911 verba
446 2848 478 2909 in
492 2866 630 2908 consessu
642 2844 805 2907 multorum
819 2846 1033 2927 Episcopomm
1047 2854 1078 2907 et
1091 2846 1258 2907 Doctorum
1267 2847 1400 2907 virorum
1410 2846 1532 2927 prolata

343 2943 556 3007 cohibuissent:
580 2940 670 3002 refert
681 2960 718 3001 ea
731 2939 932 3002 Theodoretus
947 2940 1047 3001 Liba.
1062 2960 1127 3021 cap.
1142 2962 1178 3002 ιι.
1206 2942 1278 3004 Non
1291 2951 1406 3023 oportet
1419 2943 1530 3005 Sacer·

342 3041 447 3102 dotum
460 3036 689 3100 exorbitationes
701 3036 793 3119 vulgo
806 3036 999 3121 ipnotescere‚
1011 3056 1049 3097 ne
1063 3036 1122 3098 illis
1135 3037 1241 3099 offensi
1253 3038 1420 3099 reddantur
1432 3039 1530 3100 auda·

342 3135 446 3196 oiores.
475 3133 509 3195 Si
521 3132 585 3195 dixi
599 3132 715 3214 Anglos
729 3131 813 3193 vobis
826 3131 916 3193 finisse
926 3150 1043 3192 morum
1056 3132 1223 3215 magiam,
1236 3132 1301 3194 dixi
1313 3132 1395 3214 quod
1408 3144 1524 3212 resest3

341 3229 367 3291 si
384 3228 448 3289 dixi
462 3228 653 3290 Ultonienses
673 3226 764 3289 fuisse
780 3226 853 3288 olim
873 3227 1033 3303 Barbaros,
1050 3248 1156 3289 verum
1174 3229 1257 3303 dixi3
1284 3249 1340 3290 nec
1359 3228 1449 3291 video
1468 3250 1525 3293 eur

343 3321 418 3387 mihi
430 3322 498 3383 ideo
511 3323 722 3393 succenseatis;
741 3342 802 3383 non
817 3322 955 3403 equidem
970 3323 1059 3385 unios
1072 3324 1205 3386 nocentis
1218 3323 1361 3387 delictum
1375 3326 1527 3389 redundat

342 3422 374 3484 in
393 3421 580 3482 innocentem
594 3421 633 3499 (si
646 3432 744 3482 temen
759 3419 929 3494 Barbaries,
943 3420 1086 3501 adquam
1099 3420 1184 3501 quasi
1196 3431 1359 3482 nascuntur
1376 3422 1464 3484 initia
1475 3444 1524 3485 re·

342 3515 606 3599 rempublicam,
628 3516 735 3579 vitium
755 3515 819 3577 dici
836 3515 954 3592 debeat)
973 3518 1079 3578 amabo
1097 3516 1172 3597 quid
1189 3536 1266 3592 mea,
1288 3527 1342 3579 tua
1362 3519 1523 3582 alteriusve

341 3616 472 3690 interest,
486 3612 556 3674 siin
570 3611 837 3694 Archiepiscopatu
850 3611 1114 3695 Megdeburgensi,
1134 3614 1187 3693 qui
1205 3614 1374 3677 Primatum
1392 3615 1424 3675 in
1443 3616 1522 3678 Ger·

342 3708 442 3773 manib
453 3717 542 3784 tenet,
561 3707 647 3770 multi
665 3708 736 3770 mali
753 3728 789 3770 ac
809 3706 908 3771 vitiosi
925 3707 1130 3789 reperienturl
1159 3708 1211 3771 An
1231 3709 1300 3772 ideo
1319 3730 1385 3792 ego,
1406 3722 1450 3785 tu,
1471 3712 1520 3772 vel
