3225 4700
500 344 521 410 Ι
528 344 586 410 '1¹1
591 343 810 411 NERARI
821 346 906 414 UM.
1239 353 1302 416 383

92 500 270 561 timidiores
284 500 442 562 fortissime
456 500 660 562 obsidentibus
673 501 857 572 restiterunt,
871 523 906 564 ec
921 505 1018 566 varios
1032 503 1159 566 assultus
1169 506 1303 568 animose

95 598 291 674 retuderunt,
309 600 340 660 in
357 599 468 679 quibus
485 598 630 681 nongenti
651 598 739 660 facite
757 600 796 660 de
816 601 1065 663 Wimariensibus
1085 604 1301 664 occubuerunt.

96 696 219 758 Adfuit
237 697 311 757 dum
331 695 397 758 baee
414 706 555 778 aguntur,
574 696 742 777 opportune
760 696 783 758 J
786 697 918 758 ohannes
934 697 1088 760 Werthius
1108 720 1179 760 cum
1203 699 1304 780 aliquo

98 795 240 874 equitatu
254 795 292 856 ad
312 794 497 856 liberandam
512 793 666 853 obsidione
680 792 784 854 urbem
801 795 945 866 intentus,
964 797 1050 877 cujus
1066 796 1256 877 praeentiam
1271 806 1305 858 ut

99 895 275 972 cognouere
288 892 452 954 adversarii
464 890 589 952 sublatis
602 891 709 951 castris
723 901 919 952 recesserunt.

154 989 360 1050 Excurrerant
385 989 509 1050 ducenti
537 988 659 1048 circiter
680 988 796 1068 equites
824 988 1050 1062 Wimarienses,
1076 989 1158 1069 iique
1187 991 1306 1072 potissi·

104 1106 190 1146 mam
210 1100 325 1166 partem
344 1084 486 1146 officiales
505 1084 661 1166 Viliugam
676 1104 772 1164 usque
793 1085 876 1146 unde
895 1086 971 1146 duos
989 1085 1127 1166 praelatos
1148 1097 1178 1149 et
1199 1089 1306 1149 Domi·

104 1203 183 1242 num
205 1184 243 1244 de
265 1183 419 1244 Newbaus
441 1181 576 1262 captivos
597 1201 699 1242 secum
725 1191 891 1242 traxerunt.
932 1182 995 1254 Qui
1019 1183 1093 1243 dum
1116 1197 1306 1247 revertuntur

105 1299 202 1360 prope
222 1278 397 1361 Tntlingam
421 1279 441 1340 b
465 1277 594 1340 Bavaris
614 1277 790 1360 cinguntur,
810 1292 840 1340 et
861 1279 995 1360 plerique
1020 1280 1156 1361 pauculis
1175 1283 1306 1362 exeeptis

103 1377 319 1438 conciduntur.

152 1473 238 1536 Inter
255 1475 309 1534 bas
323 1473 520 1543 velitationes‚
535 1473 729 1553 quantumvis
744 1473 826 1534 leves
840 1493 902 1534 esse
916 1475 1104 1549 videbantur,
1120 1475 1192 1556 quia
1205 1483 1305 1537 tamen

105 1572 223 1632 crebrae
236 1583 331 1646 erant,
342 1571 423 1633 intra
432 1573 522 1632 breve
536 1581 653 1651 tempus
663 1570 836 1632 notabiliter
846 1571 1005 1633 decrevere
1017 1571 1306 1634 Gallo-Wimarien·

105 1668 188 1728 sium
203 1667 309 1748 copiae,
323 1688 451 1748 quarum
472 1679 504 1730 ut
516 1669 602 1729 novis
619 1669 764 1750 suppetiis
783 1669 916 1730 defectus
930 1670 1119 1752 suppleretur
1133 1672 1308 1734 adlaboran-

107 1765 184 1825 dum
203 1764 272 1835 fuir,
290 1785 330 1826 ne
349 1765 493 1847 paulatim
513 1765 662 1826 exercitus
682 1765 800 1846 penitus
821 1777 1019 1828 evanesceret.
1062 1767 1231 1829 Commissa
1250 1768 1309 1830 fnit

107 1860 163 1921 illa
190 1881 262 1921 cura
287 1860 484 1922 Serenissimo
506 1862 753 1943 Angnineusium
778 1863 872 1936 Duci,
898 1863 950 1944 qui
970 1863 1103 1925 collectis
1123 1865 1221 1926 subito
1241 1875 1309 1926 octo

107 1957 246 2019 millibus
263 1958 393 2019 militum
409 1958 555 2021 festinatis
572 1959 727 2020 itineribus
747 1960 788 2020 ad
810 1959 952 2020 Rhenum
973 1962 1153 2042 properavit,
1174 1981 1210 2022 ac
1230 1963 1309 2022 intra

108 2075 224 2136 paucos
237 2055 303 2116 dies
318 2055 550 2116 Dacbsteinium
564 2055 691 2136 appulit,
707 2065 797 2136 utque
811 2056 878 2117 istic
893 2057 911 2115 b
924 2055 994 2118 belli
1009 2056 1134 2118 ducibus
1147 2057 1309 2141 magnifice

107 2163 252 2234 acceptus
265 2162 310 2212 est
322 2151 505 2232 displosione
518 2153 654 2213 omnium
666 2161 891 2222 tormentorum,
902 2163 933 2214 et
942 2153 1051 2234 soepius
1062 2154 1167 2214 iterata
1177 2154 1309 2214 universi

108 2249 260 2309 exercitus
273 2247 370 2309 fausti
394 2247 619 2322 acclamatione,
638 2267 728 2328 quam
748 2248 901 2310 animabat
916 2269 982 2330 spes
997 2251 1125 2332 argenti,
1144 2251 1226 2332 quod
1244 2250 1310 2310 An·

109 2344 303 2428 guiueusinm
323 2345 443 2406 Ducem
460 2344 623 2408 contulisse
640 2365 695 2426 pro
712 2344 859 2407 solutione
878 2345 982 2407 militis
996 2345 1093 2408 lausto
1109 2368 1230 2409 rumore
1245 2368 1311 2430 per·

108 2453 240 2523 ceperat.

154 2538 250 2600 Haud
268 2538 365 2599 leuius
379 2538 596 2620 triumphatum
611 2549 657 2601 est
677 2539 797 2601 Brisaei
811 2539 850 2601 de
864 2539 945 2601 felici
963 2541 1096 2602 advemu
1110 2539 1184 2601 dicti
1202 2540 1308 2616 Ducis,

110 2638 199 2719 cujus
212 2637 319 2697 honori
337 2637 470 2698 ducenta
487 2657 572 2697 aenea
586 2648 735 2697 tormenta
753 2637 858 2697 iterata
871 2636 937 2697 vioe
954 2636 1075 2717 explosa
1091 2648 1170 2709 suut,
1181 2637 1248 2699 festi
1265 2639 1312 2699 iu·

110 2754 203 2815 super
223 2733 309 2815 ignes
327 2734 457 2808 accensi,
472 2744 503 2794 et
522 2733 591 2794 miri
610 2732 709 2813 operis
729 2732 870 2795 machina
889 2735 929 2795 ad
944 2735 1104 2815 jaciendos
1124 2734 1210 2815 ignes
1230 2736 1312 2796 fabre

110 2830 204 2908 fucta,
229 2833 281 2894 rix
299 2854 434 2913 uuquam
454 2834 491 2893 ab
505 2830 736 2892 immemorabili
757 2840 891 2912 tempore
915 2852 1041 2892 aceensa
1063 2831 1211 2913 (jaciebat
1231 2832 1313 2893 enim

111 2928 234 3011 globum
254 2943 376 2990 centum
397 2929 617 3012 quinquaginta
637 2928 797 3004 librarum)
817 2928 927 3009 soepius
951 2937 1073 2989 onerata
1092 2937 1311 3008 exonerataque

112 3034 168 3087 est.
212 3026 272 3087 His
285 3026 327 3086 ita
340 3026 485 3086 consectis
498 3046 568 3086 cum
581 3024 709 3085 residuis
722 3023 784 3084 suis
798 3024 906 3085 turmis
919 3024 993 3085 Dux
1006 3024 1197 3106 Anguinoeus
1212 3023 1312 3085 Metas

115 3142 217 3185 versus
230 3142 267 3183 ac
280 3123 352 3184 inde
365 3121 405 3183 ad
418 3121 554 3202 bybema
565 3142 620 3183 sua
632 3140 768 3183 reversus
781 3130 835 3181 est.

155 3220 383 3283 constituerant
391 3219 514 3301 quidem
525 3239 627 3279 mense
636 3218 805 3279 Novembri
816 3217 1144 3290 Gallo-Wimarienses,
1156 3225 1311 3298 postquam

113 3318 242 3382 diversis
250 3319 309 3379 viis
320 3317 443 3399 Sylvam
457 3315 586 3399 Nigrum
600 3314 787 3376 transiissent
798 3314 961 3376 Rotwilam
975 3334 1071 3395 nupcr
1085 3312 1219 3373 relictam
1234 3312 1312 3372 nord

113 3414 269 3478 obsidione
282 3424 406 3489 tentare,
426 3414 479 3475 sed
497 3422 652 3473 mutarunt
667 3430 727 3471 nou
742 3409 838 3471 multb
857 3420 923 3491 post
940 3412 1029 3471 certis
1046 3430 1083 3470 ex
1100 3410 1197 3470 causis
1214 3409 1312 3469 consi·

113 3513 189 3574 lium
203 3531 239 3572 ac
258 3530 361 3571 versus
380 3509 557 3571 Danubium
571 3506 733 3568 simulatb'
723 3528 756 3567 un
774 3507 963 3569 Bavariam
954 3506 1130 3588 irruptione,
1144 3525 1175 3565 se
1190 3524 1313 3565 conver·

114 3618 226 3679 terunt,
237 3608 396 3707 sperabant
405 3605 486 3667 enim
497 3606 642 3677 futurum,
655 3612 688 3664 ut
700 3602 771 3665 Boii
782 3603 941 3665 videntes
933 3614 990 3665 rtcr
1002 3622 1091 3663 suum
1105 3601 1136 3661 in
1150 3600 1312 3661 Bavariam

17 3699 19 3706 '
115 3706 218 3787 dirigi,
231 3726 263 3767 se
277 3674 433 3767 confestim
453 3704 560 3765 eodem
575 3699 718 3762 directuri
737 3712 843 3773 essent,
858 3710 889 3761 et
907 3700 1067 3761 munitiora
1081 3697 1147 3760 loca
1161 3716 1314 3778 praeoccu·
