3225 4700
348 296 393 358 8⁰
747 280 1148 354 ITINERARIUM.

348 442 545 525 sequebantur
558 440 671 525 pedites
683 440 816 503 eouclusi
828 460 867 502 ex
879 439 1004 520 utrique
1016 447 1099 519 parte
1110 435 1223 519 insigni
1237 435 1383 517 equitatu,
1395 436 1565 499 suecede-

349 540 422 601 bant
433 559 471 599 ex
483 548 565 619 perte
578 537 700 601 dexteri
712 546 743 599 et
757 536 876 598 sinistri
888 544 1034 598 tormenta
1049 534 1164 615 majora
1175 542 1297 594 centum
1308 533 1433 594 omnino
1445 542 1479 595 et
1492 534 1565 595 tri·

349 636 444 718 ginta,
459 654 586 715 quorum
596 633 735 695 'medium
749 632 882 715 legiones
896 630 1011 711 aliquot
1025 630 1175 691 tenebant.
1216 628 1266 689 Ita
1284 629 1378 709 igitur
1391 630 1562 712 progressi

347 732 494 815 vigesimo
501 739 607 813 quarto
616 730 667 792 die
676 730 809 811 ejusdem
816 728 953 790 venimus
963 726 1153 807 adoppidum
1160 725 1272 797 Mirbo,
1280 725 1560 787 adMarohiouem

348 829 388 890 de
399 828 500 889 Mirbo
514 835 658 910 spectans,
668 826 718 887 hie
729 846 799 887 curn
808 844 842 885 se
853 822 1006 886 Gallicum
1015 822 1188 904 presidium
1196 822 1306 883 dedere
1318 822 1452 896 nollent
1464 822 1562 885 But-

348 924 411 986 lero
421 932 452 985 et
459 923 642 1007 Wanglervi
651 928 908 1005 expugnetumest
916 918 1000 981 carus
1008 918 1145 979 omnibus
1155 927 1319 999 pretereos
1328 918 1381 999 qui
1390 919 1430 980 ad
1439 940 1553 980 arcem

348 1020 555 1103 confugerant,
566 1020 675 1100 quibus
687 1017 935 1088 incolumitatem,
948 1016 974 1077 si
986 1036 1019 1077 se
1032 1016 1185 1089 dederent,
1198 1015 1445 1096 sposponderunt.
1485 1017 1552 1077 vi-

348 1116 463 1199 gesimo
480 1117 587 1197 quinto
603 1114 693 1195 hujus
705 1112 825 1175 Oroete
842 1113 937 1173 nostri
951 1110 1146 1173 Postilionem
1162 1131 1233 1172 cum
1248 1110 1343 1173 literis
1355 1112 1451 1193 Regis
1466 1112 1551 1173 Gal-

348 1213 457 1274 lierum
470 1214 510 1276 ed
524 1209 715 1274 cardinalem
728 1209 767 1270 de
779 1206 811 1267 le
823 1207 941 1269 Valette
953 1208 1190 1288 interceperunt:
1212 1208 1389 1287 quoeodem
1400 1208 1452 1269 die
1459 1208 1549 1291 jussi

347 1319 419 1369 sunt
437 1310 593 1390 Dragones
611 1325 714 1367 omues
731 1303 935 1385 Iotharingiae
951 1302 1072 1364 Ducem
1088 1303 1184 1383 sequi,
1202 1323 1277 1383 quos
1293 1303 1440 1385 vigesimo
1459 1325 1547 1365 nono

347 1406 403 1466 sub
416 1413 535 1465 noctem
549 1401 694 1483 applicuit
706 1400 832 1473 civitati,
845 1419 936 1481 quam
949 1399 1033 1461 Galli
1044 1399 1201 1461 nominent
1214 1400 1247 1461 S.
1261 1399 1285 1462 J
1286 1418 1352 1460 ean.
1365 1400 1404 1461 de
1418 1400 1517 1462 Ioan.

368 1504 373 1521 “
389 1500 532 1561 Calendis
550 1497 729 1560 Novembris
746 1495 820 1558 hori
836 1497 931 1557 noctis
948 1494 1045 1577 primi
1059 1495 1163 1557 Gallos
1181 1497 1212 1557 in
1227 1496 1289 1557 suis
1304 1497 1543 1579 propugnaculis

348 1594 550 1676 impetivimus
561 1603 591 1655 et
600 1592 737 1655 felicibus
750 1591 889 1673 auspiciis
901 1591 1079 1673 expulimus,
1090 1593 1290 1674 pugnavimus
1303 1593 1373 1654 dein
1383 1602 1415 1655 et
1425 1595 1543 1655 moeuia

347 1689 509 1772 majoribus
528 1688 682 1777 tormentis
700 1687 905 1768 quassavimus
924 1688 1020 1749 donec
1040 1688 1158 1749 diluxit.
1210 1687 1349 1749 Ducebat
1370 1697 1440 1751 tunc
1459 1690 1539 1751 sorte

348 1806 455 1867 agmen
469 1793 500 1846 et
511 1804 627 1865 semper
640 1784 671 1845 iu
684 1783 782 1866 primd
795 1784 860 1845 acie
873 1784 1062 1865 praeliabatur
1075 1784 1233 1845 Generalis
1245 1783 1402 1865 praefectus
1414 1787 1537 1847 excubi-

346 1902 432 1943 arum
451 1880 635 1943 Enekeforth
652 1878 738 1941 miles
750 1880 822 1941 saue
839 1879 1000 1955 masculus,
1014 1878 1064 1940 hic
1077 1878 1133 1941 sud
1149 1880 1305 1961 pruentii
1317 1882 1392 1943 adeo
1409 1882 1537 1943 militem

347 1978 508 2050 animabat,
521 1985 556 2038 ut
573 1973 742 2057 contempti
756 1974 820 2036 viti
834 1975 867 2035 in
882 1974 1116 2058 propugnacula,
1131 1984 1273 2055 tauquam
1285 1977 1312 2037 si
1324 1986 1426 2038 nostra
1440 1977 1538 2040 forent

346 2074 516 2134 eniteretur.
546 2072 698 2154 Superatis
710 2071 757 2132 his
769 2070 918 2146 omnibus,
929 2071 1029 2132 denuo
1041 2072 1153 2133 moenia
1162 2092 1269 2152 quassa
1280 2073 1377 2135 eunti
1389 2077 1537 2137 matutino

346 2168 460 2230 sufficet
472 2167 615 2241 diluculo,
627 2186 720 2246 usque
729 2167 769 2228 ad
781 2166 886 2227 horam
896 2167 1131 2247 pomeridianam
1143 2168 1272 2243 tertiam,
1281 2179 1454 2249 sequentem
1464 2172 1536 2233 vero

347 2274 464 2327 noctem
482 2265 613 2345 quietem
629 2262 792 2345 exegimus.
835 2262 899 2324 Sub
911 2283 1065 2345 vesperam
1081 2272 1181 2325 tamen
1199 2273 1345 2326 tormenta
1361 2275 1462 2329 nostra
1475 2268 1535 2329 alid

347 2361 471 2422 reducta
483 2371 562 2437 sunt,
577 2360 732 2441 vocatique
746 2378 850 2421 omues
864 2360 1022 2443 Dragones
1033 2360 1164 2441 exeeptis
1176 2359 1246 2422 solis
1256 2362 1374 2424 Ibernio
1385 2373 1416 2425 et
1426 2363 1535 2439 Sectis,

346 2458 399 2537 qui
418 2456 557 2539 periculis
576 2477 667 2536 quarn
688 2457 817 2518 maxime
835 2465 921 2518 erunt
939 2457 1075 2538 expositi,
1096 2476 1150 2518 seu
1167 2457 1202 2518 id
1220 2457 1334 2518 factum
1354 2459 1445 2521 fuerit
1466 2461 1537 2523 odio

346 2553 443 2635 gentis
460 2552 647 2633 alienigene,
661 2571 699 2612 au
716 2551 902 2635 negligentid
918 2561 949 2614 et
964 2552 1123 2626 oblivione,
1139 2550 1221 2614 haud
1236 2551 1340 2633 liquet,
1357 2563 1473 2616 certum
1491 2566 1536 2618 eat

345 2667 395 2710 eos
405 2647 461 2710 hee
475 2648 507 2709 in
516 2647 642 2709 statione
651 2657 713 2708 tum
723 2647 850 2709 viriliter
859 2667 1017 2728 pugnasse,
1028 2658 1062 2709 ut
1071 2657 1248 2730 spectatores
1257 2651 1420 2712 meruerint
1428 2650 1535 2715 habere

345 2762 476 2804 summos
492 2743 583 2819 viros,
603 2742 701 2822 ipsum
718 2742 809 2803 etiam
823 2742 1006 2820 Gallaasum,
1024 2742 1127 2805 Duces
1139 2743 1352 2826 Iothuringiae,
1367 2745 1535 2820 Florentiae,

346 2837 553 2922 Portugallioe,
567 2837 725 2910 coleredo,
737 2837 947 2900 Marehionem
957 2840 995 2901 de
1005 2839 1119 2916 Graua,
1129 2840 1280 2903 Comitem
1288 2839 1534 2926 Rippergensem,

346 2935 498 2998 Batonem
517 2936 556 2997 de
576 2935 655 3010 Suis,
679 2934 824 3016 Iemboy,
847 2933 1035 3010 Femamont,
1057 2936 1176 3017 Mercy,
1196 2936 1297 3017 quoad
1319 2937 1391 3018 ipsis
1413 2940 1535 3004 tandem

345 3031 545 3111 suppetiatum
554 3031 661 3092 missus
674 3040 729 3106 est,
735 3031 833 3112 jussu,
844 3039 879 3092 ut
892 3031 1034 3107 creditur,
1048 3032 1144 3092 Ducis
1154 3031 1355 3114 Intlraringioe
1363 3033 1534 3098 Colouellus

346 3123 440 3186 Verni
456 3145 525 3187 cum
543 3128 658 3188 duabus
676 3127 824 3206 Equitum
840 3126 957 3199 turmis,
974 3128 1061 3208 eujus
1078 3148 1135 3209 ope
1151 3126 1267 3189 hostem
1285 3129 1458 3210 repulerunt
1473 3153 1532 3194 nou

344 3219 409 3280 sine
429 3221 514 3303 grsvi
533 3222 629 3284 elude.
691 3222 894 3286 Immortalem
914 3222 972 3284 sibi
994 3233 1067 3285 tunc
1086 3225 1206 3286 laudem
1228 3225 1344 3305 peperit
1362 3226 1533 3292 Waltherus

346 3315 519 3392 Deveroux,
532 3318 585 3398 qui
600 3318 662 3380 illie
678 3339 747 3380 curu
762 3318 894 3399 Imperio
909 3330 1050 3398 preerat.
1088 3319 1128 3380 In
1144 3319 1313 3382 societatem
1330 3322 1401 3383 vero
1418 3322 1532 3386 fortitu·

344 3409 425 3472 dinis
446 3413 511 3492 ejus
537 3424 684 3476 venerunt
706 3413 856 3476 Colonelli
876 3414 1042 3492 Worloolri,
1063 3425 1095 3477 et
1117 3416 1257 3478 Salomon
1281 3417 1320 3478 de
1340 3418 1370 3478 le
1393 3419 1530 3483 Moville.

342 3506 581 3570 Vise-Colonelli
595 3509 769 3584 D'esmond,
782 3509 806 3572 J
807 3511 915 3572 asobus
932 3510 1068 3586 Gordon,
1083 3512 1221 3573 Florinus
1236 3512 1440 3580 Fdrstennaw.
1476 3519 1532 3580 Jo-

342 3622 435 3668 aunes
446 3603 597 3668 Henricus
607 3603 678 3669 Gall
691 3603 863 3688 vigiliarum
873 3606 1049 3685 Praefectus,
1057 3607 1215 3690 Capitauei
1226 3609 1331 3673 Sterin
1343 3622 1374 3674 et
1383 3613 1531 3680 Robertus
