3225 4700
505 324 912 396 ITINERARIUM.
1235 329 1299 395 403

76 509 168 551 eum
190 490 311 554 aliunde
332 493 485 575 prouisum
509 515 573 556 esse
598 494 794 577 Buluqnierio
814 504 844 556 et
864 495 960 556 milite
979 494 1153 576 presidium
1173 505 1295 558 suctum

76 589 323 669 comperissent,
345 607 415 652 curn
434 593 517 653 omni
536 613 608 652 mox
627 602 773 674 uppnrntu
793 612 849 653 sno
870 592 1009 653 recedere
1027 592 1124 654 coacti
1145 602 1215 654 sunt
1234 614 1294 655 nou

75 683 161 745 sine
175 686 286 747 damno
299 707 355 748 sno
367 689 548 751 instantibus
562 688 581 750 d
594 699 680 770 tergo
692 688 826 751 hostibus
841 689 950 751 Gallis.
988 726 991 736 ν

137 780 356 845 Picolomiuius
370 806 489 867 qnoque
502 788 556 868 qni
571 804 631 846 non
647 787 689 847 im
700 786 817 867 pridem
833 786 979 848 dOaesere
993 787 1133 848 dimissus
1145 787 1252 860 fueret,
1264 797 1295 850 et

75 879 133 938 ad
149 879 306 962 Hispanos
319 884 476 945 transierat
489 886 617 965 primurn
631 884 852 965 expeditionem
867 883 996 945 feliciter
1006 882 1145 959 instituit,
1160 885 1292 966 plurium

77 978 175 1036 enim
185 979 308 1040 navium
319 980 466 1042 instructu
477 981 671 1063 Rosuspetiit
678 991 708 1042 et
717 991 887 1044 commeatu
901 979 1030 1060 plurimo
1040 981 1291 1062 opportunissime

78 1077 244 1138 instruxit.
284 1078 395 1139 Redux
408 1090 508 1140 nutem
522 1086 651 1159 quatuor
664 1079 695 1138 in
716 1099 809 1139 neves
824 1077 959 1139 Gellicns
975 1077 1085 1138 incidit
1098 1097 1207 1158 eseque
1220 1101 1291 1160 pro-

78 1183 211 1234 secutus
225 1195 285 1238 non
301 1176 398 1237 multo
413 1195 535 1237 snorum
553 1175 708 1256 impendio
720 1175 852 1236 obtinuit
865 1185 896 1235 et
912 1173 1111 1235 Tarraconem
1125 1195 1226 1236 secum
1238 1178 1290 1239 ad·

80 1271 192 1332 duxit.

132 1369 201 1430 Nec
214 1368 406 1432 Onstilienses
420 1369 517 1451 copim
529 1369 634 1430 otiosoe
648 1369 836 1442 desidebant,
848 1386 917 1448 quoe
931 1367 971 1428 ud
982 1367 1179 1429 Moneouinm
1192 1379 1290 1432 cestre

77 1464 309 1544 applionemnt.
352 1467 428 1527 Ernt
451 1467 648 1527 Monsonium
669 1466 808 1527 districtu
829 1465 993 1538 modicum,
1018 1465 1072 1526 sed
1095 1467 1289 1529 munimentis

80 1561 225 1634 firmum,
239 1565 321 1643 quod
334 1565 465 1625 eburno
483 1563 567 1626 Gelli
587 1566 677 1625 trium
696 1563 953 1625 hebdomadarum
971 1563 1074 1644 specio
1091 1563 1169 1624 inme
1183 1564 1222 1625 ed
1236 1565 1288 1626 de·

81 1657 235 1720 ditionem
263 1661 479 1742 compulerant,
505 1662 537 1722 id
560 1679 643 1722 nuno
665 1661 787 1722 tnndem
812 1655 1045 1722 Castilionenees
1065 1672 1288 1741 recuperarunt.

82 1755 231 1817 Vicinum
246 1759 432 1820 verd'creem
446 1759 477 1818 in
492 1779 582 1839 quem
597 1769 726 1839 quatuor
737 1757 896 1840 globorum
911 1755 1007 1818 millia
1020 1757 1177 1818 immisisse
1188 1759 1288 1819 ferun·

82 1865 150 1925 tur,
163 1863 193 1914 et
206 1864 265 1914 tres
275 1855 434 1917 cuniculos
447 1856 638 1916 succendisse
651 1857 695 1917 itu
707 1856 738 1916 in
748 1863 926 1937 potestatem
938 1865 1125 1935 receperunt,
1135 1864 1168 1917 ut
1181 1864 1288 1936 preter

81 1969 229 2010 acervum
243 1951 378 2033 lepidum
392 1952 470 2013 nihil
484 1953 659 2033 reperirent.

114 2264 1251 2437 emememememee

435 2567 439 2574 ’
494 2615 666 2692 orror
693 2614 870 2691 nxxru

89 2820 322 2884 Testamentum
334 2840 386 2882 eeu
397 2828 553 2903 postremo
567 2815 711 2881 voluntas
725 2814 825 2900 Rept's
843 2812 1104 2879 Christianissimi
1118 2812 1274 2880 Ludouici

143 2921 253 2988 XIII.
267 2924 393 3009 mireque
406 2920 517 2985 obitur.
568 2919 675 2984 Varie
690 2921 764 2984 item
779 2920 986 3004 expeditiones
995 2943 1055 3007 per
1071 2920 1217 3007 Belgium

519 3020 539 3087 d
558 3020 666 3088 Gallis
679 3034 834 3111 suscepte.

216 3203 222 3212 ι

12 3222 19 3235 ·
173 3183 203 3270 ἵ
218 3169 320 3287 iffi*
342 3208 691 3272 nnovrcusxrrr.
708 3208 819 3271 outre
833 3220 863 3271 er
878 3210 1101 3273 navarraenex
1115 3212 1281 3275 cti-tsnan-

83 3282 134 3374 re*
187 3223 327 3432 :lsssell
361 3307 490 3378 issimus,
511 3307 585 3368 dnm
607 3307 731 3387 Europe
751 3327 827 3388 pene
847 3316 909 3369 tota
923 3307 1035 3370 offenso
1057 3309 1157 3371 Morte
1171 3310 1281 3391 flagret

224 3369 325 3537 ΛΝ
362 3399 504 3466 intestino
517 3403 821 3476 intueriseeruhoste,
830 3406 1021 3467 etoceultevi
1031 3406 1126 3467 morbi
1135 3407 1281 3488 paulatim

110 3515 113 3520 ·
187 3447 296 3620 {Q
323 3545 333 3590 ³,
362 3504 532 3584 depascitur
545 3521 581 3563 ec
598 3502 710 3563 sensim
723 3502 788 3563 sine
800 3520 889 3563 sensu
899 3504 938 3563 cd
953 3504 1023 3564 vitae
1037 3513 1131 3563 metus
1144 3503 1281 3584 perduci·

89 3609 91 3612 ’
157 3637 189 3654 ..Δ
214 3637 265 3658 w
292 3592 311 3644 ³⁵
329 3602 335 3612 ‘
361 3609 420 3661 tur.
461 3597 573 3661 Vitnlis
590 3599 712 3679 spiritus
730 3598 872 3679 reliquias
888 3620 956 3660 cum
973 3600 1052 3661 haud
1066 3600 1220 3661 diuturnus
1234 3622 1282 3661 su-

80 3694 249 3779 perfuturas
262 3696 388 3769 videret,
402 3716 495 3779 regno
513 3715 568 3757 suo
582 3707 612 3758 et
627 3696 712 3756 rebus
730 3697 859 3777 publicis
879 3698 1033 3779 providere
1048 3699 1222 3779 tempestive
1237 3699 1283 3759 in·
