3225 4700
344 356 408 421 234
742 350 1131 417 lTINERARIUM.

348 518 587 590 comparuerunt.
631 507 762 569 Nomine
788 507 976 569 serenissimi
998 506 1151 587 Principis
1171 526 1206 567 so
1237 504 1358 565 Dueis
1383 500 1422 564 N
1422 502 1561 585 eobnrgiei

350 606 501 666 Dominus
512 604 690 665 Freneiseus
702 604 794 665 Giese
809 604 846 664 de
859 602 1080 685 Simmeringen
1091 603 1166 663 dieti
1181 600 1406 664 serenissimi
1421 598 1563 678 Principis

350 700 558 777 Consilisrius,
573 700 715 761 Direetor
729 700 867 762 Camsrae
880 708 911 760 et
923 719 1078 779 supremus
1092 698 1331 772 cancellarius,
1349 717 1391 757 ao
1408 695 1562 756 Proefectns

350 796 606 857 Burekeiniensis.
645 796 777 857 Nomine
797 794 986 856 serenissimi
1002 794 1202 875 Principisse
1219 793 1340 854 Ducis
1364 790 1563 872 Lnnebnrgiei

351 892 502 952 Dominus
522 892 639 953 Doetor
662 890 752 952 Bahn
774 890 970 953 Serenissimo
991 890 1074 951 Doni
1094 889 1345 973 luneburgensi
1370 898 1405 949 et
1426 887 1561 949 Brunsri·

351 987 433 1047 censi
446 986 595 1048 isseretis
604 986 745 1048 consiliis.
787 987 921 1048 Nomine
934 986 1064 1047 civitatis
1073 985 1229 1047 Ulmensis
1243 985 1424 1046 Dominus
1433 984 1563 1044 Albertns

351 1082 479 1144 stsmler
493 1104 648 1165 supremus
662 1084 685 1146 J
688 1083 776 1156 udex,
798 1071 957 1144 Dominus‘
968 1082 1129 1163 Philippus
1147 1082 1303 1143 Andreas
1328 1078 1560 1152 Fro'hliel1,Dn·

350 1180 450 1241 minus
465 1179 581 1241 Denter
595 1178 711 1240 Paulus
725 1177 896 1239 sehiirmer.
939 1177 1071 1238 Nomine
1093 1177 1227 1238 civitatis
1253 1174 1452 1237 Bremensis
1468 1174 1561 1233 Domi-

349 1293 408 1335 nus
421 1274 444 1336 J
446 1294 556 1336 oannes
570 1274 762 1335 Gornemun:
783 1273 905 1333 nomine
917 1272 1048 1335 civitatis
1059 1270 1294 1354 Nordlingnnae
1312 1269 1479 1331 Dominus
1492 1266 1558 1328 Mel·

349 1371 435 1432 ehior
449 1369 581 1441 Welseh,
596 1369 748 1430 Dominus
761 1369 878 1431 Doetor
889 1370 1091 1453 wolfgangus
1103 1371 1127 1432 J
1129 1369 1247 1430 eoobus
1265 1365 1390 1428 sntler.
1435 1364 1558 1426 Nomine

349 1466 480 1529 ciuitatis
497 1465 722 1526 Ratisbonensis
738 1465 891 1528 Dominus
909 1466 933 1527 J
935 1486 1045 1527 oannes
1060 1464 1213 1547 Georgius
1237 1462 1397 1537 scheme,
1413 1460 1555 1523 sindicus.

351 1560 483 1623 Nomine
503 1560 630 1622 Coronae
655 1560 784 1623 Gellieae
810 1561 968 1624 Monsieur
988 1563 1027 1624 de
1052 1562 1162 1643 Hoppe
1185 1559 1445 1623 Commissnrius
1468 1556 1556 1637 Regni

352 1656 531 1717 Galliarum.
921 1682 927 1692 ¹
1352 1687 1356 1693 -

390 1752 506 1825 Quarta
513 1753 537 1816 J
539 1752 593 1813 ulii
608 1752 729 1835 Iegntis
740 1751 914 1813 Eleetornm
927 1772 963 1814 ee
977 1751 1157 1834 Principum
1168 1772 1261 1814 soors
1277 1752 1425 1833 Lipsene
1437 1758 1467 1810 et
1479 1766 1553 1807 senc·

348 1857 447 1911 torum
458 1868 534 1923 osse,
549 1849 666 1929 elinque
680 1848 821 1929 quaedem
835 1847 1049 1930 redemptionis
1061 1859 1169 1911 nostrie
1183 1850 1415 1914 instrumente,
1429 1842 1548 1905 neseiol

348 1962 410 2023 quo
429 1940 502 2001 olim
524 1941 644 2003 Caesnrs
666 1940 874 2026 Norimbergae
894 1945 926 2005 in
948 1946 981 2006 s.
1004 1945 1120 2025 spiritu
1140 1946 1298 2026 deposita,
1325 1954 1452 2005 ostense
1476 1949 1550 1999 snut:

349 2038 428 2100 inter
451 2038 510 2099 elia
531 2038 596 2099 haeo
616 2037 678 2099 fere
699 2058 769 2099 eum
787 2040 997 2123 plerorumque
1015 2062 1132 2103 summe
1148 2041 1373 2110 admiratione,
1397 2038 1548 2099 multorum

349 2134 460 2196 eximis
475 2134 591 2215 pietatis
604 2133 824 2217 significatione
842 2137 1024 2198 visebantur.
1068 2137 1096 2198 1.
1119 2138 1245 2200 Iunoes
1258 2158 1325 2219 que
1338 2135 1466 2198 Christo
1478 2133 1500 2194 J
1503 2152 1549 2193 ssu

351 2231 547 2313 Redemptori
567 2240 670 2292 nostro
691 2241 912 2294 sacrosanctum
930 2231 1007 2295 letus
1021 2234 1039 2295 d
1052 2233 1177 2316 longino
1193 2235 1361 2314 qnondam
1384 2232 1480 2292 fueret
1491 2248 1546 2309 per·

348 2328 478 2390 fossum:
512 2327 560 2389 11.
593 2328 641 2389 Ex
663 2335 791 2409 quotuor
811 2328 905 2391 oleris
926 2350 1015 2406 unns,
1036 2350 1097 2412 quo
1116 2330 1261 2393 Christus
1284 2329 1436 2392 Servstor
1457 2334 1546 2386 noster

350 2426 434 2487 eruci
456 2427 528 2487 olim
552 2425 583 2486 in
609 2423 788 2509 Golgothaeo
809 2427 885 2489 nolle
906 2426 965 2488 fuit
985 2427 1102 2489 affixus.
1153 2427 1222 2488 111.
1256 2427 1340 2488 Pers
1360 2441 1477 2504 meppae
1498 2439 1542 2480 seu

351 2520 443 2604 panni
455 2521 486 2582 in
498 2541 559 2602 qne
568 2520 706 2582 Christus
715 2522 970 2584 eonvivstnrenm
980 2523 1196 2604 discipulorum
1205 2520 1404 2586 duodenario
1417 2518 1542 2579 nltimam

349 2637 466 2680 emnem
480 2617 651 2691 celebravit,
670 2637 818 2698 suumque
836 2639 945 2701 eorpus
966 2621 997 2680 in
1011 2619 1113 2681 eibum
1131 2620 1187 2680 sub
1202 2621 1293 2701 penis
1307 2617 1420 2700 specie,
1439 2625 1469 2676 et
1483 2633 1539 2673 ssn·

350 2715 473 2798 guinem
488 2715 519 2775 in
533 2722 637 2796 potum
651 2715 706 2776 sub
719 2714 784 2774 riui
798 2714 899 2796 figure
913 2716 1058 2778 Ecclesioe
1071 2715 1154 2777 velut
1167 2715 1401 2795 Mnemosynen
1416 2709 1538 2790 reliquit.

349 2811 407 2873 1v.
430 2811 508 2872 Pers
521 2809 772 2872 incunabulorum
783 2831 836 2872 seu
849 2812 988 2893 praesepii
1000 2832 1060 2892 qno
1069 2812 1213 2894 porrulos
1225 2812 1408 2873 benedictus
1419 2809 1537 2869 Iuteme

350 2917 423 2970 rats
437 2908 573 2990 Virginis
588 2906 694 2982 Filius,
709 2907 740 2968 iu
755 2909 854 2989 primo
867 2928 922 2969 suo
941 2908 972 2969 in
986 2909 1134 2970 mundum
1148 2908 1290 2991 ingressu
1303 2907 1365 2969 fnit
1377 2905 1536 2967 reclinetns

349 3005 390 3066 V.
412 3005 495 3066 Crux
509 3005 548 3066 de
561 3003 646 3086 ligno
660 3004 758 3064 erucis
774 3003 806 3065 in
820 3025 880 3084 qno
893 3025 989 3087 ugnus
1003 3005 1267 3067 innocentissimus
1281 3004 1376 3067 totins
1387 3001 1465 3064 orbis
1476 3015 1533 3076 pec·

349 3112 418 3162 oete
429 3101 496 3172 luit,
511 3101 705 3180 debitumque
723 3111 858 3162 nostrum
872 3121 926 3163 sun
938 3111 1034 3163 morte
1046 3111 1076 3162 et
1088 3102 1234 3184 sunguine
1249 3101 1352 3163 diluit.
1392 3097 1451 3159 VI.
1470 3093 1533 3153 '1¹1oe

349 3196 453 3257 annuli
471 3197 559 3259 ferrei
580 3197 619 3258 de
639 3196 752 3258 eatenis
771 3195 828 3258 ss.
844 3197 1057 3280 Apostolorum
1071 3197 1158 3259 Petri
1172 3208 1202 3259 et
1218 3198 1322 3259 Pauli.
1365 3193 1442 3254 VII.
1463 3189 1529 3250 Pars

348 3291 460 3353 tunieae
483 3291 587 3353 dilecti
610 3293 753 3374 discipuli
773 3293 796 3355 J
798 3313 855 3356 usu
878 3294 1016 3356 Joennis.
1057 3295 1157 3355 VIII.
1180 3293 1260 3356 Psrs
1286 3291 1401 3354 brseliii
1422 3288 1528 3349 sanctu

348 3389 449 3448 Annae
460 3386 574 3449 Christi
588 3389 665 3449 evim
678 3409 797 3471 msgnae
813 3390 915 3450 matris
927 3389 1065 3472 Virginis
1078 3390 1181 3451 matris
1194 3388 1393 3472 dignissime.

350 3483 361 3489 ”
389 3482 503 3544 Merito
516 3483 640 3545 miretur
654 3484 762 3566 uliquis
775 3505 890 3546 seerem
901 3484 980 3546 hene
990 3486 1225 3569 suppellectilem
1235 3487 1316 3546 inter
1328 3476 1448 3544 Lutheri
1457 3490 1524 3534 asse·

348 3579 411 3642 eles
425 3587 487 3640 tem
506 3579 560 3639 din
580 3580 671 3643 fnisse
691 3582 755 3643 sine
774 3579 849 3642 vitio
866 3590 1056 3657 mserrstsm,
1070 3582 1200 3644 maxims
1214 3601 1284 3643 eum
1298 3595 1396 3641 eornm
1410 3567 1522 3654 pseud&

346 3676 500 3759 propheta,
515 3697 600 3742 secra
612 3688 783 3740 sanctornm
793 3697 860 3739 oses
871 3678 926 3739 iso.
939 3699 948 3738 :
968 3678 1115 3760 ejusmodi
1134 3689 1289 3760 tantopere
1301 3669 1428 3738 exeersri
1441 3665 1457 3725 l
1469 3659 1521 3722 ⁸³5⁸

347 3774 484 3834 voluerit.
