<?xml version="1.0" encoding="UTF-8"?>
<!DOCTYPE html PUBLIC "-//W3C//DTD XHTML 1.0 Transitional//EN"
    "http://www.w3.org/TR/xhtml1/DTD/xhtml1-transitional.dtd">
<html xmlns="http://www.w3.org/1999/xhtml" xml:lang="en" lang="en">
 <head>
  <title>
</title>
<meta http-equiv="Content-Type" content="text/html;charset=utf-8" />
  <meta name='ocr-system' content='tesseract 3.04.00' />
  <meta name='ocr-capabilities' content='ocr_page ocr_carea ocr_par ocr_line ocrx_word'/>
</head>
<body>
  <div class='ocr_page' id='page_1' title='image "./itinerariumthom00kerngoog_0328.png"; bbox 0 0 3225 4700; ppageno 0'>
   <div class='ocr_carea' id='block_1_1' title="bbox 354 312 1582 572">
    <p class='ocr_par' dir='ltr' id='par_1_1' title="bbox 354 312 1582 572">
     <span class='ocr_line' id='line_1_1' title="bbox 355 312 1158 407; baseline -0.001 -4"><span class='ocrx_word' id='word_1_1' title='bbox 355 339 422 407; x_wconf 11' lang='lat'><strong>216*</strong></span> <span class='ocrx_word' id='word_1_2' title='bbox 696 312 705 327; x_wconf 82' lang='grc'><strong>“</strong></span> <span class='ocrx_word' id='word_1_3' title='bbox 752 334 1158 407; x_wconf 70' lang='lat' dir='ltr'><strong>rumusculum,</strong></span> 
     </span>
     <span class='ocr_line' id='line_1_2' title="bbox 354 482 1582 572; baseline -0.006 -20"><span class='ocrx_word' id='word_1_4' title='bbox 354 488 482 571; x_wconf 86' lang='lat' dir='ltr'><strong>amplius</strong></span> <span class='ocrx_word' id='word_1_5' title='bbox 495 488 590 551; x_wconf 85' lang='lat' dir='ltr'><strong>beata.</strong></span> <span class='ocrx_word' id='word_1_6' title='bbox 631 488 765 553; x_wconf 86' lang='lat' dir='ltr'><strong>Comitia</strong></span> <span class='ocrx_word' id='word_1_7' title='bbox 777 510 897 572; x_wconf 89' lang='lat' dir='ltr'><strong>quoqne</strong></span> <span class='ocrx_word' id='word_1_8' title='bbox 911 487 1152 553; x_wconf 78' lang='lat' dir='ltr'><strong>Stoclsbolminm</strong></span> <span class='ocrx_word' id='word_1_9' title='bbox 1165 504 1271 569; x_wconf 87' lang='lat' dir='ltr'><strong>nuper</strong></span> <span class='ocrx_word' id='word_1_10' title='bbox 1287 484 1443 549; x_wconf 84' lang='lat' dir='ltr'><strong>indicta</strong></span> <span class='ocrx_word' id='word_1_11' title='bbox 1459 483 1510 547; x_wconf 89' lang='lat' dir='ltr'><strong>ad</strong></span> <span class='ocrx_word' id='word_1_12' title='bbox 1525 482 1582 545; x_wconf 83' lang='lat' dir='ltr'><strong>linc</strong></span> 
     </span>
    </p>
   </div>
   <div class='ocr_carea' id='block_1_2' title="bbox 343 582 1582 3832">
    <p class='ocr_par' dir='ltr' id='par_1_2' title="bbox 353 582 1582 862">
     <span class='ocr_line' id='line_1_3' title="bbox 354 582 1582 669; baseline -0.005 -22"><span class='ocrx_word' id='word_1_13' title='bbox 354 604 471 647; x_wconf 89' lang='lat' dir='ltr'><strong>summa</strong></span> <span class='ocrx_word' id='word_1_14' title='bbox 483 584 574 647; x_wconf 84' lang='lat' dir='ltr'><strong>totius</strong></span> <span class='ocrx_word' id='word_1_15' title='bbox 586 586 749 649; x_wconf 75' lang='lat' dir='ltr'><strong>nobilitatis</strong></span> <span class='ocrx_word' id='word_1_16' title='bbox 762 588 957 669; x_wconf 88' lang='lat' dir='ltr'><strong>omniumque</strong></span> <span class='ocrx_word' id='word_1_17' title='bbox 970 594 1102 649; x_wconf 85' lang='lat' dir='ltr'><strong>statuum</strong></span> <span class='ocrx_word' id='word_1_18' title='bbox 1114 605 1184 647; x_wconf 89' lang='lat' dir='ltr'><strong>cum</strong></span> <span class='ocrx_word' id='word_1_19' title='bbox 1197 582 1454 646; x_wconf 66' lang='lat' dir='ltr'><strong>sctisffictiom</strong></span> <span class='ocrx_word' id='word_1_20' title='bbox 1466 582 1582 642; x_wconf 86' lang='lat' dir='ltr'><strong>decurr</strong></span> 
     </span>
     <span class='ocr_line' id='line_1_4' title="bbox 353 676 1582 764; baseline 0 -24"><span class='ocrx_word' id='word_1_21' title='bbox 353 682 437 755; x_wconf 86' lang='lat' dir='ltr'><strong>bant,</strong></span> <span class='ocrx_word' id='word_1_22' title='bbox 451 680 483 742; x_wconf 91' lang='lat' dir='ltr'><strong>in</strong></span> <span class='ocrx_word' id='word_1_23' title='bbox 497 682 607 763; x_wconf 91' lang='lat' dir='ltr'><strong>quibus</strong></span> <span class='ocrx_word' id='word_1_24' title='bbox 620 683 756 745; x_wconf 87' lang='lat' dir='ltr'><strong>unanimi</strong></span> <span class='ocrx_word' id='word_1_25' title='bbox 770 704 917 747; x_wconf 90' lang='lat' dir='ltr'><strong>consensu</strong></span> <span class='ocrx_word' id='word_1_26' title='bbox 930 703 1035 745; x_wconf 86' lang='lat' dir='ltr'><strong>omncs</strong></span> <span class='ocrx_word' id='word_1_27' title='bbox 1047 682 1139 745; x_wconf 88' lang='lat' dir='ltr'><strong>totins</strong></span> <span class='ocrx_word' id='word_1_28' title='bbox 1152 681 1258 764; x_wconf 79' lang='lat' dir='ltr'><strong>Regni</strong></span> <span class='ocrx_word' id='word_1_29' title='bbox 1274 688 1402 743; x_wconf 85' lang='lat' dir='ltr'><strong>status</strong></span> <span class='ocrx_word' id='word_1_30' title='bbox 1417 700 1488 761; x_wconf 88' lang='lat' dir='ltr'><strong>per</strong></span> <span class='ocrx_word' id='word_1_31' title='bbox 1501 676 1582 740; x_wconf 83' lang='lat' dir='ltr'><strong>colle</strong></span> 
     </span>
     <span class='ocr_line' id='line_1_5' title="bbox 353 777 1016 862; baseline 0.003 -23"><span class='ocrx_word' id='word_1_32' title='bbox 353 786 400 839; x_wconf 90' lang='lat' dir='ltr'><strong>tos</strong></span> <span class='ocrx_word' id='word_1_33' title='bbox 414 777 482 841; x_wconf 85' lang='lat' dir='ltr'><strong>istic</strong></span> <span class='ocrx_word' id='word_1_34' title='bbox 497 779 625 862; x_wconf 81' lang='lat' dir='ltr'><strong>Iegetos</strong></span> <span class='ocrx_word' id='word_1_35' title='bbox 638 778 704 843; x_wconf 72' lang='lat' dir='ltr'><strong>brec</strong></span> <span class='ocrx_word' id='word_1_36' title='bbox 718 781 780 843; x_wconf 81' lang='lat' dir='ltr'><strong>fere</strong></span> <span class='ocrx_word' id='word_1_37' title='bbox 794 780 1016 843; x_wconf 86' lang='lat' dir='ltr'><strong>concluserant.</strong></span> 
     </span>
    </p>

    <p class='ocr_par' dir='ltr' id='par_1_3' title="bbox 352 871 1582 1050">
     <span class='ocr_line' id='line_1_6' title="bbox 394 871 1582 960; baseline -0.001 -25"><span class='ocrx_word' id='word_1_38' title='bbox 394 872 423 935; x_wconf 93' lang='lat'><strong>1.</strong></span> <span class='ocrx_word' id='word_1_39' title='bbox 445 874 603 937; x_wconf 82' lang='lat' dir='ltr'><strong>Sincerans</strong></span> <span class='ocrx_word' id='word_1_40' title='bbox 613 885 645 940; x_wconf 88' lang='lat' dir='ltr'><strong>et</strong></span> <span class='ocrx_word' id='word_1_41' title='bbox 657 876 765 960; x_wconf 83' lang='lat' dir='ltr'><strong>Regno</strong></span> <span class='ocrx_word' id='word_1_42' title='bbox 779 874 946 957; x_wconf 83' lang='lat' dir='ltr'><strong>proficuam</strong></span> <span class='ocrx_word' id='word_1_43' title='bbox 968 894 1073 958; x_wconf 91' lang='lat' dir='ltr'><strong>paoem</strong></span> <span class='ocrx_word' id='word_1_44' title='bbox 1090 875 1129 937; x_wconf 92' lang='lat' dir='ltr'><strong>ab</strong></span> <span class='ocrx_word' id='word_1_45' title='bbox 1148 874 1296 957; x_wconf 91' lang='lat' dir='ltr'><strong>Imperio</strong></span> <span class='ocrx_word' id='word_1_46' title='bbox 1319 872 1485 936; x_wconf 85' lang='lat' dir='ltr'><strong>oblatam</strong></span> <span class='ocrx_word' id='word_1_47' title='bbox 1509 871 1582 934; x_wconf 76' lang='lat' dir='ltr'><strong>neut‘.</strong></span> 
     </span>
     <span class='ocr_line' id='line_1_7' title="bbox 352 971 765 1050; baseline 0.007 -19"><span class='ocrx_word' id='word_1_48' title='bbox 352 990 443 1050; x_wconf 86' lang='lat' dir='ltr'><strong>quarn</strong></span> <span class='ocrx_word' id='word_1_49' title='bbox 457 990 520 1033; x_wconf 89' lang='lat' dir='ltr'><strong>esse</strong></span> <span class='ocrx_word' id='word_1_50' title='bbox 533 971 765 1034; x_wconf 75' lang='lat' dir='ltr'><strong>excludendam.</strong></span> 
     </span>
    </p>

    <p class='ocr_par' dir='ltr' id='par_1_4' title="bbox 351 1067 1582 1420">
     <span class='ocr_line' id='line_1_8' title="bbox 393 1067 1582 1150; baseline -0.002 -19"><span class='ocrx_word' id='word_1_51' title='bbox 393 1067 441 1131; x_wconf 95' lang='grc' dir='ltr'><strong>ΙΙ.</strong></span> <span class='ocrx_word' id='word_1_52' title='bbox 464 1067 557 1140; x_wconf 85' lang='lat' dir='ltr'><strong>Quod</strong></span> <span class='ocrx_word' id='word_1_53' title='bbox 583 1068 609 1131; x_wconf 90' lang='lat' dir='ltr'><strong>si</strong></span> <span class='ocrx_word' id='word_1_54' title='bbox 633 1068 745 1131; x_wconf 87' lang='lat' dir='ltr'><strong>bellum</strong></span> <span class='ocrx_word' id='word_1_55' title='bbox 772 1069 1011 1132; x_wconf 89' lang='lat' dir='ltr'><strong>continuandum</strong></span> <span class='ocrx_word' id='word_1_56' title='bbox 1037 1069 1123 1145; x_wconf 80' lang='lat' dir='ltr'><strong>foret,</strong></span> <span class='ocrx_word' id='word_1_57' title='bbox 1150 1068 1324 1131; x_wconf 86' lang='lat' dir='ltr'><strong>decimum</strong></span> <span class='ocrx_word' id='word_1_58' title='bbox 1355 1067 1524 1150; x_wconf 83' lang='lat' dir='ltr'><strong>quemvis</strong></span> <span class='ocrx_word' id='word_1_59' title='bbox 1548 1089 1582 1149; x_wconf 72' lang='lat' dir='ltr'><strong>ps!</strong></span> 
     </span>
     <span class='ocr_line' id='line_1_9' title="bbox 351 1164 1582 1248; baseline 0.001 -23"><span class='ocrx_word' id='word_1_60' title='bbox 351 1172 450 1226; x_wconf 85' lang='lat' dir='ltr'><strong>totum</strong></span> <span class='ocrx_word' id='word_1_61' title='bbox 465 1174 597 1248; x_wconf 83' lang='lat' dir='ltr'><strong>&#39;regnum</strong></span> <span class='ocrx_word' id='word_1_62' title='bbox 615 1165 647 1226; x_wconf 90' lang='lat' dir='ltr'><strong>in</strong></span> <span class='ocrx_word' id='word_1_63' title='bbox 666 1165 833 1227; x_wconf 77' lang='lat' dir='ltr'><strong>subsidium</strong></span> <span class='ocrx_word' id='word_1_64' title='bbox 850 1166 922 1227; x_wconf 92' lang='lat' dir='ltr'><strong>belli</strong></span> <span class='ocrx_word' id='word_1_65' title='bbox 940 1166 1140 1228; x_wconf 73' lang='lat' dir='ltr'><strong>continuandi</strong></span> <span class='ocrx_word' id='word_1_66' title='bbox 1158 1166 1189 1226; x_wconf 94' lang='lat' dir='ltr'><strong>in</strong></span> <span class='ocrx_word' id='word_1_67' title='bbox 1209 1164 1378 1246; x_wconf 86' lang='lat' dir='ltr'><strong>imperio,</strong></span> <span class='ocrx_word' id='word_1_68' title='bbox 1402 1186 1480 1227; x_wconf 87' lang='lat' dir='ltr'><strong>esse</strong></span> <span class='ocrx_word' id='word_1_69' title='bbox 1495 1165 1582 1246; x_wconf 82' lang='lat' dir='ltr'><strong>depos</strong></span> 
     </span>
     <span class='ocr_line' id='line_1_10' title="bbox 351 1261 1578 1344; baseline -0.002 -21"><span class='ocrx_word' id='word_1_70' title='bbox 351 1261 493 1337; x_wconf 89' lang='lat' dir='ltr'><strong>cendum,</strong></span> <span class='ocrx_word' id='word_1_71' title='bbox 509 1261 542 1324; x_wconf 92' lang='lat' dir='ltr'><strong>in</strong></span> <span class='ocrx_word' id='word_1_72' title='bbox 556 1263 683 1323; x_wconf 82' lang='lat' dir='ltr'><strong>Annum</strong></span> <span class='ocrx_word' id='word_1_73' title='bbox 697 1261 901 1324; x_wconf 83' lang='lat' dir='ltr'><strong>M.DC.XL.</strong></span> <span class='ocrx_word' id='word_1_74' title='bbox 915 1271 946 1324; x_wconf 90' lang='lat' dir='ltr'><strong>et</strong></span> <span class='ocrx_word' id='word_1_75' title='bbox 960 1261 1183 1325; x_wconf 81' lang='lat' dir='ltr'><strong>M.DC.XLI.</strong></span> <span class='ocrx_word' id='word_1_76' title='bbox 1225 1262 1398 1335; x_wconf 84' lang='lat' dir='ltr'><strong>Quorum</strong></span> <span class='ocrx_word' id='word_1_77' title='bbox 1417 1282 1520 1344; x_wconf 90' lang='lat' dir='ltr'><strong>opera</strong></span> <span class='ocrx_word' id='word_1_78' title='bbox 1537 1282 1578 1322; x_wconf 82' lang='lat' dir='ltr'><strong>nos</strong></span> 
     </span>
     <span class='ocr_line' id='line_1_11' title="bbox 351 1356 1504 1420; baseline 0 -2"><span class='ocrx_word' id='word_1_79' title='bbox 351 1376 438 1418; x_wconf 84' lang='lat' dir='ltr'><strong>secus</strong></span> <span class='ocrx_word' id='word_1_80' title='bbox 452 1376 488 1418; x_wconf 83' lang='lat' dir='ltr'><strong>ac</strong></span> <span class='ocrx_word' id='word_1_81' title='bbox 502 1358 594 1418; x_wconf 84' lang='lat' dir='ltr'><strong>Anno</strong></span> <span class='ocrx_word' id='word_1_82' title='bbox 608 1356 656 1418; x_wconf 87' lang='grc' dir='ltr'><strong>Μ.</strong></span> <span class='ocrx_word' id='word_1_83' title='bbox 672 1356 744 1419; x_wconf 82' lang='grc' dir='ltr'><strong>ΒΟ.</strong></span> <span class='ocrx_word' id='word_1_84' title='bbox 760 1357 927 1419; x_wconf 83' lang='lat' dir='ltr'><strong>xxvlll.</strong></span> <span class='ocrx_word' id='word_1_85' title='bbox 940 1368 1046 1420; x_wconf 90' lang='lat' dir='ltr'><strong>contra</strong></span> <span class='ocrx_word' id='word_1_86' title='bbox 1058 1358 1157 1420; x_wconf 82' lang='lat' dir='ltr'><strong>hostes</strong></span> <span class='ocrx_word' id='word_1_87' title='bbox 1169 1357 1241 1419; x_wconf 92' lang='lat' dir='ltr'><strong>usui</strong></span> <span class='ocrx_word' id='word_1_88' title='bbox 1256 1357 1386 1419; x_wconf 87' lang='lat' dir='ltr'><strong>futura</strong></span> <span class='ocrx_word' id='word_1_89' title='bbox 1400 1368 1504 1419; x_wconf 86' lang='lat' dir='ltr'><strong>esset.</strong></span> 
     </span>
    </p>

    <p class='ocr_par' dir='ltr' id='par_1_5' title="bbox 350 1452 1578 1828">
     <span class='ocr_line' id='line_1_12' title="bbox 393 1452 1575 1537; baseline 0.003 -25"><span class='ocrx_word' id='word_1_90' title='bbox 393 1452 462 1512; x_wconf 93' lang='lat'>111.</span> <span class='ocrx_word' id='word_1_91' title='bbox 485 1452 531 1514; x_wconf 90' lang='lat' dir='ltr'><strong>Ut</strong></span> <span class='ocrx_word' id='word_1_92' title='bbox 550 1454 650 1534; x_wconf 83' lang='lat' dir='ltr'><strong>quiris</strong></span> <span class='ocrx_word' id='word_1_93' title='bbox 669 1454 783 1516; x_wconf 84' lang='lat' dir='ltr'><strong>civium</strong></span> <span class='ocrx_word' id='word_1_94' title='bbox 804 1464 886 1517; x_wconf 87' lang='lat' dir='ltr'><strong>certo</strong></span> <span class='ocrx_word' id='word_1_95' title='bbox 904 1475 1013 1537; x_wconf 83' lang='lat' dir='ltr'><strong>genere</strong></span> <span class='ocrx_word' id='word_1_96' title='bbox 1032 1455 1103 1518; x_wconf 88' lang='lat' dir='ltr'><strong>salsi</strong></span> <span class='ocrx_word' id='word_1_97' title='bbox 1116 1462 1148 1516; x_wconf 88' lang='lat' dir='ltr'><strong>et</strong></span> <span class='ocrx_word' id='word_1_98' title='bbox 1164 1453 1323 1515; x_wconf 80' lang='lat' dir='ltr'><strong>infumati</strong></span> <span class='ocrx_word' id='word_1_99' title='bbox 1348 1455 1456 1535; x_wconf 88' lang='lat' dir='ltr'><strong>piscis</strong></span> <span class='ocrx_word' id='word_1_100' title='bbox 1474 1455 1575 1517; x_wconf 83' lang='lat' dir='ltr'><strong>doliun</strong></span> 
     </span>
     <span class='ocr_line' id='line_1_13' title="bbox 351 1550 1578 1636; baseline -0.002 -26"><span class='ocrx_word' id='word_1_101' title='bbox 351 1557 498 1623; x_wconf 76' lang='lat' dir='ltr'><strong>oneraret,</strong></span> <span class='ocrx_word' id='word_1_102' title='bbox 523 1558 553 1611; x_wconf 89' lang='lat' dir='ltr'><strong>et</strong></span> <span class='ocrx_word' id='word_1_103' title='bbox 576 1552 631 1613; x_wconf 91' lang='lat' dir='ltr'><strong>sub</strong></span> <span class='ocrx_word' id='word_1_104' title='bbox 654 1552 807 1615; x_wconf 87' lang='lat' dir='ltr'><strong>decimum</strong></span> <span class='ocrx_word' id='word_1_105' title='bbox 825 1552 966 1634; x_wconf 89' lang='lat' dir='ltr'><strong>quintum</strong></span> <span class='ocrx_word' id='word_1_106' title='bbox 989 1552 1106 1636; x_wconf 80' lang='lat' dir='ltr'><strong>Aprilis</strong></span> <span class='ocrx_word' id='word_1_107' title='bbox 1125 1552 1167 1614; x_wconf 88' lang='lat' dir='ltr'><strong>ad</strong></span> <span class='ocrx_word' id='word_1_108' title='bbox 1186 1550 1394 1613; x_wconf 83' lang='lat' dir='ltr'><strong>Anseaticas</strong></span> <span class='ocrx_word' id='word_1_109' title='bbox 1416 1551 1514 1611; x_wconf 89' lang='lat' dir='ltr'><strong>urbes</strong></span> <span class='ocrx_word' id='word_1_110' title='bbox 1537 1569 1578 1609; x_wconf 89' lang='lat' dir='ltr'><strong>suo</strong></span> 
     </span>
     <span class='ocr_line' id='line_1_14' title="bbox 351 1645 1573 1731; baseline 0.002 -26"><span class='ocrx_word' id='word_1_111' title='bbox 351 1653 474 1725; x_wconf 85' lang='lat' dir='ltr'><strong>sumptu</strong></span> <span class='ocrx_word' id='word_1_112' title='bbox 494 1645 605 1709; x_wconf 91' lang='lat' dir='ltr'><strong>deduci</strong></span> <span class='ocrx_word' id='word_1_113' title='bbox 622 1659 750 1726; x_wconf 80' lang='lat' dir='ltr'><strong>cureret,</strong></span> <span class='ocrx_word' id='word_1_114' title='bbox 769 1650 879 1731; x_wconf 89' lang='lat' dir='ltr'><strong>quibus</strong></span> <span class='ocrx_word' id='word_1_115' title='bbox 898 1654 1039 1711; x_wconf 74' lang='lat' dir='ltr'><strong>Annona</strong></span> <span class='ocrx_word' id='word_1_116' title='bbox 1057 1650 1124 1713; x_wconf 95' lang='lat' dir='ltr'><strong>loco</strong></span> <span class='ocrx_word' id='word_1_117' title='bbox 1142 1647 1334 1712; x_wconf 80' lang='lat' dir='ltr'><strong>Germanice</strong></span> <span class='ocrx_word' id='word_1_118' title='bbox 1352 1646 1573 1709; x_wconf 82' lang='lat' dir='ltr'><strong>munitionibus</strong></span> 
     </span>
     <span class='ocr_line' id='line_1_15' title="bbox 350 1740 1508 1828; baseline 0.01 -28"><span class='ocrx_word' id='word_1_119' title='bbox 350 1740 559 1804; x_wconf 88' lang='lat' dir='ltr'><strong>etismnumin</strong></span> <span class='ocrx_word' id='word_1_120' title='bbox 574 1744 724 1807; x_wconf 88' lang='lat' dir='ltr'><strong>sociorum</strong></span> <span class='ocrx_word' id='word_1_121' title='bbox 738 1756 883 1827; x_wconf 73' lang='lat' dir='ltr'><strong>potestate</strong></span> <span class='ocrx_word' id='word_1_122' title='bbox 895 1746 1075 1819; x_wconf 87' lang='lat' dir='ltr'><strong>constitutis,</strong></span> <span class='ocrx_word' id='word_1_123' title='bbox 1087 1745 1324 1828; x_wconf 82' lang='lat' dir='ltr'><strong>provideretur.</strong></span> <span class='ocrx_word' id='word_1_124' title='bbox 1492 1783 1508 1812; x_wconf 68' lang='lat'>0</span> 
     </span>
    </p>

    <p class='ocr_par' dir='ltr' id='par_1_6' title="bbox 350 1836 1582 1999">
     <span class='ocr_line' id='line_1_16' title="bbox 394 1836 1582 1952; baseline 0.004 -55"><span class='ocrx_word' id='word_1_125' title='bbox 394 1836 453 1901; x_wconf 87' lang='lat' dir='ltr'><strong>lv.</strong></span> <span class='ocrx_word' id='word_1_126' title='bbox 475 1837 520 1900; x_wconf 87' lang='lat' dir='ltr'><strong>Ut</strong></span> <span class='ocrx_word' id='word_1_127' title='bbox 538 1847 601 1901; x_wconf 87' lang='lat' dir='ltr'><strong>tota</strong></span> <span class='ocrx_word' id='word_1_128' title='bbox 621 1841 722 1924; x_wconf 77' lang='lat' dir='ltr'><strong>Regni</strong></span> <span class='ocrx_word' id='word_1_129' title='bbox 743 1842 897 1907; x_wconf 80' lang='lat' dir='ltr'><strong>Nobilitas</strong></span> <span class='ocrx_word' id='word_1_130' title='bbox 914 1843 955 1905; x_wconf 90' lang='lat' dir='ltr'><strong>ad</strong></span> <span class='ocrx_word' id='word_1_131' title='bbox 971 1842 1112 1925; x_wconf 90' lang='lat' dir='ltr'><strong>quintum</strong></span> <span class='ocrx_word' id='word_1_132' title='bbox 1129 1841 1293 1905; x_wconf 86' lang='lat' dir='ltr'><strong>decimum</strong></span> <span class='ocrx_word' id='word_1_133' title='bbox 1319 1840 1454 1923; x_wconf 81' lang='lat' dir='ltr'><strong>Aprilis</strong></span> <span class='ocrx_word' id='word_1_134' title='bbox 1477 1848 1582 1952; x_wconf 63' lang='lat' dir='ltr'><strong>percep</strong></span> 
     </span>
     <span class='ocr_line' id='line_1_17' title="bbox 350 1935 562 1999; baseline 0 -4"><span class='ocrx_word' id='word_1_135' title='bbox 350 1945 427 1997; x_wconf 89' lang='lat' dir='ltr'><strong>esset</strong></span> <span class='ocrx_word' id='word_1_136' title='bbox 441 1936 482 1999; x_wconf 90' lang='lat' dir='ltr'><strong>ad</strong></span> <span class='ocrx_word' id='word_1_137' title='bbox 495 1935 562 1998; x_wconf 87' lang='lat' dir='ltr'><strong>iter.</strong></span> 
     </span>
    </p>

    <p class='ocr_par' dir='ltr' id='par_1_7' title="bbox 348 2032 1582 2601">
     <span class='ocr_line' id='line_1_18' title="bbox 390 2032 1563 2118; baseline -0.001 -24"><span class='ocrx_word' id='word_1_138' title='bbox 390 2032 489 2095; x_wconf 91' lang='lat' dir='ltr'><strong>Porro</strong></span> <span class='ocrx_word' id='word_1_139' title='bbox 501 2033 532 2095; x_wconf 93' lang='lat' dir='ltr'><strong>in</strong></span> <span class='ocrx_word' id='word_1_140' title='bbox 548 2042 610 2095; x_wconf 88' lang='lat' dir='ltr'><strong>toto</strong></span> <span class='ocrx_word' id='word_1_141' title='bbox 629 2053 723 2118; x_wconf 77' lang='lat' dir='ltr'><strong>regno</strong></span> <span class='ocrx_word' id='word_1_142' title='bbox 740 2056 832 2098; x_wconf 85' lang='lat' dir='ltr'><strong>naves</strong></span> <span class='ocrx_word' id='word_1_143' title='bbox 850 2035 1118 2112; x_wconf 87' lang='lat' dir='ltr'><strong>concinnabantur,</strong></span> <span class='ocrx_word' id='word_1_144' title='bbox 1138 2034 1305 2116; x_wconf 87' lang='lat' dir='ltr'><strong>multoque</strong></span> <span class='ocrx_word' id='word_1_145' title='bbox 1323 2042 1461 2115; x_wconf 89' lang='lat' dir='ltr'><strong>sumptu</strong></span> <span class='ocrx_word' id='word_1_146' title='bbox 1479 2033 1563 2095; x_wconf 81' lang='lat' dir='ltr'><strong>milite</strong></span> 
     </span>
     <span class='ocr_line' id='line_1_19' title="bbox 349 2128 1564 2211; baseline 0.001 -23"><span class='ocrx_word' id='word_1_147' title='bbox 349 2136 381 2189; x_wconf 89' lang='lat' dir='ltr'><strong>et</strong></span> <span class='ocrx_word' id='word_1_148' title='bbox 398 2129 563 2191; x_wconf 85' lang='lat' dir='ltr'><strong>munitione</strong></span> <span class='ocrx_word' id='word_1_149' title='bbox 584 2129 817 2204; x_wconf 79' lang='lat' dir='ltr'><strong>instruebantur,</strong></span> <span class='ocrx_word' id='word_1_150' title='bbox 830 2132 907 2193; x_wconf 89' lang='lat' dir='ltr'><strong>etin</strong></span> <span class='ocrx_word' id='word_1_151' title='bbox 925 2132 1095 2194; x_wconf 83' lang='lat' dir='ltr'><strong>subsidium</strong></span> <span class='ocrx_word' id='word_1_152' title='bbox 1113 2130 1202 2193; x_wconf 88' lang='lat' dir='ltr'><strong>multi</strong></span> <span class='ocrx_word' id='word_1_153' title='bbox 1220 2132 1375 2211; x_wconf 89' lang='lat' dir='ltr'><strong>undique</strong></span> <span class='ocrx_word' id='word_1_154' title='bbox 1398 2130 1506 2192; x_wconf 86' lang='lat' dir='ltr'><strong>adbuc</strong></span> <span class='ocrx_word' id='word_1_155' title='bbox 1519 2128 1564 2188; x_wconf 88' lang='lat' dir='ltr'><strong>mi·</strong></span> 
     </span>
     <span class='ocr_line' id='line_1_20' title="bbox 348 2224 1558 2309; baseline -0.001 -24"><span class='ocrx_word' id='word_1_156' title='bbox 348 2224 417 2285; x_wconf 93' lang='lat' dir='ltr'><strong>lites</strong></span> <span class='ocrx_word' id='word_1_157' title='bbox 430 2225 702 2298; x_wconf 82' lang='lat' dir='ltr'><strong>conscribebantur,</strong></span> <span class='ocrx_word' id='word_1_158' title='bbox 717 2227 760 2289; x_wconf 85' lang='lat' dir='ltr'><strong>ita</strong></span> <span class='ocrx_word' id='word_1_159' title='bbox 772 2238 807 2290; x_wconf 90' lang='lat' dir='ltr'><strong>ut</strong></span> <span class='ocrx_word' id='word_1_160' title='bbox 820 2226 901 2290; x_wconf 91' lang='lat' dir='ltr'><strong>solus</strong></span> <span class='ocrx_word' id='word_1_161' title='bbox 919 2227 1028 2291; x_wconf 82' lang='lat' dir='ltr'><strong>Comes</strong></span> <span class='ocrx_word' id='word_1_162' title='bbox 1044 2228 1083 2289; x_wconf 97' lang='lat' dir='ltr'><strong>de</strong></span> <span class='ocrx_word' id='word_1_163' title='bbox 1100 2226 1205 2289; x_wconf 84' lang='lat' dir='ltr'><strong>Thura</strong></span> <span class='ocrx_word' id='word_1_164' title='bbox 1223 2247 1284 2309; x_wconf 90' lang='lat' dir='ltr'><strong>per</strong></span> <span class='ocrx_word' id='word_1_165' title='bbox 1302 2228 1493 2309; x_wconf 86' lang='lat' dir='ltr'><strong>Rngensem</strong></span> <span class='ocrx_word' id='word_1_166' title='bbox 1507 2224 1558 2285; x_wconf 85' lang='lat' dir='ltr'><strong>Pu·</strong></span> 
     </span>
     <span class='ocr_line' id='line_1_21' title="bbox 350 2320 1582 2406; baseline 0.01 -24"><span class='ocrx_word' id='word_1_167' title='bbox 350 2320 438 2384; x_wconf 86' lang='lat' dir='ltr'><strong>triam</strong></span> <span class='ocrx_word' id='word_1_168' title='bbox 465 2321 629 2405; x_wconf 79' lang='lat' dir='ltr'><strong>Legionem</strong></span> <span class='ocrx_word' id='word_1_169' title='bbox 651 2323 735 2388; x_wconf 86' lang='lat' dir='ltr'><strong>mille</strong></span> <span class='ocrx_word' id='word_1_170' title='bbox 758 2324 957 2387; x_wconf 87' lang='lat' dir='ltr'><strong>ducentorum</strong></span> <span class='ocrx_word' id='word_1_171' title='bbox 981 2323 1118 2406; x_wconf 87' lang='lat' dir='ltr'><strong>peditum</strong></span> <span class='ocrx_word' id='word_1_172' title='bbox 1142 2323 1361 2406; x_wconf 82' lang='lat' dir='ltr'><strong>colligendam</strong></span> <span class='ocrx_word' id='word_1_173' title='bbox 1387 2321 1582 2404; x_wconf 71' lang='lat' dir='ltr'><strong>susceperitl</strong></span> 
     </span>
     <span class='ocr_line' id='line_1_22' title="bbox 350 2417 1556 2504; baseline 0 -26"><span class='ocrx_word' id='word_1_174' title='bbox 350 2417 499 2479; x_wconf 88' lang='lat' dir='ltr'><strong>(lolonclli</strong></span> <span class='ocrx_word' id='word_1_175' title='bbox 512 2439 584 2481; x_wconf 87' lang='lat' dir='ltr'><strong>vero</strong></span> <span class='ocrx_word' id='word_1_176' title='bbox 596 2419 801 2484; x_wconf 89' lang='lat' dir='ltr'><strong>locumtenens</strong></span> <span class='ocrx_word' id='word_1_177' title='bbox 817 2420 985 2504; x_wconf 82' lang='lat' dir='ltr'><strong>Mittelung</strong></span> <span class='ocrx_word' id='word_1_178' title='bbox 994 2421 1026 2482; x_wconf 90' lang='lat' dir='ltr'><strong>iu</strong></span> <span class='ocrx_word' id='word_1_179' title='bbox 1040 2419 1151 2502; x_wconf 82' lang='lat' dir='ltr'><strong>viginti</strong></span> <span class='ocrx_word' id='word_1_180' title='bbox 1160 2421 1261 2482; x_wconf 87' lang='lat' dir='ltr'><strong>tribus</strong></span> <span class='ocrx_word' id='word_1_181' title='bbox 1271 2421 1407 2483; x_wconf 88' lang='lat' dir='ltr'><strong>urbibus</strong></span> <span class='ocrx_word' id='word_1_182' title='bbox 1419 2420 1556 2482; x_wconf 78' lang='lat' dir='ltr'><strong>Pomem·</strong></span> 
     </span>
     <span class='ocr_line' id='line_1_23' title="bbox 351 2514 1364 2601; baseline 0.005 -27"><span class='ocrx_word' id='word_1_183' title='bbox 351 2514 411 2576; x_wconf 83' lang='lat' dir='ltr'><strong>niae</strong></span> <span class='ocrx_word' id='word_1_184' title='bbox 425 2515 464 2577; x_wconf 88' lang='lat' dir='ltr'><strong>ed</strong></span> <span class='ocrx_word' id='word_1_185' title='bbox 477 2516 511 2578; x_wconf 92' lang='lat' dir='ltr'><strong>id</strong></span> <span class='ocrx_word' id='word_1_186' title='bbox 525 2516 680 2579; x_wconf 87' lang='lat' dir='ltr'><strong>destinatis</strong></span> <span class='ocrx_word' id='word_1_187' title='bbox 693 2517 837 2580; x_wconf 86' lang='lat' dir='ltr'><strong>selectum</strong></span> <span class='ocrx_word' id='word_1_188' title='bbox 852 2539 971 2599; x_wconf 88' lang='lat' dir='ltr'><strong>quoque</strong></span> <span class='ocrx_word' id='word_1_189' title='bbox 983 2517 1115 2580; x_wconf 87' lang='lat' dir='ltr'><strong>militnm</strong></span> <span class='ocrx_word' id='word_1_190' title='bbox 1129 2518 1364 2601; x_wconf 85' lang='lat' dir='ltr'><strong>conscripserit.</strong></span> 
     </span>
    </p>

    <p class='ocr_par' dir='ltr' id='par_1_8' title="bbox 346 2609 1582 3180">
     <span class='ocr_line' id='line_1_24' title="bbox 390 2609 1553 2696; baseline 0.001 -24"><span class='ocrx_word' id='word_1_191' title='bbox 390 2610 555 2674; x_wconf 84' lang='lat' dir='ltr'><strong>Bannirius</strong></span> <span class='ocrx_word' id='word_1_192' title='bbox 573 2613 694 2674; x_wconf 76' lang='lat' dir='ltr'><strong>interim</strong></span> <span class='ocrx_word' id='word_1_193' title='bbox 713 2615 745 2675; x_wconf 92' lang='lat' dir='ltr'><strong>in</strong></span> <span class='ocrx_word' id='word_1_194' title='bbox 767 2614 902 2696; x_wconf 89' lang='lat' dir='ltr'><strong>Imperio</strong></span> <span class='ocrx_word' id='word_1_195' title='bbox 917 2624 1035 2676; x_wconf 90' lang='lat' dir='ltr'><strong>nostros</strong></span> <span class='ocrx_word' id='word_1_196' title='bbox 1051 2613 1156 2676; x_wconf 87' lang='lat' dir='ltr'><strong>ludere</strong></span> <span class='ocrx_word' id='word_1_197' title='bbox 1173 2622 1205 2675; x_wconf 90' lang='lat' dir='ltr'><strong>et</strong></span> <span class='ocrx_word' id='word_1_198' title='bbox 1224 2615 1355 2677; x_wconf 88' lang='lat' dir='ltr'><strong>adunco</strong></span> <span class='ocrx_word' id='word_1_199' title='bbox 1376 2632 1453 2675; x_wconf 87' lang='lat' dir='ltr'><strong>naso</strong></span> <span class='ocrx_word' id='word_1_200' title='bbox 1470 2609 1553 2673; x_wconf 81' lang='lat' dir='ltr'><strong>variis</strong></span> 
     </span>
     <span class='ocr_line' id='line_1_25' title="bbox 348 2706 1582 2791; baseline -0.003 -23"><span class='ocrx_word' id='word_1_201' title='bbox 348 2707 524 2791; x_wconf 81' lang='lat' dir='ltr'><strong>ambagibus</strong></span> <span class='ocrx_word' id='word_1_202' title='bbox 538 2727 619 2770; x_wconf 91' lang='lat' dir='ltr'><strong>nunc</strong></span> <span class='ocrx_word' id='word_1_203' title='bbox 632 2707 688 2770; x_wconf 89' lang='lat' dir='ltr'><strong>bac</strong></span> <span class='ocrx_word' id='word_1_204' title='bbox 701 2729 783 2772; x_wconf 89' lang='lat' dir='ltr'><strong>nunc</strong></span> <span class='ocrx_word' id='word_1_205' title='bbox 798 2711 869 2774; x_wconf 90' lang='lat' dir='ltr'><strong>illac</strong></span> <span class='ocrx_word' id='word_1_206' title='bbox 880 2710 1108 2773; x_wconf 87' lang='lat' dir='ltr'><strong>circumducere</strong></span> <span class='ocrx_word' id='word_1_207' title='bbox 1124 2710 1302 2787; x_wconf 77' lang='lat' dir='ltr'><strong>videbatur,</strong></span> <span class='ocrx_word' id='word_1_208' title='bbox 1322 2721 1360 2772; x_wconf 88' lang='lat' dir='ltr'><strong>nt</strong></span> <span class='ocrx_word' id='word_1_209' title='bbox 1378 2709 1463 2770; x_wconf 88' lang='lat' dir='ltr'><strong>enim</strong></span> <span class='ocrx_word' id='word_1_210' title='bbox 1479 2706 1554 2766; x_wconf 88' lang='lat' dir='ltr'><strong>Lito·</strong></span> <span class='ocrx_word' id='word_1_211' title='bbox 1580 2734 1582 2745; x_wconf 88' lang='grc'><strong><em>·</em></strong></span> 
     </span>
     <span class='ocr_line' id='line_1_26' title="bbox 348 2801 1547 2890; baseline 0.003 -28"><span class='ocrx_word' id='word_1_212' title='bbox 348 2802 502 2865; x_wconf 89' lang='lat' dir='ltr'><strong>meritium</strong></span> <span class='ocrx_word' id='word_1_213' title='bbox 515 2803 657 2879; x_wconf 87' lang='lat' dir='ltr'><strong>deseruit,</strong></span> <span class='ocrx_word' id='word_1_214' title='bbox 673 2805 705 2866; x_wconf 92' lang='lat' dir='ltr'><strong>in</strong></span> <span class='ocrx_word' id='word_1_215' title='bbox 717 2804 918 2890; x_wconf 77' lang='lat' dir='ltr'><strong>Thuringiem</strong></span> <span class='ocrx_word' id='word_1_216' title='bbox 934 2807 1040 2880; x_wconf 86' lang='lat' dir='ltr'><strong>movit,</strong></span> <span class='ocrx_word' id='word_1_217' title='bbox 1064 2805 1196 2869; x_wconf 74' lang='lat' dir='ltr'><strong>Cesarei</strong></span> <span class='ocrx_word' id='word_1_218' title='bbox 1211 2827 1290 2869; x_wconf 83' lang='lat' dir='ltr'><strong>vero</strong></span> <span class='ocrx_word' id='word_1_219' title='bbox 1309 2817 1473 2889; x_wconf 89' lang='lat' dir='ltr'><strong>postquam</strong></span> <span class='ocrx_word' id='word_1_220' title='bbox 1490 2801 1547 2862; x_wconf 67' lang='lat' dir='ltr'><strong>Gr</strong></span> 
     </span>
     <span class='ocr_line' id='line_1_27' title="bbox 347 2897 1546 2988; baseline -0.001 -28"><span class='ocrx_word' id='word_1_221' title='bbox 347 2899 479 2962; x_wconf 80' lang='lat' dir='ltr'><strong>noralem</strong></span> <span class='ocrx_word' id='word_1_222' title='bbox 496 2899 609 2984; x_wconf 84' lang='lat' dir='ltr'><strong>vigiliis</strong></span> <span class='ocrx_word' id='word_1_223' title='bbox 627 2900 811 2965; x_wconf 81' lang='lat' dir='ltr'><strong>Prsefecturn</strong></span> <span class='ocrx_word' id='word_1_224' title='bbox 833 2903 966 2966; x_wconf 84' lang='lat' dir='ltr'><strong>Bredaw</strong></span> <span class='ocrx_word' id='word_1_225' title='bbox 983 2923 1055 2965; x_wconf 90' lang='lat' dir='ltr'><strong>cnm</strong></span> <span class='ocrx_word' id='word_1_226' title='bbox 1071 2903 1177 2965; x_wconf 88' lang='lat' dir='ltr'><strong>decem</strong></span> <span class='ocrx_word' id='word_1_227' title='bbox 1202 2903 1399 2988; x_wconf 78' lang='lat' dir='ltr'><strong>Legiombns</strong></span> <span class='ocrx_word' id='word_1_228' title='bbox 1419 2897 1546 2981; x_wconf 87' lang='lat' dir='ltr'><strong>equitnm</strong></span> 
     </span>
     <span class='ocr_line' id='line_1_28' title="bbox 347 2993 1541 3082; baseline 0 -26"><span class='ocrx_word' id='word_1_229' title='bbox 347 2993 584 3060; x_wconf 80' lang='lat' dir='ltr'><strong>Falckensvium</strong></span> <span class='ocrx_word' id='word_1_230' title='bbox 599 2998 822 3079; x_wconf 67' lang='lat' dir='ltr'><strong>promisissent,</strong></span> <span class='ocrx_word' id='word_1_231' title='bbox 835 3000 894 3082; x_wconf 86' lang='lat' dir='ltr'><strong>ipsi</strong></span> <span class='ocrx_word' id='word_1_232' title='bbox 908 3019 977 3062; x_wconf 90' lang='lat' dir='ltr'><strong>cum</strong></span> <span class='ocrx_word' id='word_1_233' title='bbox 991 3000 1108 3082; x_wconf 90' lang='lat' dir='ltr'><strong>reliquo</strong></span> <span class='ocrx_word' id='word_1_234' title='bbox 1120 3001 1269 3076; x_wconf 85' lang='lat' dir='ltr'><strong>exercitu,</strong></span> <span class='ocrx_word' id='word_1_235' title='bbox 1280 2997 1441 3063; x_wconf 88' lang='lat' dir='ltr'><strong>tormentis</strong></span> <span class='ocrx_word' id='word_1_236' title='bbox 1453 2995 1541 3073; x_wconf 82' lang='lat' dir='ltr'><strong>impe·</strong></span> 
     </span>
     <span class='ocr_line' id='line_1_29' title="bbox 346 3090 1299 3180; baseline 0.006 -27"><span class='ocrx_word' id='word_1_237' title='bbox 346 3090 549 3176; x_wconf 87' lang='lat' dir='ltr'><strong>dimentisque</strong></span> <span class='ocrx_word' id='word_1_238' title='bbox 563 3094 822 3179; x_wconf 79' lang='lat' dir='ltr'><strong>Koningswcrtlra</strong></span> <span class='ocrx_word' id='word_1_239' title='bbox 833 3097 949 3180; x_wconf 62' lang='lat' dir='ltr'><strong>Qram</strong></span> <span class='ocrx_word' id='word_1_240' title='bbox 961 3097 1084 3158; x_wconf 85' lang='lat' dir='ltr'><strong>tandem</strong></span> <span class='ocrx_word' id='word_1_241' title='bbox 1097 3097 1299 3159; x_wconf 83' lang='lat' dir='ltr'><strong>contendunt.</strong></span> 
     </span>
    </p>

    <p class='ocr_par' dir='ltr' id='par_1_9' title="bbox 343 3181 1535 3832">
     <span class='ocr_line' id='line_1_30' title="bbox 387 3181 1535 3256; baseline 0 -6"><span class='ocrx_word' id='word_1_242' title='bbox 387 3188 528 3254; x_wconf 75' lang='lat' dir='ltr'><strong>Ducebat</strong></span> <span class='ocrx_word' id='word_1_243' title='bbox 546 3191 699 3254; x_wconf 81' lang='lat' dir='ltr'><strong>sinistrum</strong></span> <span class='ocrx_word' id='word_1_244' title='bbox 721 3192 880 3256; x_wconf 88' lang='lat' dir='ltr'><strong>Bannirici</strong></span> <span class='ocrx_word' id='word_1_245' title='bbox 897 3191 1045 3255; x_wconf 85' lang='lat' dir='ltr'><strong>exercitus</strong></span> <span class='ocrx_word' id='word_1_246' title='bbox 1058 3193 1138 3255; x_wconf 87' lang='lat' dir='ltr'><strong>alam</strong></span> <span class='ocrx_word' id='word_1_247' title='bbox 1151 3213 1189 3255; x_wconf 91' lang='lat' dir='ltr'><strong>ex</strong></span> <span class='ocrx_word' id='word_1_248' title='bbox 1202 3194 1312 3256; x_wconf 91' lang='lat' dir='ltr'><strong>decem</strong></span> <span class='ocrx_word' id='word_1_249' title='bbox 1324 3190 1375 3253; x_wconf 84' lang='lat' dir='ltr'><strong>vel</strong></span> <span class='ocrx_word' id='word_1_250' title='bbox 1387 3181 1535 3252; x_wconf 77' lang='lat' dir='ltr'><strong>duodecim</strong></span> 
     </span>
     <span class='ocr_line' id='line_1_31' title="bbox 346 3282 1535 3373; baseline 0.001 -29"><span class='ocrx_word' id='word_1_251' title='bbox 346 3282 465 3346; x_wconf 87' lang='lat' dir='ltr'><strong>circiter</strong></span> <span class='ocrx_word' id='word_1_252' title='bbox 479 3285 662 3370; x_wconf 79' lang='lat' dir='ltr'><strong>legionibus</strong></span> <span class='ocrx_word' id='word_1_253' title='bbox 674 3289 811 3369; x_wconf 87' lang='lat' dir='ltr'><strong>equitnm</strong></span> <span class='ocrx_word' id='word_1_254' title='bbox 823 3287 986 3351; x_wconf 87' lang='lat' dir='ltr'><strong>conflatam</strong></span> <span class='ocrx_word' id='word_1_255' title='bbox 1000 3289 1159 3352; x_wconf 83' lang='lat' dir='ltr'><strong>Generalis</strong></span> <span class='ocrx_word' id='word_1_256' title='bbox 1174 3289 1281 3373; x_wconf 77' lang='lat' dir='ltr'><strong>Major</strong></span> <span class='ocrx_word' id='word_1_257' title='bbox 1294 3285 1490 3361; x_wconf 82' lang='lat' dir='ltr'><strong>Wittenberg,</strong></span> <span class='ocrx_word' id='word_1_258' title='bbox 1502 3295 1535 3338; x_wconf 60' lang='grc' dir='ltr'><strong>οῦ</strong></span> 
     </span>
     <span class='ocr_line' id='line_1_32' title="bbox 345 3377 1531 3466; baseline -0.004 -26"><span class='ocrx_word' id='word_1_259' title='bbox 345 3378 427 3442; x_wconf 88' lang='lat' dir='ltr'><strong>circa</strong></span> <span class='ocrx_word' id='word_1_260' title='bbox 439 3381 655 3461; x_wconf 85' lang='lat' dir='ltr'><strong>Voytlandism</strong></span> <span class='ocrx_word' id='word_1_261' title='bbox 667 3385 709 3447; x_wconf 88' lang='lat' dir='ltr'><strong>ad</strong></span> <span class='ocrx_word' id='word_1_262' title='bbox 723 3383 860 3446; x_wconf 83' lang='lat' dir='ltr'><strong>Plsrven</strong></span> <span class='ocrx_word' id='word_1_263' title='bbox 874 3404 910 3445; x_wconf 88' lang='lat' dir='ltr'><strong>ac</strong></span> <span class='ocrx_word' id='word_1_264' title='bbox 923 3383 1075 3466; x_wconf 84' lang='lat' dir='ltr'><strong>Woydsrn</strong></span> <span class='ocrx_word' id='word_1_265' title='bbox 1088 3386 1280 3449; x_wconf 87' lang='lat' dir='ltr'><strong>subsistebat.</strong></span> <span class='ocrx_word' id='word_1_266' title='bbox 1303 3377 1458 3447; x_wconf 85' lang='lat' dir='ltr'><strong>Generalis</strong></span> <span class='ocrx_word' id='word_1_267' title='bbox 1467 3389 1531 3435; x_wconf 79' lang='lat' dir='ltr'><strong>vero</strong></span> 
     </span>
     <span class='ocr_line' id='line_1_33' title="bbox 344 3474 1529 3561; baseline 0.002 -23"><span class='ocrx_word' id='word_1_268' title='bbox 344 3474 517 3558; x_wconf 79' lang='lat' dir='ltr'><strong>vigiliarum</strong></span> <span class='ocrx_word' id='word_1_269' title='bbox 533 3477 701 3544; x_wconf 71' lang='lat' dir='ltr'><strong>Praefectus</strong></span> <span class='ocrx_word' id='word_1_270' title='bbox 716 3479 790 3541; x_wconf 83' lang='lat' dir='ltr'><strong>anl</strong></span> <span class='ocrx_word' id='word_1_271' title='bbox 803 3490 932 3561; x_wconf 81' lang='lat' dir='ltr'><strong>praeerat</strong></span> <span class='ocrx_word' id='word_1_272' title='bbox 943 3480 1059 3543; x_wconf 72' lang='lat' dir='ltr'><strong>dextrae</strong></span> <span class='ocrx_word' id='word_1_273' title='bbox 1072 3481 1139 3555; x_wconf 79' lang='lat' dir='ltr'><strong>alce,</strong></span> <span class='ocrx_word' id='word_1_274' title='bbox 1153 3481 1382 3561; x_wconf 81' lang='lat' dir='ltr'><strong>deduxerstque</strong></span> <span class='ocrx_word' id='word_1_275' title='bbox 1390 3477 1454 3558; x_wconf 78' lang='lat' dir='ltr'><strong>jam</strong></span> <span class='ocrx_word' id='word_1_276' title='bbox 1469 3487 1529 3530; x_wconf 67' lang='lat' dir='ltr'><strong>fflm</strong></span> 
     </span>
     <span class='ocr_line' id='line_1_34' title="bbox 344 3569 1523 3662; baseline -0.002 -27"><span class='ocrx_word' id='word_1_277' title='bbox 344 3573 570 3656; x_wconf 78' lang='lat' dir='ltr'><strong>Altenburgnm</strong></span> <span class='ocrx_word' id='word_1_278' title='bbox 588 3595 694 3657; x_wconf 88' lang='lat' dir='ltr'><strong>nsque,</strong></span> <span class='ocrx_word' id='word_1_279' title='bbox 713 3576 835 3657; x_wconf 78' lang='lat' dir='ltr'><strong>ibatque</strong></span> <span class='ocrx_word' id='word_1_280' title='bbox 854 3575 980 3638; x_wconf 87' lang='lat' dir='ltr'><strong>ulterius</strong></span> <span class='ocrx_word' id='word_1_281' title='bbox 997 3588 1032 3640; x_wconf 89' lang='lat' dir='ltr'><strong>nt</strong></span> <span class='ocrx_word' id='word_1_282' title='bbox 1052 3577 1332 3662; x_wconf 80' lang='lat' dir='ltr'><strong>Koningsmarclsio</strong></span> <span class='ocrx_word' id='word_1_283' title='bbox 1350 3569 1523 3638; x_wconf 51' lang='lat' dir='ltr'><strong>succedere&amp;</strong></span> 
     </span>
     <span class='ocr_line' id='line_1_35' title="bbox 343 3669 1521 3753; baseline 0 -20"><span class='ocrx_word' id='word_1_284' title='bbox 343 3669 508 3734; x_wconf 71' lang='lat' dir='ltr'><strong>vocabatur</strong></span> <span class='ocrx_word' id='word_1_285' title='bbox 520 3670 602 3734; x_wconf 89' lang='lat' dir='ltr'><strong>enim</strong></span> <span class='ocrx_word' id='word_1_286' title='bbox 616 3670 665 3734; x_wconf 85' lang='lat' dir='ltr'><strong>hic</strong></span> <span class='ocrx_word' id='word_1_287' title='bbox 679 3672 747 3736; x_wconf 89' lang='lat' dir='ltr'><strong>loco</strong></span> <span class='ocrx_word' id='word_1_288' title='bbox 758 3671 882 3736; x_wconf 88' lang='lat' dir='ltr'><strong>slterius</strong></span> <span class='ocrx_word' id='word_1_289' title='bbox 890 3673 932 3738; x_wconf 81' lang='lat' dir='ltr'><strong>sd</strong></span> <span class='ocrx_word' id='word_1_290' title='bbox 943 3674 1120 3753; x_wconf 88' lang='lat' dir='ltr'><strong>exercitum,</strong></span> <span class='ocrx_word' id='word_1_291' title='bbox 1131 3676 1208 3739; x_wconf 90' lang='lat' dir='ltr'><strong>utin</strong></span> <span class='ocrx_word' id='word_1_292' title='bbox 1218 3675 1334 3738; x_wconf 86' lang='lat' dir='ltr'><strong>lubores</strong></span> <span class='ocrx_word' id='word_1_293' title='bbox 1343 3669 1521 3751; x_wconf 74' lang='lat' dir='ltr'><strong>fatigatorum</strong></span> 
     </span>
     <span class='ocr_line' id='line_1_36' title="bbox 345 3768 632 3832; baseline 0 -2"><span class='ocrx_word' id='word_1_294' title='bbox 345 3768 495 3830; x_wconf 88' lang='lat' dir='ltr'><strong>sociorum</strong></span> <span class='ocrx_word' id='word_1_295' title='bbox 509 3768 632 3832; x_wconf 86' lang='lat' dir='ltr'><strong>subiret.</strong></span> 
     </span>
    </p>
   </div>
   <div class='ocr_carea' id='block_1_3' title="bbox 0 0 1618 4700">
    <p class='ocr_par' dir='ltr' id='par_1_10' title="bbox 0 0 1618 4700">
     <span class='ocr_line' id='line_1_37' title="bbox 0 0 1618 4700; baseline 0 4"><span class='ocrx_word' id='word_1_296' title='bbox 0 0 1618 4700; x_wconf 95' lang='lat' dir='ltr'><strong> </strong></span> 
     </span>
    </p>
   </div>
  </div>
 </body>
</html>
