3225 4700
320 350 382 417 186
711 346 1109 421 ITINERARIUM.

322 501 430 567 mem
445 500 608 565 celerrimis
624 500 711 583 equis
722 520 755 565 ss
766 502 903 566 eonferre
914 504 1018 585 jussus
1034 510 1099 569 eret
1112 502 1271 567 Generalis
1283 498 1539 566 Pioolominins.

323 597 415 661 ciros
435 598 541 662 eedem
559 597 694 680 tempori
711 597 874 661 immornli
890 598 1035 661 memoris
1050 598 1173 681 viteque
1189 598 1323 682 longiore
1339 598 1429 681 longe
1454 596 1542 677 dig-

324 694 476 770 nissimus,
489 693 576 756 miles
585 694 819 769 strenuissimus,
830 692 1010 777 Imperatori
1020 716 1073 759 sno
1083 695 1285 769 fidelissimus,
1294 690 1541 758 Wnllenstoinii

325 788 455 853 domitor
466 798 499 855 et
510 788 684 854 interfector
695 790 925 873 imperterritus,
938 792 1147 875 mugnonimus
1160 790 1335 857 Oolonellns
1343 788 1542 853 waltherus

326 886 490 951 Deseroux
512 885 626 969 Progne
644 886 829 968 pientissimo
849 895 1017 951 extrenmm
1037 888 1144 951 olnnsit
1167 888 1247 951 diem
1269 887 1469 968 primumque
1499 882 1538 942 in

327 981 445 1045 meliori
454 981 760 1064 ritnsupiootusest.
781 981 1015 1064 Cujusmortmn
1024 984 1156 1067 grsritor
1163 1002 1233 1047 seue
1242 983 1313 1046 tulit
1322 978 1542 1045 serenissimo

326 1077 434 1139 (lomus
446 1078 617 1153 Austrinos,
630 1077 752 1161 ipseque
765 1080 933 1159 lmperstor
944 1100 1014 1142 mox
1026 1081 1047 1143 l
1058 1090 1154 1143 mone
1166 1082 1230 1162 ejus
1242 1080 1262 1142 i
1275 1078 1418 1141 Putribns
1432 1074 1539 1137 Sooi·

328 1174 416 1237 eum
427 1172 452 1237 J
453 1194 510 1236 ssu
519 1175 605 1237 reris
615 1194 701 1237 soors
713 1174 786 1251 diei,
800 1175 917 1256 ipsique
931 1175 992 1239 ritu
1002 1176 1159 1239 Ostholioo
1173 1175 1330 1238 Perentnri
1346 1174 1396 1255 pie
1409 1170 1534 1233 voluit.

328 1268 362 1331 A
381 1278 478 1333 morte
499 1270 559 1333 riri
579 1269 763 1352 integerrimi
784 1270 997 1334 confinxerunt
1019 1272 1157 1335 nonnulli
1178 1272 1337 1356 Religioni,
1358 1288 1471 1351 perum
1497 1264 1534 1327 in

328 1383 431 1429 munes
447 1366 513 1447 ejus
531 1365 690 1448 Religioni,
704 1387 765 1448 qun
780 1368 882 1431 neseio
900 1368 1016 1431 invidis
1029 1370 1124 1447 sinoti,
1138 1390 1208 1432 oum
1221 1378 1321 1431 tumen
1338 1366 1411 1448 ipsis
1426 1366 1534 1425 bene·

328 1462 447 1526 ferisset
467 1482 594 1544 semper,
615 1464 698 1543 quod
718 1464 775 1526 sub
792 1464 907 1527 exitum
926 1466 1035 1529 animm
1055 1466 1121 1548 ejus
1140 1468 1172 1529 in
1194 1485 1298 1528 eornm
1316 1462 1447 1525 oratorio
1469 1480 1532 1521 sen

330 1556 460 1632 Sooello,
479 1558 646 1639 nescioqui
662 1578 808 1640 equorum
831 1561 953 1643 ungulis
973 1562 1090 1625 semotis
1110 1560 1356 1625 tumultuantium
1377 1556 1534 1639 strepitus

328 1652 426 1715 tuditi
438 1652 509 1729 sint,
522 1653 623 1717 entelli
635 1674 755 1737 quoque
764 1664 832 1719 otro
842 1656 940 1719 oolore
951 1656 1104 1720 horrentes
1115 1658 1173 1721 hee
1181 1658 1251 1720 illso
1263 1677 1318 1739 per
1326 1652 1532 1737 sepulnhrum

329 1748 396 1830 eju
402 1748 631 1813 diseunererisi
638 1751 1216 1835 mntetnesoioanesliusomninntinm
1224 1753 1331 1816 delirio
1338 1761 1369 1814 et
1375 1750 1531 1833 pudenda

329 1844 489 1906 mendesio
506 1844 584 1917 Qun
606 1864 677 1907 oum
698 1846 852 1911 nonnullis
873 1848 1049 1911 riderentur
1070 1848 1184 1913 nltioris
1205 1849 1351 1925 scrutinii,
1370 1854 1529 1909 nonerunt
1605 1912 1606 1923 χ

329 1938 391 2001 looi
406 1941 565 2020 presidem
583 1949 613 2003 et
629 1943 805 2005 suetoritsto
823 1964 883 2025 quo
899 1945 1101 2029 iungebantur
1116 1946 1172 2009 snb
1189 1944 1371 2009 oonsoientie
1385 1943 1530 2005 testimo-

331 2035 417 2097 nium
430 2056 521 2117 snper
532 2037 605 2099 visis
618 2037 817 2119 postularunt,
831 2039 881 2102 hio
894 2041 1005 2105 diserte
1018 2042 1142 2105 asseruit
1155 2042 1212 2104 sibi
1224 2062 1260 2105 os
1272 2042 1310 2103 de
1322 2060 1354 2101 ro
1366 2038 1412 2100 nil
1429 2038 1529 2120 qnid-

329 2152 422 2213 quom
431 2142 577 2201 oonsture‚
588 2136 989 2217 merusqueesseoulnmniss
999 2146 1082 2201 teuto
1094 2138 1175 2201 Dnoi
1186 2136 1358 2201 idiesonlis
1367 2135 1530 2197 nonnullis

331 2227 407 2289 fulso
427 2228 591 2309 impositos.
630 2230 699 2293 Vulr
719 2231 832 2313 podest
850 2232 951 2295 uirum
971 2234 1083 2296 bonum
1102 2254 1142 2297 ns
1158 2235 1259 2297 rliosm
1276 2231 1469 2315 Religiosum
1488 2231 1529 2293 de

331 2322 469 2400 mortuis,
488 2343 557 2407 quse
577 2326 641 2408 ipse
660 2336 847 2390 oonmentns
863 2336 917 2406 est,
935 2348 1112 2407 mserersre,
1125 2338 1155 2394 et
1168 2328 1200 2392 in
1218 2329 1371 2412 publioum
1384 2328 1528 2390 dimensi-

332 2439 424 2482 nare:
445 2420 471 2482 si
484 2421 564 2484 enim
578 2423 618 2486 (le
629 2423 801 2486 obsentibm
820 2423 866 2486 nil
883 2425 942 2488 nisi
960 2427 1039 2488 bons
1053 2427 1289 2510 pronunoisndn,
1308 2435 1389 2499 sunt,
1406 2433 1529 2506 quanto

332 2516 430 2598 magis
446 2516 485 2579 (le
501 2518 649 2580 mortuis?
667 2529 780 2601 quanto
798 2521 928 2604 amplios
940 2523 979 2586 de
992 2523 1156 2586 beneficis?
1175 2531 1287 2604 qunnto
1303 2522 1401 2606 potius
1414 2523 1455 2584 (le
1476 2541 1526 2596 eo,

334 2610 388 2691 qui
401 2611 440 2674 de
452 2620 506 2674 tno
521 2612 628 2676 ordine
640 2616 791 2678 neminem
810 2637 943 2699 unquam
961 2617 1069 2700 stipem
1082 2629 1239 2701 rogantem
1251 2636 1379 2682 monum
1393 2617 1525 2686 dimisit,

333 2705 386 2787 qui
400 2716 429 2768 et
442 2707 473 2768 iu
487 2708 551 2771 rite
563 2718 593 2771 et
605 2719 672 2790 post
683 2712 777 2773 vitem
790 2713 829 2774 de
843 2714 948 2776 ordine
961 2722 1014 2776 tuo
1030 2715 1171 2795 preclare
1189 2735 1305 2797 semper
1317 2723 1363 2778 est
1374 2714 1527 2778 meritum?

334 2801 504 2866 obmutesoe
518 2804 613 2887 igitur
625 2805 759 2888 posthoc,
772 2816 803 2870 et
815 2828 875 2870 non
889 2809 948 2872 nisi
963 2829 1032 2872 sere
1044 2829 1148 2872 essere.
