3225 4700
507 344 917 412 ITINERARIUM.
1238 349 1302 414 26³

87 480 160 554 bat,
174 499 236 544 non
247 491 363 564 poterat
371 491 433 546 tarn
443 483 542 547 subito
551 505 636 548 arrna
645 504 797 566 capessere
806 485 871 546 sine
881 491 1029 567 prasente
1038 482 1301 566 periculumque

90 577 204 660 fugam
218 579 397 644 tutissimam
410 583 536 665 quisque
549 593 584 645 ut
597 593 662 646 arat
674 583 724 646 vel
737 583 813 646 sami
825 583 951 645 restitus
964 580 1014 644 vel
1026 581 1058 642 in
1071 580 1195 643 indusio
1209 580 1303 643 rima·

92 687 162 751 tur,
183 685 217 738 nt
232 677 339 742 saltem
356 680 450 742 sitnm
467 681 563 744 salvet
580 681 606 744 si
624 701 695 762 opes
712 679 845 762 pendere
863 687 999 761 cogatur.
1040 677 1120 740 Huc
1137 676 1212 740 dnm
1226 677 1305 740 fiunt

92 773 201 836 adbuc
214 775 472 858 erantpotissimsa
485 787 593 840 turmae
611 787 680 838 anm
697 785 810 858 portus,
829 775 913 856 qnod
929 774 1123 857 conspicatus
1137 773 1318 856 praedictns‘

94 867 306 934 locumtenene
320 871 667 958 Coniugstsiuiunorum,
680 872 774 935 mittit
785 872 839 954 qni
858 869 1014 934 securibus
1026 870 1145 932 aditum
1155 871 1301 953 aperiant,

96 977 176 1028 euno
190 969 373 1032 unanimiter
382 970 424 1033 ad
436 969 542 1052 templi
556 971 680 1048 utrium,
692 967 725 1032 in
739 970 822 1051 qnod
834 968 991 1052 potissima
1003 987 1073 1051 pars
1086 966 1179 1030 hostis
1196 989 1229 1031 se
1242 969 1306 1032 ool·
1363 1042 1365 1047 Ι

97 1062 217 1146 legerat
231 1065 320 1142 itum,
335 1067 522 1150 petitumque
533 1068 668 1130 vitamne
681 1066 795 1130 salvam
809 1066 916 1141 velint,
931 1075 962 1128 et
973 1065 1098 1127 vincula
1110 1085 1163 1127 sen
1176 1066 1305 1147 captivi·

98 1168 194 1223 tatem
207 1161 318 1237 subire,
333 1163 416 1245 quod
427 1185 487 1227 non
501 1164 592 1227 inviti
604 1173 775 1227 annuemnt
790 1163 950 1246 precipui,
970 1162 1075 1245 positis
1092 1162 1195 1243 itaque
1212 1162 1304 1224 armis

100 1277 166 1320 sese
179 1258 287 1322 victori
299 1260 390 1322 militi
404 1259 554 1325 dederuut
565 1261 619 1342 qui
635 1262 715 1344 ipsos
727 1261 845 1343 pedites
859 1261 1030 1324 Honlnstam
1038 1259 1176 1322 deduxit.

143 1356 194 1418 Da
207 1357 312 1439 praeda
325 1357 514 1442 singolorum
531 1379 593 1420 uon
608 1345 654 1420 eit
669 1357 756 1422 facile
775 1358 979 1432 scribendum,
992 1377 1063 1419 cnm
1072 1356 1215 1439 jamdum
1233 1375 1305 1417 con·

100 1459 274 1533 nonquam
291 1453 419 1536 quisque
437 1475 492 1516 sna
509 1455 607 1537 spolia
624 1455 791 1537 supprimat
806 1464 862 1517 ant
880 1462 1031 1528 extenuet,
1051 1452 1148 1516 solent
1169 1452 1250 1514 enim
1271 1451 1304 1512 in

99 1546 277 1630 hujusmodi
296 1549 502 1614 occasionibus
521 1551 624 1614 omnia
640 1551 672 1613 in
694 1551 830 1616 medium
847 1550 985 1633 proferri,
1006 1561 1037 1612 et
1056 1550 1151 1632 eequis
1169 1549 1305 1632 partibus

99 1643 181 1706 inter
194 1645 324 1726 aequales
337 1648 462 1729 periculi
476 1649 584 1726 socios,
598 1669 653 1731 pro
669 1649 819 1731 dignitate
836 1649 971 1731 cujusvis
989 1646 1147 1710 distribui:
1168 1643 1226 1708 hoc
1238 1655 1305 1708 tau·

99 1752 168 1804 tum
181 1743 266 1822 quod
278 1753 361 1808 certo
373 1755 560 1828 compertum
570 1756 615 1808 est
625 1745 765 1820 scribam,
778 1765 871 1808 nuum
881 1744 980 1808 solnm
989 1744 1136 1806 rusticum
1147 1743 1304 1832 ductorem
1411 1769 1417 1778 ·

100 1838 252 1902 militibus
264 1841 450 1924 assignatum
464 1843 607 1906 eximiam
620 1863 742 1926 prorsus
755 1843 919 1906 obtinuisse
929 1842 1075 1926 praedam,
1087 1840 1204 1902 scilicet
1215 1841 1306 1902 nnius

102 1957 141 1998 ex
155 1937 247 2019 primi
260 1939 375 2001 ordinis
386 1939 561 2003 officialium
575 1941 735 2016 moinum,
749 1941 781 2002 in
795 1960 856 2021 que
868 1939 1013 2021 reperisse
1026 1937 1140 2000 dicitnr
1150 1937 1234 1999 mille
1247 1938 1306 1999 du·

101 2045 197 2109 catos,
214 2035 347 2098 studiose
365 2035 517 2098 involutos
535 2037 567 2098 in
585 2036 739 2100 baltheum
756 2037 930 2109 militarem,
942 2034 1105 2098 duodecim
1120 2033 1243 2096 collaria
1258 2053 1306 2095 re·

102 2151 177 2192 oens
190 2141 301 2214 empta,
315 2152 444 2214 qnorum
457 2133 578 2216 singule
592 2133 703 2218 viginti
715 2143 842 2216 quatuor
855 2132 1060 2216 imperialibus
1073 2141 1145 2194 sunt
1160 2131 1307 2192 aestimata

101 2227 238 2308 aliasque
258 2227 374 2290 reculas
394 2247 455 2290 uon
476 2229 561 2311 parvi
582 2231 687 2312 precii.
729 2231 771 2294 Et
790 2229 863 2293 licet
882 2227 975 2292 homo
993 2228 1078 2291 aufer
1096 2247 1251 2309 nunqnam
1266 2228 1307 2289 de

102 2321 188 2386 mille
207 2323 325 2387 ducatis
342 2323 431 2387 lateri
448 2325 588 2403 voluerit,
610 2327 649 2389 de
668 2325 787 2390 baltheo
803 2347 877 2391 varo
894 2337 926 2390 et
941 2325 1105 2390 collaribus
1123 2325 1216 2387 libere
1235 2345 1306 2387 con·

102 2421 199 2483 fessus
215 2422 266 2495 sit,
280 2422 435 2485 convietus
454 2432 553 2486 tamen
571 2434 617 2488 est
634 2424 792 2507 ipsiusmet
809 2423 953 2487 Praefecti
967 2424 1140 2506 vigiliarum
1156 2442 1306 2483 merera-

102 2519 197 2593 tions,
211 2519 264 2601 qui
282 2519 381 2601 palem
399 2521 500 2583 aiebat
516 2530 612 2585 semet
629 2520 683 2583 hos
700 2522 784 2583 mille
802 2522 928 2583 ducatos
944 2521 988 2583 ita
1001 2520 1120 2583 baltheo
1133 2518 1306 2593 involvisse,

105 2624 142 2677 ut
155 2614 239 2677 salvs
252 2616 311 2678 tels
322 2617 404 2681 intra
415 2629 478 2681 tum
489 2619 579 2681 breve
591 2623 709 2698 tempus
719 2616 817 2679 evolvi
827 2636 888 2679 non
899 2618 1060 2697 potuerint.
1083 2614 1195 2689 Quoad
1203 2632 1307 2696 equos,

104 2731 211 2773 omnes
223 2714 426 2787 obtinuerunt,
442 2722 643 2797 putanturque
658 2714 840 2797 quingentos
852 2713 1023 2776 excessisse.
1166 2728 1170 2739 ·

147 2808 196 2871 Ex
220 2810 354 2873 hostibus
374 2812 466 2873 occisi
489 2820 560 2875 sunt
579 2832 640 2873 non
661 2810 721 2873 nisi
739 2824 854 2893 septem
873 2820 992 2885 octove,
1011 2812 1030 2871 h
1049 2806 1212 2870 Wollianis
1232 2806 1308 2880 dno,

6 2918 7 2923 ’
104 2926 245 2995 unnsquq
255 2906 332 2969 civis
346 2908 530 2983 vnlneratus,
544 2906 654 2989 reliqui
671 2926 776 2969 omnes
792 2907 832 2969 de
847 2906 945 2979 hoste,
957 2904 1095 2987 pauculis
1107 2902 1240 2985 exceptis
1253 2902 1308 2983 qni

104 3003 286 3082 permenio
300 3004 474 3067 clanculum
493 3024 525 3067 so
540 3003 726 3066 demiserunt
742 3002 842 3084 capti:
863 3014 896 3065 et
913 3003 1038 3085 quidem
1057 3001 1089 3063 hi
1108 3000 1188 3063 inter
1199 2999 1306 3081 prasoi-

21 3122 22 3127 ¹
105 3099 1180 3184 puosnominatimMajorKorffsupremnsequitumvigiliispraefectus.
1203 3096 1308 3179 Major

106 3194 303 3279 Oelenhleger
312 3218 469 3280 supremus
479 3198 553 3261 item
566 3198 748 3281 Drugonnm
756 3196 871 3281 vigiliis
879 3197 1049 3279 praefectus,
1060 3196 1212 3279 Magister
1223 3194 1308 3275 equi·

107 3298 173 3353 tum
198 3292 398 3367 Kalthansen‚
424 3296 607 3377 Capitonem
630 3293 851 3367 Sausenwindt,
870 3293 932 3355 duo
952 3293 1215 3371 locumtenentes,
1236 3294 1307 3356 Mu·

105 3386 200 3469 gister
219 3390 459 3465 Quarteriornm,
477 3390 627 3455 vexilit'cri
644 3390 770 3472 aliquot,
788 3389 1020 3453 Commisearius
1034 3389 1171 3479 qnidam,
1183 3400 1308 3453 centnm

107 3496 139 3546 et
149 3484 258 3549 decem
271 3488 397 3569 equites,
412 3486 569 3551 desultorii
581 3488 746 3570 octoginta,
758 3494 869 3569 praeter
881 3485 1000 3549 calones
1009 3496 1043 3549 et
1055 3486 1185 3551 monim.
1241 3560 1248 3571 α

151 3584 216 3647 Iter
227 3582 399 3646 Hiicbstam
410 3604 512 3647 rerem
525 3604 630 3647 omncs
642 3604 738 3665 usque
750 3584 790 3647 ad
804 3604 969 3666 supremos,
979 3584 1094 3667 pedites
1107 3584 1185 3649 inire
1198 3582 1309 3646 debue-

109 3692 190 3759 runt,
206 3702 243 3745 eo
261 3680 343 3763 quod
360 3681 431 3765 eqni
439 3682 506 3764 jam
524 3690 623 3743 essent
639 3681 797 3763 premissi,
814 3700 887 3743 cnm
903 3690 1005 3744 tamen
1021 3685 1118 3765 prbpe
1136 3678 1308 3743 Hochstam
