3225 4700
499 362 523 427 I
529 360 817 429 YINERARI
823 360 909 427 ΠΜ.
1232 364 1296 433 349

122 515 199 590 Qui
213 538 284 580 cum
294 526 429 600 optutum
436 516 533 580 sortiti
542 526 640 579 essent
649 516 791 579 effectum
800 528 832 580 et
840 516 971 579 subrutis
981 518 1100 580 moeniis
1110 516 1298 599 praemnniis-

76 626 167 675 sent
188 614 284 676 letum
305 614 337 675 in
359 614 462 676 urbem
485 615 611 688 aditum,
636 615 783 695 impetum
806 614 978 677 obsidentes
999 616 1186 677 adornarunt
1205 614 1300 676 mults

77 730 225 773 suornm
237 723 355 793 strage:
377 711 488 773 obsessi
503 710 585 771 enim
598 708 723 769 interius
734 708 842 771 dmum
852 710 1197 791 obstruxeruntcumque
1207 709 1300 770 hostis

78 808 278 885 incurreret,
293 808 446 889 dispositis
460 807 532 868 binc
547 806 619 867 inde
636 805 841 887 praesidiariis,
862 806 1021 867 durissime
1036 815 1235 888 acceperunt3
1256 805 1300 867 its

79 916 124 966 ut
144 908 220 966 150.
234 906 404 981 straverint,
418 904 588 984 multosque
601 904 719 963 saucios
733 903 913 965 remiserint.

133 1002 297 1065 Inciderut
310 1002 375 1063 baec
388 1002 506 1064 obsidio
519 1002 551 1062 in
571 1020 707 1063 mensem
724 1000 748 1062 J
750 1000 913 1063 snnnrium
929 1001 1023 1062 Anno
1042 1000 1298 1065 M.1)c.xn111.

81 1100 214 1181 frigore
225 1111 255 1161 et
273 1099 384 1181 pluviis
401 1118 545 1181 perqnsm
564 1096 801 1171 incommodum,
817 1097 897 1158 unde
916 1096 1026 1158 lentids
1044 1097 1184 1178 opinione
1197 1118 1299 1178 proce-

83 1198 213 1257 debant
224 1197 390 1259 obsidionis
402 1196 567 1257 molimine.
609 1194 749 1256 Debetur
761 1194 875 1256 intereo
888 1214 972 1257 mors
978 1192 1125 1257 Caesareis
1138 1195 1178 1255 nd
1188 1215 1298 1257 novum

84 1294 323 1375 expeditionem
335 1292 557 1375 suscipiendum
569 1314 579 1369 3
600 1292 655 1373 qui
668 1292 751 1373 quod
763 1312 796 1352 se
808 1291 946 1355 Pilsusm
958 1292 1131 1367 movissent,
1146 1312 1248 1353 rumor
1261 1294 1301 1354 nd

84 1391 274 1451 obsidentes
285 1390 405 1464 tulerat,
420 1392 507 1472 cnjus
519 1389 563 1451 rei
578 1388 791 1451 certitudinem
804 1400 842 1449 ut
854 1388 1022 1469 exploraret
1035 1386 1299 1459 Dorstensobnius,

87 1506 172 1547 curn
188 1488 341 1568 precipuo
359 1487 494 1567 equitatu
507 1506 611 1547 versus
623 1493 739 1547 montes
751 1484 895 1557 excurrit,
905 1486 959 1547 sed
971 1483 1054 1547 uliud
1068 1504 1127 1545 uon
1146 1484 1299 1566 cognovit,

87 1585 196 1663 quim
209 1585 292 1664 quod
304 1583 438 1646 Coesurei
451 1584 481 1643 in
496 1584 557 1645 suis
570 1604 602 1643 se
616 1582 793 1643 stationibus
806 1581 919 1663 optime
929 1581 1052 1644 monitis
1061 1582 1248 1648 continerent
1260 1585 1300 1645 ud

89 1701 270 1761 quoscum
289 1700 443 1743 necessum
465 1680 582 1742 nullum
605 1679 773 1762 reperisset,
794 1680 835 1741 nd
862 1679 1048 1741 obsidionem
1074 1699 1211 1743 reversus
1237 1691 1299 1751 est;

90 1796 244 1857 cumque,
258 1797 296 1837 ne
306 1778 367 1858 qud
378 1776 456 1839 forte
469 1777 647 1839 solutionem
661 1777 827 1839 obsidionis
837 1786 986 1838 tentarent
994 1775 1135 1851 Caesnrci,
1146 1785 1301 1848 metueret,

91 1895 209 1955 operns
228 1875 405 1956 duplicavit,
421 1875 567 1956 rebusque
581 1874 721 1938 omnibus
738 1873 900 1955 dispositis,
915 1872 1085 1955 generalem
1103 1872 1247 1954 impetum
1268 1874 1300 1935 in

93 1973 434 2054 vigesimamqunrtnm
445 1972 468 2034 J
470 1973 588 2033 aunarii
596 1972 706 2034 indixit
715 1993 727 2046 3
747 1991 784 2033 uc
794 1972 872 2032 inter
881 1970 994 2051 equites
1004 1968 1189 2051 promulgari
1196 1970 1300 2051 jussit,

93 2080 145 2144 ut,
160 2068 187 2129 si
202 2070 379 2149 quiessent,
394 2069 447 2150 qui
461 2089 516 2150 pro
534 2070 658 2151 proemio
669 2067 761 2130 simul
778 2068 930 2129 incurrere
943 2066 1064 2142 vellent,
1079 2068 1205 2147 tempori
1219 2088 1301 2129 com·

96 2178 255 2247 parerent.
291 2167 534 2249 Compsrnernnt
549 2168 611 2228 duo
627 2166 751 2229 omnino
770 2165 877 2239 millis,
897 2185 934 2225 ex
951 2164 998 2239 iis,
1017 2164 1069 2244 qui
1086 2184 1231 2243 equorum
1248 2164 1300 2225 de·

96 2265 186 2326 fectu
206 2264 323 2345 pedites
342 2263 533 2333 incedebant,
553 2281 681 2343 qnorum
701 2282 861 2323 numerum
881 2270 1010 2342 quotuor
1030 2260 1124 2321 millis
1144 2260 1302 2323 excessisse

99 2363 246 2424 credunt.
284 2361 347 2424 Sed
364 2360 498 2424 cumills
518 2360 583 2422 dies
601 2360 751 2422 continuis
767 2359 879 2440 pluviis
897 2371 973 2422 esset
987 2357 1112 2431 lubrica,
1127 2357 1256 2440 impetus
1267 2358 1300 2419 in

97 2458 189 2521 uliud
201 2471 319 2540 tempus
332 2459 443 2522 dilutus
455 2468 510 2520 est

145 2557 347 2620 Advenerunt
359 2577 419 2618 non
435 2555 532 2617 multb
545 2565 611 2638 post
625 2554 865 2618 Cresnrinnorum
879 2571 987 2614 novem
1001 2551 1134 2632 equitum
1151 2551 1256 2626 millia,
1270 2565 1301 2614 et

99 2654 241 2734 peditum
260 2654 396 2734 quinque
416 2653 542 2714 omnino
563 2651 677 2728 millin3
699 2650 753 2712 hes
777 2651 878 2731 copies
903 2661 937 2710 ut
959 2659 1177 2730 conspexerunt
1199 2648 1299 2722 Sneci,

100 2750 252 2812 continuo
277 2750 463 2812 obsidionem
484 2748 647 2822 solverunt,
670 2767 800 2828 cumque
823 2757 961 2810 notarent
984 2739 1184 2812 Caesuriorum
1207 2749 1300 2812 inter·

99 2857 198 2909 ventu
209 2848 328 2909 succidi
336 2868 373 2909 ex
384 2846 534 2909 Bobemin
543 2855 756 2920 commentum,
767 2845 808 2906 sd
818 2844 922 2906 Albim
931 2846 1079 2928 progressi
1089 2856 1169 2908 suut.
1200 2846 1299 2919 Quem

99 2954 196 3027 ponte
208 2955 387 3019 struverunt,
402 2955 436 3006 ut
445 2943 536 3006 militi
549 2964 588 3005 ex
602 2952 727 3022 utruque
739 2953 824 3022 purte
838 2942 1000 3024 psbulnndi
1014 2942 1100 3008 fieret
1112 2943 1209 3025 copis.

145 3043 218 3105 Huc
237 3043 427 3125 expeditione
444 3041 571 3104 feliciter
590 3041 728 3103 coniectu
749 3040 974 3102 Picolomineus
994 3039 1013 3100 b
1032 3039 1180 3102 Csessreis
1196 3039 1300 3102 cestris

101 3140 259 3210 dimissus,
271 3140 303 3200 in
318 3139 462 3222 Belgium
476 3139 627 3220 profectus
639 3149 694 3214 est,
710 3137 864 3219 Hispanus
884 3138 985 3220 copies
1002 3137 1149 3200 ducturus
1167 3137 1198 3199 in
1212 3139 1300 3219 cujus

101 3237 206 3299 locum
220 3238 364 3300 Gulussus
377 3248 422 3299 est
433 3236 619 3299 substitutus.
