3225 4700
1550 954 1936 1030 CAPUT
1998 953 2157 1029 LV.

662 1148 1140 1242 Fridbergemes
1175 1151 1259 1220 W
1250 1154 1464 1221 imarii
1503 1153 1780 1221 Ursellas
1807 1165 1868 1222 et
1900 1132 2295 1221 Ebste'iuium
2330 1161 2692 1241 occupant,
2719 1150 2840 1216 sed
2865 1149 3090 1216 utrobi-

1532 1280 1651 1346 que
1671 1257 2182 1345 intercipiuntur.

1131 1636 1171 1701 g}
1226 1645 1362 1708 loco
1414 1646 1612 1710 indies
1665 1655 2031 1730 augerentur
2077 1642 2396 1726 manipuli,
2451 1643 2819 1725 fierentque
2871 1641 3083 1723 plures,

1119 1749 1124 1753 '
1176 1763 1408 1824 quam
1439 1764 1591 1825 quos
1629 1745 1879 1806 unicum
1906 1743 2021 1805 hoc
2058 1742 2349 1826 oppidum
2375 1741 2721 1803 commode
2749 1749 2815 1802 et
2840 1739 2967 1801 sine
2990 1757 3087 1800 ex·

1119 1890 1124 1892 ,
1227 1850 1420 1902 toema
1458 1841 1636 1903 ruina
1680 1841 1939 1904 retinere
1985 1849 2205 1922 posset,
2251 1840 2329 1901 de
2374 1837 2727 1900 dilatandis
2779 1833 3083 1916 quarteriis

665 1889 962 2018 dispicere
1009 1946 1318 2020 ceperunt,
1349 1959 1421 2000 ac
1467 1938 1665 2020 primo
1710 1939 1959 2020 quidem
2014 1937 2349 2019 capitaneo
2390 1936 2653 2000 cuidam
2712 1933 2992 2011 (Quirini
3034 1930 3085 1991 ei

668 2053 886 2095 nomen
912 2036 1066 2110 erat)
1091 2032 1473 2117 assignarunt
1499 2035 1882 2116 Epsteinium
1920 2035 2211 2117 oppidum
2248 2044 2310 2096 et
2346 2054 2584 2109 arcem,
2624 2042 2698 2094 ut
2725 2031 2867 2092 istic
2898 2027 3078 2089 mani-

668 2129 881 2212 pulum
919 2151 1099 2194 suum
1136 2131 1482 2212 compleret,
1525 2130 1701 2194 alteri
1744 2133 1991 2214 insuper
2033 2132 2367 2214 Capitaneo
2403 2128 2865 2212 (Psankuchen
2909 2124 3080 2204 vulgo

532 2307 539 2315 .
670 2228 998 2309 appellant)
1035 2227 1476 2312 Cronbergam‚
1517 2229 2000 2292 Newenhanium
2038 2229 2275 2310 aliaque
2316 2229 2557 2291 circum
2598 2228 2743 2290 loca
2773 2227 3074 2306 deputant,

667 2323 803 2387 aliis
828 2325 977 2387 alias
1003 2325 1085 2388 ad
1111 2325 1231 2389 huc
1257 2325 1541 2389 stationes
1565 2325 1937 2390 distribuunt
1962 2325 2371 2408 Pfankuchen
2405 2326 2695 2410 sagacior
2729 2323 2874 2395 fnit,
2907 2338 3076 2404 quam

670 2433 741 2485 ut
765 2443 830 2485 se
866 2423 1239 2507 Cronbergae
1276 2425 1688 2502 concrederet,
1724 2434 1998 2487 metuens
2033 2425 2302 2488 vicinum
2338 2423 2909 2507 Coningsteinium‚
2946 2437 3073 2479 con·

671 2530 870 2584 tentus
891 2523 1080 2606 igitur
1105 2523 1416 2585 exactione
1442 2523 1790 2605 pecuniaria
1813 2543 1995 2604 quam
2021 2523 2325 2606 assignata
2348 2522 2464 2584 sibi
2490 2521 2731 2605 oppida
2753 2515 3074 2600 quJonde·

672 2629 827 2695 rant,
881 2621 945 2682 in
992 2620 1312 2682 tutioribus
1365 2630 1573 2683 manet
1626 2620 1993 2683 diversoriis.
2076 2620 2337 2694 Quirino
2390 2640 2539 2682 vero
2598 2614 2920 2701 Epsteinio
2969 2608 3070 2672 sibi

672 2716 973 2800 assignato
997 2717 1193 2793 loetus,
1221 2717 1299 2780 de
1322 2718 1502 2779 modo
1522 2716 1768 2800 dispicit
1785 2717 2017 2779 seillac
2039 2738 2183 2781 cum
2208 2719 2333 2780 suis
2354 2714 2791 2790 transferendi,
2812 2708 3073 2793 sperabat

673 2815 839 2877 enim
879 2834 1143 2895 praesens
1183 2815 1475 2896 majorem
1513 2814 1716 2894 quoad
1754 2834 1897 2897 opes
1936 2823 1997 2875 et
2026 2814 2285 2877 militem
2321 2813 2707 2895 profectum,
2772 2805 3065 2870 subditum

673 2912 860 2994 igitur
884 2912 1000 2974 sibi
1026 2912 1304 2986 militem,
1334 2911 1442 2993 qui
1468 2910 1840 2973 vicenarium
1866 2931 2186 2972 numerum
2204 2911 2479 2972 nondum
2497 2913 2858 2978 accesserat,
2878 2917 3065 2965 secum

673 3009 945 3085 deducit,
972 3001 1256 3090 velutque
1283 3008 1452 3070 aliud
1478 3017 1722 3070 acturus
1751 3008 1950 3089 primo
1985 3008 2277 3090 oppidum
2320 3008 2565 3070 nemine
2600 3004 2944 3071 obsistente,
2969 2992 3066 3057 sed

673 3122 787 3169 nec
813 3116 1144 3188 quaerente,
1174 3106 1328 3187 quid
1354 3105 1557 3182 vellet,
1585 3105 1748 3168 unde
1775 3106 2031 3182 veniret,
2059 3125 2349 3188 quorsum
2382 3105 2683 3174 tenderet,
2719 3094 3063 3182 ingreditur,

674 3223 788 3268 nec
813 3204 1007 3265 multo
1033 3213 1173 3286 post
1197 3222 1398 3265 arcem
1418 3222 1661 3285 quoque
1688 3203 1957 3274 invadit:
1998 3203 2163 3265 unde
2194 3224 2335 3266 suos
2369 3197 2870 3264 Francofordiam
2904 3199 2963 3252 et
2989 3184 3061 3246 ad

676 3300 907 3361 circum
934 3301 1138 3362 vicina
1162 3299 1297 3363 loca
1322 3300 1560 3376 emittit,
1585 3299 1808 3382 partim
1834 3299 2185 3381 ampliorem
2208 3298 2464 3361 militem
2489 3297 2839 3364 collectum,
2858 3283 3059 3370 partim

676 3395 1031 3478 proedatum.
1145 3397 1360 3482 Exigit
1404 3417 1645 3480 quoque
1690 3396 1730 3458 a
1774 3396 2032 3458 subditis
2075 3396 2257 3458 militi
2311 3396 2531 3457 alendo
2585 3379 3052 3455 hebdomadatim

674 3501 902 3555 certam
929 3495 1203 3574 pecunioe
1229 3514 1550 3565 summam,
1573 3493 1628 3555 si
1654 3494 1923 3555 abnuant
1958 3493 2225 3555 minatur
2258 3502 2546 3554 extrema.
2633 3484 2901 3551 Pessime
2934 3476 3051 3537 haec

673 3610 769 3652 res
807 3590 1063 3653 habebat
1096 3591 1485 3673 praenobilem
1522 3589 1862 3652 Dominum
1887 3588 2067 3651 Vice·
2069 3587 2471 3664 Colonellum,
2500 3608 2574 3650 ac
2612 3582 2769 3647 arcis
2801 3573 3050 3650 Coning-

671 3688 983 3751 steinianae
1012 3687 1383 3751 Praefectum
1413 3687 1753 3750 Dominum
1776 3686 1816 3748 a
1844 3684 2224 3763 Bettendorf,
2253 3685 2475 3767 vixque
2503 3683 2730 3747 ferebat
2761 3686 2879 3739 tam
2907 3663 3047 3730 vicl·
