3225 4700
336 350 400 413 31⁴2
727 340 1128 413 lTINERARlUM.

335 502 484 581 modoque
504 501 663 582 dispositis,
683 501 745 582 ipse
763 500 875 572 adesse,
893 507 923 560 et
939 498 1078 560 ultimum
1093 495 1234 557 honorem
1252 492 1459 556 illustrissima
1479 514 1536 555 sua

335 596 494 678 presentia
507 596 708 658 cohonestare.

375 693 398 753 J
401 692 474 753 ustis
486 693 579 775 igitur
591 713 673 754 more
685 692 789 773 patriae
802 700 833 752 et
843 690 1057 753 consuetudine
1066 688 1125 749 loci
1136 687 1261 769 peractis
1271 685 1376 747 militis
1387 685 1535 747 lustratio

335 808 424 867 quam
444 788 574 869 primum
594 789 732 850 instituta
746 798 792 849 est
812 787 1009 867 adductisque
1028 784 1181 847 tormentis
1201 794 1231 844 et
1251 792 1359 844 caetero
1378 794 1534 864 apparatu

334 881 441 943 bellico
454 883 494 945 ad
507 884 691 945 obsidionem
705 883 871 945 necessario
883 903 953 944 cum
967 882 1104 943 omnibus
1118 880 1212 961 copiis
1225 878 1408 941 Giirlitzium
1421 900 1533 939 versus

335 978 445 1039 direxit
457 978 522 1040 iter.
556 978 612 1040 Est
621 979 693 1040 verb
705 978 886 1041 Gdrlitsium
900 978 1059 1060 superioris
1072 976 1200 1037 Lusatiae
1211 976 1382 1056 metropolis
1394 975 1458 1035 situ
1470 976 1531 1036 loci

335 1092 388 1153 per
401 1092 529 1148 amsans,
548 1082 654 1135 natura
671 1084 701 1135 et
716 1085 779 1135 arte
796 1094 940 1155 perquam
957 1073 1082 1145 munita,
1097 1071 1273 1151 moeniisque
1288 1071 1376 1133 vallis
1394 1080 1424 1131 et
1440 1071 1531 1132 t'ossis

335 1168 534 1248 copiosissime
547 1170 691 1231 instructa
703 1190 793 1251 quam
809 1168 900 1231 Nissa
912 1169 1024 1230 fluvius
1038 1168 1169 1230 allabens
1182 1167 1291 1228 mirum
1309 1176 1458 1247 quantum
1476 1187 1529 1227 ex·

335 1274 430 1332 ornat.
444 1266 532 1339 ditat,
544 1265 643 1326 munit
654 1274 684 1326 et
696 1265 841 1326 nobilitet
881 1263 953 1326 Huc
966 1264 1071 1325 eodem
1083 1284 1114 1324 se
1128 1283 1189 1324 non
1202 1262 1297 1324 multd
1311 1272 1379 1323 ante
1389 1262 1529 1323 nonnula-

334 1369 401 1421 rant
415 1360 581 1424 Goltzianoe
594 1360 736 1443 legiones,
750 1381 825 1443 quas
838 1362 870 1422 in
884 1361 1050 1423 subsidium
1064 1359 1191 1423 Saxonis
1210 1359 1377 1441 Imperator
1392 1359 1528 1422 miserat.

335 1456 439 1518 Rebus
450 1458 530 1518 bunc
544 1457 576 1517 in
589 1457 712 1518 modum
725 1458 803 1520 lenti
820 1457 1048 1538 precedentibus
1061 1476 1121 1518 non
1140 1456 1291 1518 latuerunt
1304 1456 1430 1518 consilia
1446 1458 1529 1518 obsi·

335 1554 433 1615 dionis
445 1552 618 1616 Colonellus
631 1554 762 1630 Wanck,
777 1556 912 1637 quicum
926 1562 1069 1636 potestate
1082 1550 1205 1613 militari
1223 1560 1295 1613 tunc
1314 1551 1388 1613 forte
1407 1552 1527 1615 Gorlit-

335 1651 414 1711 aium
438 1651 594 1727 tuebatnr3
628 1653 709 1715 unde
727 1656 873 1735 quantum
901 1650 998 1732 potuit
1018 1670 1049 1712 se
1074 1648 1276 1731 premunivit,
1300 1668 1335 1709 ac
1362 1658 1526 1731 antequam

335 1745 495 1807 obsessura
513 1748 608 1829 copias
625 1750 811 1822 accederent,
830 1766 891 1809 non
911 1755 1028 1809 tentum
1048 1744 1189 1807 suburbia
1207 1744 1392 1806 nobilissima
1408 1746 1525 1808 exussit

334 1842 388 1903 scd
410 1842 523 1903 circum
546 1844 627 1906 cirea
648 1866 702 1926 per
722 1843 844 1927 oppida,
866 1862 959 1918 arces,
982 1840 1080 1913 villas,
1100 1861 1136 1901 ac
1160 1859 1252 1922 pagos
1272 1840 1474 1903 clandestinos
1493 1852 1525 1904 et

334 1937 450 1999 dolosas
459 1939 544 2021 ignes
557 1941 675 2023 disponi
687 1941 788 2022 jussit,
807 1960 876 2021 quse
894 1939 1084 2021 postmodum
1100 1958 1137 1999 ex
1155 1937 1316 2019 improviso
1332 1938 1522 2014 exarderent,

333 2042 365 2094 et
384 2034 494 2097 damna
512 2036 573 2097 suis
591 2037 768 2099 adversariis
787 2036 941 2098 inferrent.
983 2035 1052 2096 Nec
1074 2032 1183 2095 effectu
1206 2033 1302 2094 caruit
1324 2033 1520 2115 propositum,

333 2130 484 2210 sensitque
496 2132 644 2211 subjectos
657 2133 741 2216 ignes
754 2132 817 2213 ipse
833 2130 989 2193 Generalis
1004 2130 1140 2193 Goltzius
1158 2130 1245 2211 cujus
1263 2150 1324 2191 non
1341 2129 1436 2193 multo
1455 2142 1523 2211 post

333 2228 478 2290 suumin
499 2236 610 2290 certam
630 2229 734 2290 villam
753 2229 928 2303 adrentum,
948 2227 1045 2288 omnis
1063 2225 1218 2307 suppellex
1242 2245 1343 2301 aurea,
1367 2238 1521 2309 argentea,

333 2323 459 2405 aliaeque
477 2342 523 2386 res
539 2325 689 2407 prseciosae
705 2324 768 2388 uni
786 2344 856 2386 cum
875 2323 993 2406 seriptis
1008 2332 1039 2386 et
1058 2322 1164 2385 litteris
1183 2322 1417 2405 conflagrarunt,
1437 2330 1522 2386 tanta

334 2418 494 2490 celeritate,
510 2429 542 2481 nt
555 2421 606 2482 vix
619 2421 681 2503 ipse
695 2423 766 2484 inde
784 2421 928 2483 immunis
945 2440 1051 2502 rogum
1068 2418 1202 2480 evaserit.
1241 2417 1302 2479 His
1319 2418 1439 2480 iuterim
1457 2440 1518 2481 non

333 2515 453 2575 attentis
466 2515 602 2578 Goltzius
613 2517 798 2579 obsidionem
811 2518 931 2580 cordate
944 2535 1100 2600 aggressus
1113 2525 1168 2590 est,
1181 2523 1212 2577 et
1223 2516 1434 2578 adventamem
1448 2536 1517 2576 cum

333 2609 394 2671 suis
407 2610 500 2690 copiis
515 2611 683 2674 Elector-em
697 2613 846 2676 &onem
858 2613 963 2678 eodem
975 2632 1036 2693 quo
1049 2611 1111 2692 ipse
1124 2611 1330 2692 hospitabatur
1340 2611 1425 2673 horto
1433 2632 1517 2694 mag·

334 2705 423 2768 nilice
436 2709 562 2789 accepit,
576 2729 611 2769 ae
624 2709 774 2790 specimen
794 2729 856 2770 suae
873 2709 1057 2770 fortitudinis
1074 2707 1218 2782 editurus,
1236 2709 1269 2768 in
1288 2717 1449 2790 conspectu
1468 2710 1516 2770 Se-

332 2801 479 2862 renissimi
494 2801 657 2885 Principis,
672 2804 842 2866 tinctoriam
856 2803 1015 2879 officinam,
1029 2823 1120 2883 quens
1133 2802 1307 2885 presidium
1319 2804 1515 2865 necessarium

331 2917 370 2958 ex
385 2896 609 2960 Gorlisensibus
622 2899 771 2960 insederat
783 2899 909 2982 aggredi
922 2907 952 2960 et
964 2898 1103 2980 occupari
1111 2899 1212 2980 jussit,
1227 2899 1298 2960 dein
1311 2897 1438 2960 feliciter
1446 2920 1515 2962 con·

331 2993 409 3056 iacto
419 2995 539 3077 negotio
547 2995 638 3056 etiam
645 2994 852 3056 molendinum
864 2995 903 3056 ed
917 2995 948 3057 N
950 2995 1039 3056 issam
1049 2994 1140 3057 situm
1150 2993 1257 3055 tentari
1267 2992 1371 3069 voluit,
1382 2998 1514 3074 quamvis

332 3110 392 3151 non
406 3091 489 3171 arque
503 3091 583 3153 felici
595 3110 745 3164 successu,
760 3091 870 3173 quippe
884 3111 922 3152 ex
934 3091 1057 3153 incursu
1068 3090 1156 3154 facile
1171 3099 1291 3153 centum
1304 3091 1343 3153 de
1361 3091 1423 3152 suis
1440 3092 1512 3154 desi·

332 3186 458 3258 deravit,
472 3186 607 3267 quamvis
620 3186 653 3247 bi
665 3205 727 3247 non
740 3187 829 3248 inulti
842 3187 953 3249 mortui
966 3187 1036 3263 sint,
1051 3208 1088 3248 ex
1102 3187 1294 3268 praesidiariis
1310 3187 1391 3248 enim
1410 3197 1512 3268 praeter

332 3281 483 3361 gregarios
493 3283 612 3356 milites,
622 3283 698 3344 duos
707 3283 797 3344 etiam
807 3282 979 3365 vigiliarum
990 3283 1143 3364 praefectos
1153 3302 1304 3364 supremos
1314 3283 1509 3345 internecione

331 3375 478 3438 delerant.
518 3377 594 3439 Post
606 3377 671 3439 haec
684 3379 789 3439 turrim
803 3378 843 3439 ad
858 3379 989 3452 Nireum,
1003 3399 1040 3440 ex
1053 3399 1113 3460 qua
1126 3379 1289 3460 plurimum
1305 3379 1395 3440 militi
1412 3394 1508 3441 nostro

331 3473 551 3534 incommodum
571 3474 726 3535 creabatur
742 3474 875 3556 aggressi
892 3483 972 3550 sunt,
992 3483 1022 3536 et
1039 3474 1190 3536 tormentis
1207 3473 1368 3556 majoribus
1386 3474 1428 3535 ita
1443 3495 1506 3537 con·

331 3578 496 3641 cusserunt,
508 3578 542 3632 ut
556 3568 742 3632 Proesidiarii
755 3571 879 3632 statione
893 3572 1010 3633 deserta
1021 3591 1075 3653 per
1090 3580 1210 3652 pontem
1226 3572 1258 3631 in
1273 3570 1376 3631 urbem
1390 3572 1504 3633 cornmi-

331 3685 416 3748 grsre
430 3665 541 3726 fuerint
553 3665 656 3727 coacti.
686 3664 806 3727 Dehinc
819 3666 858 3728 ad
871 3667 1064 3730 evertendum
1077 3677 1198 3748 pontem
1208 3667 1357 3747 utrimque
1371 3667 1503 3728 incubus·
