3225 4700
479 354 881 426 ITINnRARIUM.
1226 374 1282 433 111
1337 356 1340 362 ’

79 509 100 568 d
116 506 238 588 quibus
251 509 342 591 copti,
357 517 446 591 etque
458 510 490 570 in
504 510 619 591 sylvam
634 510 766 584 abducti,
780 512 820 572 nd
836 511 1008 591 pudendam
1022 512 1152 594 primum
1165 517 1287 580 nudita-

79 616 150 667 tem
165 606 253 667 exuti
262 614 342 682 sunt,
356 626 427 667 mox
440 607 576 668 menibus
586 619 654 687 post
665 618 750 690 terge
762 608 913 682 revinctis,
924 606 957 667 in
970 609 1083 690 triplici
1092 631 1178 673 ssccc
1186 633 1287 696 seper·

78 702 165 783 etim
186 702 309 777 inclusi,
328 710 418 783 etque
436 702 478 764 its
495 704 578 763 omni
598 724 654 785 ope
670 704 817 779 destituti,
832 703 903 765 feris
920 704 1063 784 pebnlum
1082 708 1178 771 relicti
1195 722 1285 773 snut:

81 794 138 855 bic
151 814 227 855 cum
240 816 272 857 se
285 797 316 857 in
331 816 451 857 omnem
466 806 580 876 partem
598 797 692 857 vincti
707 806 803 858 totum
821 796 946 859 biduum
964 799 1130 879 volnerent,
1145 825 1201 867 nec
1215 826 1286 868 evs·

84 892 187 953 dendi
199 892 346 953 rationem
358 892 538 968 invenirent,
551 912 652 954 eorum
667 913 745 953 unus
759 893 885 975 pedibus
894 896 1014 957 tandem
1025 898 1139 960 exitum
1151 903 1284 977 molitur,

86 1006 225 1067 cumque
240 989 379 1052 menibus
396 988 440 1048 nti
459 1007 521 1049 non
537 997 644 1069 posset,
661 1010 716 1051 nec
733 990 807 1050 socii
825 990 924 1069 ipsum
939 991 1070 1053 vinculis
1084 998 1235 1077 expedire,
1252 1000 1285 1059 in

87 1092 207 1145 terrsrn
216 1084 317 1146 denno
328 1084 522 1166 provolvitur,
531 1105 567 1146 ec
578 1104 629 1146 ore
637 1084 757 1146 vinculs
766 1085 847 1145 socci
856 1086 993 1149 dissoluit
1002 1088 1168 1171 emittitque
1177 1094 1286 1169 socios,

88 1200 128 1241 sc
144 1180 178 1241 in
192 1190 289 1241 cestre
301 1182 462 1243 semineces
476 1190 507 1241 et
517 1190 635 1241 tuntum
648 1200 708 1241 non
722 1180 800 1241 ferne
814 1191 934 1243 enectos
946 1184 1073 1245 reducit.

135 1276 203 1337 ch
225 1277 299 1337 dum
319 1296 384 1351 nos,
407 1276 516 1337 colletb
535 1276 568 1336 in
585 1297 679 1336 unum
699 1276 789 1356 operi
804 1295 924 1357 quoquo
939 1280 1029 1340 modo
1045 1291 1165 1343 tuemur
1182 1292 1287 1345 contre

88 1370 226 1435 hostium
240 1373 387 1447 incursus,
402 1392 439 1433 ex
452 1373 612 1453 improviso
620 1372 747 1433 Comitis
761 1373 798 1434 de
810 1372 946 1455 Ridberg
956 1376 1100 1439 mnndsto
1112 1398 1285 1453 avocemur,

90 1475 123 1527 et
144 1469 178 1528 in
200 1467 333 1530 diverses
355 1478 454 1549 portes
476 1488 664 1551 sepersmnr3
693 1487 729 1528 cc
751 1468 861 1530 Comes
881 1470 1004 1549 quidem
1026 1472 1077 1533 del
1098 1473 1232 1537 Maestro
1252 1477 1285 1536 in

94 1564 314 1647 Brnnsvigiam
331 1564 509 1645 exposcitur,
526 1564 699 1626 Colonellns
712 1583 784 1624 vero
804 1564 967 1626 Deveroux
985 1568 1027 1628 sd
1044 1569 1225 1634 Generslem
1239 1572 1286 1633 vi-

92 1660 238 1741 giliarum
251 1662 426 1742 preelectum
441 1660 566 1722 Petrum
581 1661 660 1722 thz
674 1661 705 1721 in
719 1659 935 1741 Westpbnlicm
944 1662 1116 1725 dimittitur.

136 1756 247 1818 Mense
259 1758 283 1819 J
284 1756 358 1818 unio
371 1756 541 1819 Cerdinolis
556 1757 773 1837 Hispaniarum
786 1764 891 1817 contre
904 1755 1035 1818 Botnvos
1046 1762 1140 1842 prope
1153 1761 1289 1824 Antner·

93 1852 179 1933 piem
193 1854 390 1934 prosperrimo
402 1872 540 1914 successu
547 1852 705 1934 pngnevit,
715 1860 745 1913 et
758 1860 867 1933 proeter
877 1861 1006 1935 stragem
1017 1872 1107 1933 quam
1120 1855 1223 1917 intulit
1232 1859 1285 1918 nd·

93 1948 235 2010 versariis
244 1948 642 2023 luculentum,triemilitum
651 1947 748 2009 millis
754 1947 988 2030 quadringentos
995 1950 1149 2031 sexaginte
1159 1961 1288 2031 quotuor

95 2043 196 2126 cepit:
217 2064 308 2105 noves
327 2044 415 2106 etiem
429 2054 549 2105 centum
563 2044 686 2105 circitor
699 2044 781 2105 omni
796 2043 973 2105 munitionis
985 2065 1094 2127 genere
1112 2046 1284 2125 instructos,

94 2160 166 2203 coru
176 2140 330 2203 tormentis
339 2141 477 2203 omnibus
485 2141 648 2221 majoribus
656 2140 880 2220 minoribusque
891 2140 1054 2202 Hollnndis
1062 2140 1181 2223 eripuit.
1212 2144 1287 2206 Dux

95 2256 216 2318 quoque
233 2236 435 2320 lothoringie
455 2238 495 2298 sd
514 2237 614 2299 Metns
634 2236 743 2297 incidit
760 2236 793 2297 in
814 2236 914 2297 varios
930 2236 1038 2313 mulos,
1057 2256 1160 2299 eureos
1176 2241 1287 2320 partim

96 2343 321 2418 argenteosque,
334 2335 445 2417 partim
462 2332 535 2394 alins
554 2353 591 2396 ex
607 2332 710 2395 Gellio
725 2353 840 2395 merces
853 2332 1020 2409 evehentes,
1034 2333 1170 2416 precium
1187 2337 1290 2417 preci—

95 2433 202 2494 osioris
214 2431 327 2494 metelli
340 2430 469 2492 sedecim
482 2429 612 2491 millium
626 2450 784 2492 aureorum
796 2430 961 2492 excurrisse
973 2431 1116 2505 creditur,
1131 2441 1240 2511 proeter
1248 2453 1287 2494 en

96 2547 167 2609 quse
183 2531 216 2590 in
234 2527 293 2588 olio
308 2547 407 2589 rernm
426 2546 533 2609 genere
548 2528 797 2608 portabantque
814 2526 918 2587 omnin
931 2545 1034 2588 secum
1046 2525 1180 2588 obduxit.
1222 2528 1287 2590 Sub

97 2625 212 2686 exitum
227 2624 252 2685 J
253 2625 317 2684 unii
337 2623 495 2685 Generalis
512 2622 616 2684 Galles
631 2621 768 2682 omnibus
786 2621 817 2681 in
836 2618 1019 2681 Pomernnib
1035 2620 1161 2681 urbibus
1177 2631 1285 2684 nostrae

97 2721 234 2802 potestati
242 2721 384 2802 subjectis
392 2719 541 2801 suppeties
553 2719 645 2780 misit.
686 2716 877 2799 Wolgsstnm
884 2715 1073 2798 ebleguverst
1085 2735 1155 2777 cnm
1167 2717 1287 2799 copiosb

98 2816 207 2878 Cerere
221 2815 401 2880 Genernlem
417 2815 505 2889 Salis,
517 2835 608 2896 quern
621 2834 690 2876 oum
703 2813 754 2874 hio
774 2812 839 2874 sine
852 2811 1067 2893 impedimento
1080 2811 1237 2889 intulisset,
1250 2835 1286 2876 ec

93 2915 159 2994 jem
171 2913 211 2974 sd
223 2932 278 2974 sne
290 2921 388 2975 cnstrs
400 2919 569 2982 reverteret,
584 2909 776 2971 commodum
792 2919 897 2969 nectus
909 2908 942 2968 in
952 2907 1003 2968 vib
1016 2907 1117 2968 locum
1130 2929 1223 2990 equos
1235 2930 1286 2971 sn·

98 3029 183 3070 orum
199 3010 373 3090 pebnlntum
388 3008 485 3070 emitti
497 3007 614 3068 voluit:
636 3005 720 3078 Quos
738 3025 809 3066 com
827 3003 992 3084 conspicati
1008 3012 1104 3064 essent
1120 3024 1158 3065 ex
1173 3004 1286 3066 vieinii

97 3105 270 3181 sdvmsorii,
286 3105 385 3168 subito
402 3105 435 3167 in
453 3123 505 3166 eos
521 3103 674 3164 irruerunt
691 3109 842 3182 sperantes
859 3099 993 3180 predum
1012 3099 1211 3176 commodem,
1232 3101 1287 3162 sed

98 3223 182 3264 secus
193 3202 348 3284 negotium
357 3201 450 3284 quim
467 3207 621 3282 sperarent
638 3196 760 3271 cecidit,
773 3205 863 3275 etque
880 3195 1000 3277 ipsimet
1012 3195 1120 3256 nostris
1132 3194 1204 3257 secti
1217 3206 1287 3258 sunt

99 3299 208 3381 prede.
250 3298 342 3361 Circe
354 3297 420 3360 hsec
431 3307 567 3378 tempore
581 3294 667 3356 nobis
679 3311 800 3375 quoqne
817 3291 948 3354 innotuit
964 3291 1075 3366 cledes,
1088 3310 1179 3371 quarn
1194 3291 1286 3352 Prin·

98 3415 166 3476 ceps
187 3393 368 3469 cardinalis,
395 3393 552 3475 Hispanioe
575 3390 771 3453 Picolominii
787 3397 819 3451 et
835 3387 1078 3451 Coesereonorum
1097 3408 1164 3469 ope,
1186 3387 1286 3451 Gellio

100 3492 199 3556 intulit
211 3493 252 3554 ed
265 3492 298 3554 S.
313 3491 546 3562 Antbomsrnm
557 3490 589 3550 in
603 3508 664 3569 qne
676 3487 820 3549 tredecim
832 3484 962 3546 militnm
975 3482 1071 3544 millia
1082 3484 1193 3565 pertim
1206 3485 1286 3546 oeci·

99 3591 152 3667 dit,
170 3589 281 3671 purtim
295 3588 474 3663 vnlnersvit,
493 3585 601 3668 purtim
623 3585 655 3644 in
674 3583 879 3664 captivitatem
899 3581 1026 3642 obduxit
1041 3600 1112 3641 cnm
1128 3581 1212 3641 omni
1232 3599 1286 3660 sp-

99 3695 201 3769 pnrstu
217 3683 335 3747 bellico.
378 3683 443 3746 Nos
456 3682 529 3746 verb
546 3691 579 3743 ut
592 3681 623 3742 in
638 3679 855 3762 Westphslism
871 3674 1057 3753 divertimus,
1071 3695 1142 3738 mox
1153 3675 1186 3738 in
1200 3675 1286 3737 Wal-
