3225 4700
342 257 407 322 362
719 263 1134 331 ITINERARIUM.

347 413 427 492 quod
448 425 483 475 ut
495 416 638 479 viderunt
652 419 790 480 mulieres
803 418 962 480 confestim
976 419 1051 479 duas
1064 417 1142 478 arcis
1156 425 1255 498 portas
1270 423 1303 474 ut
1316 419 1480 495 potuerunt
1493 410 1557 469 ob·
1581 455 1582 470 1

347 506 515 571 firmarunt.
557 513 618 573 Sed
636 514 756 590 frustra,
772 535 869 595 neque
886 515 967 576 enim
984 515 1131 596 impedire
1148 511 1277 593 amplius
1296 510 1392 582 licuit,
1406 509 1483 589 quin
1502 529 1557 568 ar-

347 605 420 665 mati
428 619 628 686 penetrarent,
643 622 674 672 et
687 632 756 673 arce
766 613 944 693 potirentur.
981 611 1171 693 Repererunt
1181 610 1210 670 in
1222 629 1290 669 arce
1302 617 1411 689 praeter
1419 616 1557 666 tenuem

348 714 559 779 commeatum,
568 717 716 769 tormenta
724 730 809 769 oenea
820 710 933 790 majora
943 709 1119 788 minoreque
1130 705 1309 767 octodecim.
1338 702 1431 774 Quod
1440 714 1475 762 ut
1485 723 1558 760 res-

346 796 421 858 civit
433 798 625 864 Gubernator
636 804 869 867 Hoentwilanus
881 806 1102 887 quamprimum
1117 803 1270 884 sexaginta
1284 798 1406 872 milites,
1417 811 1448 859 et
1458 819 1556 858 com-

347 904 477 956 meatum
492 919 562 960 cum
575 901 659 962 salvo
672 903 825 965 conductu
836 903 978 984 equestri,
990 903 1062 963 illue
1072 901 1206 962 dimisit:
1230 898 1343 960 sciebat
1352 898 1434 958 enim
1450 898 1553 976 quam

347 1009 400 1049 arx
414 991 467 1052 illa
478 995 540 1056 suis
556 997 657 1058 usibus
670 1010 748 1060 esset
761 1001 953 1074 conveniens,
968 1000 1079 1081 quippe
1093 1008 1156 1059 arte
1170 1008 1200 1058 et
1215 1005 1322 1056 natura
1339 994 1556 1054 munitissima

346 1095 376 1147 et
389 1087 466 1150 hosti
481 1113 572 1172 prope
590 1095 835 1176 impenetrabilis,
854 1118 946 1178 quam
964 1096 1170 1179 parcissimum
1190 1092 1362 1174 praesidium
1380 1093 1554 1152 commode

345 1197 451 1247 contra
463 1188 613 1271 integrum
627 1194 790 1254 exereitum
806 1195 883 1256 tueri
897 1203 1005 1275 posset.
1047 1190 1255 1272 Proeterquam
1269 1188 1352 1270 quod
1361 1187 1554 1248 facillimum

344 1284 402 1344 sibi
416 1296 493 1347 esset
506 1287 577 1349 iude
590 1291 760 1352 exactiones
775 1291 899 1353 Ulmum
913 1311 1008 1371 usque
1021 1289 1209 1370 protendere.

386 1382 494 1444 Mense
507 1385 647 1466 Augusto
659 1387 750 1448 rediit
762 1387 884 1449 fortuna
899 1388 937 1448 ad
951 1387 1113 1449 Caesareos.
1154 1384 1217 1458 Qui
1230 1404 1300 1445 cum
1316 1380 1553 1444 Gallo-wima-

345 1479 457 1540 rieuses
475 1493 544 1561 post
562 1483 709 1543 desertam
729 1483 984 1546 Lechnichensern
1001 1483 1185 1545 obsidionem
1204 1482 1256 1558 (de
1278 1499 1338 1560 qua
1357 1481 1450 1561 paulb
1472 1491 1551 1541 ante

345 1577 550 1655 meminimus)
565 1579 732 1640 Novesium
751 1581 839 1642 ivisse
853 1581 1078 1662 comperissent,
1097 1579 1260 1640 emiserunt
1278 1577 1301 1638 J
1303 1597 1430 1638 oannem
1451 1578 1552 1638 Wer·

345 1671 453 1746 thium,
469 1674 595 1736 militem
614 1677 762 1757 imprimis
782 1678 967 1758 expeditum,
987 1697 1056 1736 curn
1077 1673 1160 1736 mille
1173 1675 1293 1736 circiter
1306 1672 1472 1754 equitibus,
1491 1673 1549 1733 hic

343 1769 520 1851 intempesta
533 1783 620 1834 nocte
634 1774 739 1835 accitis
753 1775 835 1834 mille
845 1774 993 1835 sexcentis
1004 1773 1154 1855 peditibus
1162 1771 1289 1846 selectis,
1298 1770 1411 1831 nullius
1421 1771 1549 1832 indicio

341 1868 492 1947 promovit
505 1869 537 1928 iu
546 1869 674 1950 sylvam,
684 1869 765 1932 baud
777 1871 882 1952 procul
895 1871 1142 1930 Wimarieusibus
1152 1868 1258 1930 caenis
1268 1866 1414 1928 dissitam.
1438 1867 1546 1938 Hinc,

340 1969 375 2021 ut
397 1959 518 2036 diluxit,
538 1962 638 2022 emisit
657 1963 828 2044 expeditam
851 1964 985 2044 equitum
1006 1975 1146 2037 turmam,
1172 1970 1214 2036 ut,
1235 1980 1304 2042 quae
1326 1970 1411 2021 extra
1436 1971 1547 2022 castra

339 2056 504 2138 reperirent
520 2077 630 2137 pecora
647 2067 678 2119 et
697 2079 789 2139 equos
802 2061 834 2119 in
848 2059 977 2140 pascuis,
991 2059 1156 2142 abigerent,
1170 2079 1232 2119 non
1246 2056 1379 2118 tulerunt
1394 2057 1542 2138 rapinam

339 2153 417 2214 hanc
428 2154 445 2212 ὲ
458 2153 571 2215 vicinia
583 2165 751 2236 spectantes
765 2155 990 2224 Wimarienses,
1005 2156 1058 2216 sed
1071 2154 1167 2216 multo
1180 2153 1300 2236 agmine
1314 2165 1544 2233 persequuntur

339 2249 538 2328 predatores:
559 2251 633 2311 dnm
647 2253 719 2313 verb
731 2253 852 2335 longius
865 2253 884 2313 a
897 2253 1002 2314 castris
1015 2253 1076 2313 suis
1090 2252 1244 2326 recedunt,
1258 2251 1297 2310 de
1309 2249 1400 2310 nullis
1414 2249 1543 2311 insidiis

337 2343 468 2421 solliciti,
490 2345 644 2410 Werthius
663 2370 733 2411 cnm
752 2349 869 2431 reliquo
887 2349 1020 2431 equitatu
1041 2349 1173 2411 reditum
1189 2345 1374 2422 intercludit,
1392 2347 1487 2409 credit
1508 2358 1541 2409 et

337 2440 481 2521 plurimos
496 2445 556 2505 una
568 2466 638 2507 cum
652 2447 735 2508 mille
744 2447 832 2508 facile
843 2448 1001 2530 capitibus,
1012 2448 1120 2528 partim
1133 2466 1291 2526 equorum,
1306 2444 1414 2525 partim
1425 2444 1536 2518 boum,

336 2539 470 2618 captivos
478 2541 610 2602 abducit.
647 2543 695 2603 Ex
708 2542 845 2605 Hassicis
854 2545 958 2625 copiis,
968 2564 1036 2625 qnae
1051 2542 1139 2604 simul
1150 2552 1310 2623 eruperant
1320 2542 1537 2603 intereaeteros

335 2634 509 2696 vulneratus
527 2649 571 2698 est
589 2638 698 2700 Comes
716 2641 839 2720 quidam
858 2642 895 2702 de
911 2640 1121 2722 Witgenstein.
1164 2638 1244 2700 Haec
1261 2659 1362 2699 mense
1380 2640 1533 2721 Augusto.

335 2729 503 2811 Septembri
515 2735 586 2796 verb
598 2736 662 2817 pari
676 2736 817 2798 felicitate
831 2748 935 2799 eontra
945 2736 1094 2799 Colonelli
1106 2736 1356 2797 locumtenentem
1368 2736 1533 2795 Latomum

333 2838 435 2889 movet
448 2828 622 2893 Colonellus
641 2832 745 2913 Sparr,
759 2836 812 2915 qui
831 2856 902 2895 cum
921 2832 1123 2906 intellexisset,
1143 2832 1255 2893 dictum
1277 2832 1437 2892 Iatomum
1457 2852 1530 2893 cum

333 2924 429 3005 copiis
442 2927 693 3006 perJuliacenses
706 2940 799 2989 terras
811 2930 942 3010 praedam
954 2950 1053 3011 agere,
1063 2926 1255 2989 tumultuarie
1267 2924 1408 2988 collectos
1418 2926 1531 2988 milites

332 3021 442 3097 emisit,
456 3024 509 3103 qui
522 3024 710 3087 obsisterent.
753 3026 800 3086 Hi
813 3027 887 3087 dum
902 3025 1009 3085 incerti
1020 3035 1181 3107 vagantur,
1191 3044 1250 3084 non
1263 3023 1358 3083 multd
1369 3034 1435 3104 post
1448 3024 1530 3085 intra

334 3116 530 3180 Holtzweiler
542 3130 573 3180 et
590 3119 756 3182 Erckelens
775 3143 878 3203 pagos,
892 3121 1009 3182 dictum
1028 3121 1188 3181 Letomum
1208 3118 1436 3200 deprehendunt
1455 3142 1526 3181 cum

330 3213 402 3286 suis,
418 3226 585 3295 opportuno
603 3216 669 3277 loco
687 3217 876 3293 adoriuntur,
890 3218 1049 3298 ipsumque
1067 3217 1224 3277 ductorem
1240 3236 1312 3277 cum
1326 3236 1467 3297 supremo
1482 3217 1527 3278 vi·

328 3308 410 3390 giliis
433 3310 593 3384 Praefecto,
612 3313 743 3393 primum
761 3324 908 3385 sternunt,
924 3314 1034 3395 quibus
1050 3315 1144 3385 cresis,
1164 3313 1267 3373 caeteri
1283 3334 1314 3374 se
1331 3313 1525 3387 dediderunt,

326 3424 402 3485 qnos
416 3406 549 3487 captivos
562 3408 685 3468 domum
700 3409 893 3471 reduxerunt.

368 3502 485 3564 Eodem
505 3524 608 3565 mense
626 3523 679 3564 arx
699 3504 982 3579 Wildensteiniaua,
1001 3526 1093 3588 quam
1111 3516 1323 3591 stratagemate
1343 3520 1461 3589 captam
1484 3510 1522 3569 ab

327 3598 548 3662 Hoiintnilanis
557 3600 647 3681 panlb
656 3610 725 3662 aute
737 3602 905 3673 retulimus,
915 3604 955 3665 ad
967 3604 1132 3667 Bavarieos
1141 3607 1239 3668 rediit.
1270 3606 1425 3667 Videbunt
1437 3604 1517 3665 euim
