3225 4700
622 335 740 394 100
1394 324 2213 395 ITINERARIUM.

613 489 874 542 nuerunt
910 480 1310 564 quadraginta
1350 493 1627 563 quatuor,
1666 491 1965 544 tormenta
1992 481 2209 542 bellica
2237 479 2469 561 majora
2505 475 2757 557 aliquot.
2846 474 3062 537 Visae

613 577 859 658 quidem
886 578 1172 638 dicuntur
1212 578 1488 641 Suedicae
1523 580 1751 661 aliquot
1783 598 1966 640 naves
2002 580 2067 639 in
2103 595 2452 639 succursum
2488 574 2803 637 destinatae
2831 573 3065 654 juxta

614 674 856 747 iisdum,
900 674 1008 735 sed
1049 695 1190 735 cum
1224 675 1513 757 impetum
1549 685 1885 737 nostrorum
1928 684 2053 736 tam
2086 674 2501 736 vehementem
2535 670 2844 744 viderunt,
2889 688 3061 729 uon

614 779 754 831 sunt
788 790 947 831 ausae
982 771 1226 852 propius
1261 774 1565 848 accedere,
1598 772 1901 834 succensis
1934 772 2135 852 itaque
2170 772 2235 831 in
2280 768 2477 830 insula
2505 767 2741 827 levibus
2781 765 3067 845 aliquot

615 866 955 946 tuguriolis,
978 877 1463 931 retrocesserunt.
1536 870 1660 931 sed
1686 878 1746 930 et
1765 870 1892 950 ipse
1921 868 2237 930 Generalis
2259 866 2529 927 Bannier
2546 864 2709 925 haud
2733 862 2852 923 sibi
2883 862 3064 923 Ste-

616 961 731 1023 tini
756 962 948 1025 fidens
976 963 1289 1025 Wolinum
1320 966 1487 1027 abiit.
1572 965 1725 1025 Mox
1751 967 1828 1026 ab
1855 966 2295 1047 expugnatione
2335 961 2655 1044 imperavit
2690 958 3057 1019 Florentiae

621 1057 792 1134 Dux,
830 1068 900 1120 ut
930 1060 992 1119 in
1033 1061 1433 1141 provisionem
1465 1061 1646 1142 hujus
1677 1061 1819 1137 loci,
1859 1062 2238 1140 militumque
2276 1057 2784 1130 sustentationem,
2809 1055 3060 1116 omnia

615 1155 800 1216 totius
823 1156 1049 1218 Insulae
1069 1143 1284 1237 pecora
1305 1156 1685 1237 Wolgastum
1705 1157 2170 1231 adducerentur,
2190 1176 2260 1217 ac
2288 1157 2400 1217 rite
2420 1153 2695 1215 omnibus
2722 1151 3061 1226 ordinatis

619 1261 918 1315 tormenta
936 1273 1042 1313 sua
1069 1251 1286 1313 bellica
1303 1252 1499 1333 primo
1521 1253 1584 1313 in
1604 1262 1800 1315 castra
1819 1254 2029 1315 reduci
2054 1254 2310 1329 curavit,
2333 1253 2474 1314 inde
2493 1270 2636 1312 vero
2658 1248 3024 1309 Daminum
3033 1291 3057 1321 ‚

621 1350 696 1410 de
726 1370 847 1429 quo
872 1346 1205 1410 obsidendo
1233 1368 1390 1410 nova
1413 1348 1610 1411 indies
1635 1349 1886 1412 consilia
1909 1350 2309 1433 agitabantur,
2338 1348 2638 1432 profectus
2663 1356 2771 1409 est.

1768 1638 1830 1724 2⁶
1986 1641 2255 1744 .2”z,t‚
2387 1669 2390 1670 ν
2509 1610 2609 1718 ³11

1408 1966 1792 2042 CAPUT
1863 1965 2233 2042 XXVII.

1554 2146 1660 2212 De
1695 2144 2095 2213 Pomeranici.

909 2290 1020 2393 ,ς’
1049 2323 1117 2371 ἷ-
1141 2326 1267 2389 ON
1313 2326 1513 2388 minus
1565 2328 1895 2411 prudenter
1935 2326 2119 2408 quam
2169 2325 2424 2400 sortiter,
2471 2323 2949 2386 Excellentissim
2960 2345 3051 2386 us

965 2455 981 2493 ‚a
1037 2383 1121 2491 *¹⁵12
1182 2423 1482 2484 Dominus
1510 2423 1828 2485 Generalis
1854 2422 2072 2484 Comes
2097 2422 2172 2483 de
2202 2421 2411 2482 Galles
2446 2441 2571 2480 rem
2601 2420 2879 2481 bellicam
2910 2419 3051 2481 hoc

849 2540 859 2575 ς
884 2564 913 2608 ,ᾖ
989 2451 1125 2752 ἒ
1179 2528 1447 2598 tempore
1499 2517 1973 2578 administrabat.
2084 2516 2268 2577 Enim
2321 2516 2463 2578 vero
2518 2534 2655 2576 cum
2712 2515 3051 2576 Generalis

840 2628 856 2652 ἲ
876 2602 965 2700 3⁴53..
1089 2636 1113 2700 ῃ
1183 2611 1453 2673 Bannier
1488 2620 1724 2691 putaret
1758 2611 2051 2694 frangere,
2090 2612 2185 2671 vel
2222 2614 2384 2672 certe
2420 2620 2488 2672 ut
2530 2611 2850 2671 minimum
2892 2611 3044 2672 fati-

868 2700 901 2736 ‘·
1085 2744 1093 2760 ι
1180 2729 1323 2791 gare
1359 2707 1652 2770 Caesarias
1683 2709 1884 2789 copias
1919 2729 2045 2770 sese
2080 2709 2442 2770 continendo
2472 2709 2628 2768 intra
2668 2706 3046 2768 arctissimos

629 2800 1007 2870 Pomeraniae
1044 2815 1296 2877 meatus,
1323 2803 1404 2864 ad
1437 2823 1607 2883 quos,
1642 2805 1885 2884 quoquo
1921 2825 1985 2866 se
2018 2814 2337 2880 verterent,
2374 2804 2619 2865 difficile
2653 2812 2780 2865 erat
2814 2805 3048 2864 nostris

628 2916 958 2986 penetrare,
986 2912 1122 2986 post
1146 2901 1367 2963 multas
1392 2900 1640 2980 quidem
1667 2901 1965 2963 molestias
1993 2902 2382 2975 exantlatas,
2364 2922 2426 2961 1n
2455 2909 2757 2963 auctorem
2784 2901 3044 2962 tandem

629 3003 998 3083 propositum
1019 2999 1277 3062 retorsit.
1329 2997 1661 3077 Postquam
1683 2999 1845 3059 enim
1866 2998 1947 3058 ad
1966 2998 2363 3059 Rostockium
2388 2998 2613 3059 fixisset
2638 3006 2833 3058 castra
2851 2997 3042 3058 militi

632 3107 836 3156 nostro
862 3096 1092 3176 aliquid
1126 3094 1342 3176 quietis
1375 3093 1646 3167 indulsit,
1673 3094 1878 3174 quoad
1915 3094 2280 3155 Banniricns
2311 3095 2604 3156 exercitus
2633 3094 2845 3169 lassus,
2887 3093 3043 3155 Sue-

631 3191 828 3251 tinum
857 3212 931 3251 ex
955 3191 1204 3253 latibulo
1234 3210 1340 3252 suo
1365 3191 1533 3265 exiit,
1562 3189 1786 3251 relictis
1811 3190 1972 3251 eirca
1993 3189 2333 3272 Damgardt
2358 3201 2419 3253 et
2436 3191 2803 3272 Tripsesium
2831 3191 3039 3252 Uran-

632 3284 776 3366 gelii
802 3287 1012 3369 copiis,
1041 3307 1178 3369 quae
1207 3287 1268 3348 in
1296 3286 1664 3349 Caesarianas
1702 3286 2122 3369 advigilarent,
2151 3308 2289 3348 cum
2325 3288 2453 3349 sine
2490 3287 2659 3349 mora
2683 3295 2919 3349 secutus
2946 3296 3042 3346 est

637 3382 967 3444 Gallassus.
1048 3383 1293 3444 Interea
1318 3382 1382 3444 S.
1414 3383 1691 3446 Caesarea
1723 3383 2012 3466 Majestas
2050 3385 2126 3446 de
2162 3385 2354 3446 milite
2390 3405 2499 3446 suo
2535 3385 2811 3458 sollicita,
2836 3404 2913 3443 ne
2952 3384 3032 3442 ob

635 3479 946 3540 continuas
967 3479 1347 3560 diutinasque
1368 3479 1756 3561 migrationes
1776 3479 2009 3561 aliquid
2036 3480 2301 3542 hocloco
2327 3482 2693 3543 incommodi
2716 3489 3035 3561 pateretur,

635 3596 773 3637 eum
800 3575 863 3635 in
891 3573 1160 3655 hyberna
1184 3574 1402 3636 ducere
1431 3575 1673 3656 cogitat,
1695 3576 1784 3636 nil
1812 3578 2040 3639 monita
2066 3578 2141 3639 de
2169 3578 2386 3639 nostris
2408 3588 2619 3641 contra
2644 3577 2867 3638 hostem
2892 3594 3032 3634 suc-

636 3671 935 3750 cessibus3
983 3673 1091 3735 sed
1130 3671 1341 3734 Gallas
1375 3692 1517 3734 cum
1555 3671 1884 3736 Fortunam
1922 3674 2223 3738 faventem
2256 3675 2521 3752 haberet,
2557 3695 2631 3738 ea
2660 3674 2907 3738 ulterius
2941 3671 3036 3733 uti
