<?xml version="1.0" encoding="UTF-8"?>
<!DOCTYPE html PUBLIC "-//W3C//DTD XHTML 1.0 Transitional//EN"
    "http://www.w3.org/TR/xhtml1/DTD/xhtml1-transitional.dtd">
<html xmlns="http://www.w3.org/1999/xhtml" xml:lang="en" lang="en">
 <head>
  <title>
</title>
<meta http-equiv="Content-Type" content="text/html;charset=utf-8" />
  <meta name='ocr-system' content='tesseract 3.04.00' />
  <meta name='ocr-capabilities' content='ocr_page ocr_carea ocr_par ocr_line ocrx_word'/>
</head>
<body>
  <div class='ocr_page' id='page_1' title='image "./itinerariumthom00kerngoog_0474.png"; bbox 0 0 3225 4700; ppageno 0'>
   <div class='ocr_carea' id='block_1_1' title="bbox 338 342 1143 410">
    <p class='ocr_par' dir='ltr' id='par_1_1' title="bbox 338 342 1143 410">
     <span class='ocr_line' id='line_1_1' title="bbox 338 342 1143 410; baseline 0.001 -2"><span class='ocrx_word' id='word_1_1' title='bbox 338 344 402 410; x_wconf 81' lang='lat'><strong>292</strong></span> <span class='ocrx_word' id='word_1_2' title='bbox 725 342 1143 410; x_wconf 73' lang='lat' dir='ltr'><strong><em>ITINERARIUM.</em></strong></span> 
     </span>
    </p>
   </div>
   <div class='ocr_carea' id='block_1_2' title="bbox 337 494 1539 3756">
    <p class='ocr_par' dir='ltr' id='par_1_2' title="bbox 342 494 1539 944">
     <span class='ocr_line' id='line_1_2' title="bbox 342 494 1539 581; baseline -0.002 -24"><span class='ocrx_word' id='word_1_3' title='bbox 342 495 550 558; x_wconf 87' lang='lat' dir='ltr'><strong>nonneminem</strong></span> <span class='ocrx_word' id='word_1_4' title='bbox 564 494 690 556; x_wconf 77' lang='lat' dir='ltr'><strong>sollicite</strong></span> <span class='ocrx_word' id='word_1_5' title='bbox 703 495 737 557; x_wconf 92' lang='lat' dir='ltr'><strong>id</strong></span> <span class='ocrx_word' id='word_1_6' title='bbox 749 506 905 578; x_wconf 84' lang='lat' dir='ltr'><strong>expectare</strong></span> <span class='ocrx_word' id='word_1_7' title='bbox 919 497 1063 575; x_wconf 81' lang='lat' dir='ltr'><strong>intellexi,</strong></span> <span class='ocrx_word' id='word_1_8' title='bbox 1080 497 1208 581; x_wconf 87' lang='lat' dir='ltr'><strong>paucula</strong></span> <span class='ocrx_word' id='word_1_9' title='bbox 1225 499 1364 579; x_wconf 74' lang='lat' dir='ltr'><strong>quedam</strong></span> <span class='ocrx_word' id='word_1_10' title='bbox 1383 515 1455 578; x_wconf 73' lang='lat' dir='ltr'><strong>quie</strong></span> <span class='ocrx_word' id='word_1_11' title='bbox 1471 497 1539 555; x_wconf 90' lang='lat' dir='ltr'><strong>ori·</strong></span> 
     </span>
     <span class='ocr_line' id='line_1_3' title="bbox 342 591 1537 675; baseline -0.003 -22"><span class='ocrx_word' id='word_1_12' title='bbox 342 593 443 674; x_wconf 88' lang='lat' dir='ltr'><strong>ginem</strong></span> <span class='ocrx_word' id='word_1_13' title='bbox 458 593 621 653; x_wconf 90' lang='lat' dir='ltr'><strong>stemmatis</strong></span> <span class='ocrx_word' id='word_1_14' title='bbox 639 602 824 653; x_wconf 82' lang='lat' dir='ltr'><strong>concernunt</strong></span> <span class='ocrx_word' id='word_1_15' title='bbox 840 594 880 654; x_wconf 93' lang='lat' dir='ltr'><strong>ad</strong></span> <span class='ocrx_word' id='word_1_16' title='bbox 897 593 1010 655; x_wconf 87' lang='lat' dir='ltr'><strong>calcem</strong></span> <span class='ocrx_word' id='word_1_17' title='bbox 1027 595 1118 675; x_wconf 89' lang='lat' dir='ltr'><strong>hujus</strong></span> <span class='ocrx_word' id='word_1_18' title='bbox 1134 596 1195 656; x_wconf 92' lang='lat' dir='ltr'><strong>mei</strong></span> <span class='ocrx_word' id='word_1_19' title='bbox 1213 594 1360 656; x_wconf 88' lang='lat' dir='ltr'><strong>itinerarii</strong></span> <span class='ocrx_word' id='word_1_20' title='bbox 1372 591 1537 675; x_wconf 88' lang='lat' dir='ltr'><strong>adjiciam.</strong></span> 
     </span>
     <span class='ocr_line' id='line_1_4' title="bbox 342 687 1539 771; baseline -0.001 -23"><span class='ocrx_word' id='word_1_21' title='bbox 342 689 373 748; x_wconf 88' lang='lat' dir='ltr'><strong>Si</strong></span> <span class='ocrx_word' id='word_1_22' title='bbox 392 708 489 769; x_wconf 83' lang='lat' dir='ltr'><strong>parcae</strong></span> <span class='ocrx_word' id='word_1_23' title='bbox 509 688 602 750; x_wconf 87' lang='lat' dir='ltr'><strong>vitam</strong></span> <span class='ocrx_word' id='word_1_24' title='bbox 623 688 697 748; x_wconf 91' lang='lat' dir='ltr'><strong>mihi</strong></span> <span class='ocrx_word' id='word_1_25' title='bbox 717 699 886 771; x_wconf 81' lang='lat' dir='ltr'><strong>prorogent,</strong></span> <span class='ocrx_word' id='word_1_26' title='bbox 905 692 1062 771; x_wconf 80' lang='lat' dir='ltr'><strong>superique</strong></span> <span class='ocrx_word' id='word_1_27' title='bbox 1081 691 1262 752; x_wconf 83' lang='lat' dir='ltr'><strong>incolumem</strong></span> <span class='ocrx_word' id='word_1_28' title='bbox 1276 691 1315 751; x_wconf 90' lang='lat' dir='ltr'><strong>ad</strong></span> <span class='ocrx_word' id='word_1_29' title='bbox 1327 690 1403 750; x_wconf 88' lang='lat' dir='ltr'><strong>lares</strong></span> <span class='ocrx_word' id='word_1_30' title='bbox 1417 687 1539 769; x_wconf 88' lang='lat' dir='ltr'><strong>patrios</strong></span> 
     </span>
     <span class='ocr_line' id='line_1_5' title="bbox 342 783 1538 868; baseline 0 -24"><span class='ocrx_word' id='word_1_31' title='bbox 342 783 498 856; x_wconf 86' lang='lat' dir='ltr'><strong>reducant,</strong></span> <span class='ocrx_word' id='word_1_32' title='bbox 511 786 562 846; x_wconf 93' lang='lat' dir='ltr'><strong>ubi</strong></span> <span class='ocrx_word' id='word_1_33' title='bbox 576 785 690 846; x_wconf 86' lang='lat' dir='ltr'><strong>calamo</strong></span> <span class='ocrx_word' id='word_1_34' title='bbox 703 805 809 847; x_wconf 84' lang='lat' dir='ltr'><strong>vacare</strong></span> <span class='ocrx_word' id='word_1_35' title='bbox 821 786 943 848; x_wconf 90' lang='lat' dir='ltr'><strong>liberius</strong></span> <span class='ocrx_word' id='word_1_36' title='bbox 955 787 1067 863; x_wconf 81' lang='lat' dir='ltr'><strong>licebit,</strong></span> <span class='ocrx_word' id='word_1_37' title='bbox 1083 785 1260 847; x_wconf 75' lang='lat' dir='ltr'><strong>satisfaciam</strong></span> <span class='ocrx_word' id='word_1_38' title='bbox 1278 806 1316 846; x_wconf 84' lang='lat' dir='ltr'><strong>ex</strong></span> <span class='ocrx_word' id='word_1_39' title='bbox 1330 787 1445 868; x_wconf 87' lang='lat' dir='ltr'><strong>integro</strong></span> <span class='ocrx_word' id='word_1_40' title='bbox 1459 805 1538 866; x_wconf 91' lang='lat' dir='ltr'><strong>pro-</strong></span> 
     </span>
     <span class='ocr_line' id='line_1_6' title="bbox 342 879 1205 944; baseline 0.003 -5"><span class='ocrx_word' id='word_1_41' title='bbox 342 879 438 940; x_wconf 90' lang='lat' dir='ltr'><strong>missis</strong></span> <span class='ocrx_word' id='word_1_42' title='bbox 451 881 534 942; x_wconf 88' lang='lat' dir='ltr'><strong>meis.</strong></span> <span class='ocrx_word' id='word_1_43' title='bbox 576 880 696 942; x_wconf 77' lang='lat' dir='ltr'><strong>Interea</strong></span> <span class='ocrx_word' id='word_1_44' title='bbox 707 879 789 942; x_wconf 86' lang='lat' dir='ltr'><strong>hisce</strong></span> <span class='ocrx_word' id='word_1_45' title='bbox 804 891 961 944; x_wconf 84' lang='lat' dir='ltr'><strong>contentus</strong></span> <span class='ocrx_word' id='word_1_46' title='bbox 973 883 1071 944; x_wconf 81' lang='lat' dir='ltr'><strong>fruere</strong></span> <span class='ocrx_word' id='word_1_47' title='bbox 1084 893 1116 944; x_wconf 89' lang='lat' dir='ltr'><strong>et</strong></span> <span class='ocrx_word' id='word_1_48' title='bbox 1127 883 1205 944; x_wconf 87' lang='lat' dir='ltr'><strong>vale.</strong></span> 
     </span>
    </p>

    <p class='ocr_par' dir='ltr' id='par_1_3' title="bbox 338 975 1536 3546">
     <span class='ocr_line' id='line_1_7' title="bbox 385 975 1536 1058; baseline 0 -22"><span class='ocrx_word' id='word_1_49' title='bbox 385 975 594 1038; x_wconf 86' lang='lat' dir='ltr'><strong>Butlerianum</strong></span> <span class='ocrx_word' id='word_1_50' title='bbox 609 976 742 1038; x_wconf 88' lang='lat' dir='ltr'><strong>Stemma</strong></span> <span class='ocrx_word' id='word_1_51' title='bbox 754 978 885 1058; x_wconf 88' lang='lat' dir='ltr'><strong>primum</strong></span> <span class='ocrx_word' id='word_1_52' title='bbox 897 999 984 1039; x_wconf 91' lang='lat' dir='ltr'><strong>suum</strong></span> <span class='ocrx_word' id='word_1_53' title='bbox 999 989 1097 1040; x_wconf 92' lang='lat' dir='ltr'><strong>ortum</strong></span> <span class='ocrx_word' id='word_1_54' title='bbox 1110 979 1225 1041; x_wconf 77' lang='lat' dir='ltr'><strong>duxitd</strong></span> <span class='ocrx_word' id='word_1_55' title='bbox 1237 979 1261 1040; x_wconf 89' lang='lat' dir='ltr'><strong>J</strong></span> <span class='ocrx_word' id='word_1_56' title='bbox 1262 979 1356 1039; x_wconf 87' lang='lat' dir='ltr'><strong>acobo</strong></span> <span class='ocrx_word' id='word_1_57' title='bbox 1374 976 1401 1038; x_wconf 91' lang='grc' dir='ltr'><strong>Ι.</strong></span> <span class='ocrx_word' id='word_1_58' title='bbox 1417 977 1474 1058; x_wconf 90' lang='lat' dir='ltr'><strong>qui</strong></span> <span class='ocrx_word' id='word_1_59' title='bbox 1494 977 1536 1036; x_wconf 91' lang='lat' dir='ltr'><strong>ab</strong></span> 
     </span>
     <span class='ocr_line' id='line_1_8' title="bbox 343 1069 1534 1162; baseline 0.001 -30"><span class='ocrx_word' id='word_1_60' title='bbox 343 1069 486 1133; x_wconf 81' lang='lat' dir='ltr'><strong>Eduardo</strong></span> <span class='ocrx_word' id='word_1_61' title='bbox 507 1073 575 1132; x_wconf 92' lang='lat'>111.</span> <span class='ocrx_word' id='word_1_62' title='bbox 595 1072 713 1162; x_wconf 72' lang='lat' dir='ltr'><strong>comipis</strong></span> <span class='ocrx_word' id='word_1_63' title='bbox 728 1071 871 1134; x_wconf 84' lang='lat' dir='ltr'><strong>honorem</strong></span> <span class='ocrx_word' id='word_1_64' title='bbox 889 1085 920 1136; x_wconf 90' lang='lat' dir='ltr'><strong>et</strong></span> <span class='ocrx_word' id='word_1_65' title='bbox 933 1075 1201 1137; x_wconf 76' lang='lat' dir='ltr'><strong>nomenclationem</strong></span> <span class='ocrx_word' id='word_1_66' title='bbox 1214 1075 1343 1136; x_wconf 86' lang='lat' dir='ltr'><strong>obtinuit</strong></span> <span class='ocrx_word' id='word_1_67' title='bbox 1353 1074 1446 1135; x_wconf 81' lang='lat' dir='ltr'><strong>Anno</strong></span> <span class='ocrx_word' id='word_1_68' title='bbox 1459 1073 1534 1133; x_wconf 91' lang='lat' dir='ltr'><strong>mil-</strong></span> 
     </span>
     <span class='ocr_line' id='line_1_9' title="bbox 341 1168 1533 1253; baseline -0.002 -23"><span class='ocrx_word' id='word_1_69' title='bbox 341 1168 445 1230; x_wconf 87' lang='lat' dir='ltr'><strong>lesimo</strong></span> <span class='ocrx_word' id='word_1_70' title='bbox 466 1169 673 1231; x_wconf 87' lang='lat' dir='ltr'><strong>trecentesimo</strong></span> <span class='ocrx_word' id='word_1_71' title='bbox 692 1168 941 1253; x_wconf 87' lang='lat' dir='ltr'><strong>quinquagesimo</strong></span> <span class='ocrx_word' id='word_1_72' title='bbox 959 1181 1073 1252; x_wconf 88' lang='lat' dir='ltr'><strong>quarto.</strong></span> <span class='ocrx_word' id='word_1_73' title='bbox 1120 1171 1212 1233; x_wconf 86' lang='lat' dir='ltr'><strong>Unde</strong></span> <span class='ocrx_word' id='word_1_74' title='bbox 1229 1190 1368 1231; x_wconf 88' lang='lat' dir='ltr'><strong>successu</strong></span> <span class='ocrx_word' id='word_1_75' title='bbox 1385 1170 1533 1249; x_wconf 86' lang='lat' dir='ltr'><strong>temporis</strong></span> 
     </span>
     <span class='ocr_line' id='line_1_10' title="bbox 342 1265 1535 1348; baseline -0.003 -22"><span class='ocrx_word' id='word_1_76' title='bbox 342 1266 568 1345; x_wconf 85' lang='lat' dir='ltr'><strong>quatuordecim</strong></span> <span class='ocrx_word' id='word_1_77' title='bbox 582 1265 702 1326; x_wconf 71' lang='lat' dir='ltr'><strong>familiar</strong></span> <span class='ocrx_word' id='word_1_78' title='bbox 717 1285 772 1326; x_wconf 86' lang='lat' dir='ltr'><strong>ceu</strong></span> <span class='ocrx_word' id='word_1_79' title='bbox 786 1267 859 1328; x_wconf 81' lang='lat' dir='ltr'><strong>novi</strong></span> <span class='ocrx_word' id='word_1_80' title='bbox 871 1287 909 1327; x_wconf 83' lang='lat' dir='ltr'><strong>ex</strong></span> <span class='ocrx_word' id='word_1_81' title='bbox 920 1267 1021 1348; x_wconf 81' lang='lat' dir='ltr'><strong>stipite</strong></span> <span class='ocrx_word' id='word_1_82' title='bbox 1034 1266 1147 1328; x_wconf 89' lang='lat' dir='ltr'><strong>surculi</strong></span> <span class='ocrx_word' id='word_1_83' title='bbox 1161 1268 1400 1347; x_wconf 83' lang='lat' dir='ltr'><strong>protuberarunt</strong></span> <span class='ocrx_word' id='word_1_84' title='bbox 1421 1265 1535 1324; x_wconf 88' lang='lat' dir='ltr'><strong>Prima</strong></span> 
     </span>
     <span class='ocr_line' id='line_1_11' title="bbox 340 1361 1534 1442; baseline -0.002 -20"><span class='ocrx_word' id='word_1_85' title='bbox 340 1361 400 1422; x_wconf 85' lang='lat' dir='ltr'><strong>fuit</strong></span> <span class='ocrx_word' id='word_1_86' title='bbox 415 1361 543 1423; x_wconf 78' lang='lat' dir='ltr'><strong>Batonis</strong></span> <span class='ocrx_word' id='word_1_87' title='bbox 556 1362 595 1423; x_wconf 88' lang='lat' dir='ltr'><strong>de</strong></span> <span class='ocrx_word' id='word_1_88' title='bbox 607 1362 798 1442; x_wconf 77' lang='lat' dir='ltr'><strong>Donboyns:</strong></span> <span class='ocrx_word' id='word_1_89' title='bbox 820 1363 951 1424; x_wconf 88' lang='lat' dir='ltr'><strong>secunda</strong></span> <span class='ocrx_word' id='word_1_90' title='bbox 962 1363 1090 1424; x_wconf 84' lang='lat' dir='ltr'><strong>Beronis</strong></span> <span class='ocrx_word' id='word_1_91' title='bbox 1104 1363 1142 1423; x_wconf 89' lang='lat' dir='ltr'><strong>de</strong></span> <span class='ocrx_word' id='word_1_92' title='bbox 1160 1362 1312 1424; x_wconf 86' lang='lat' dir='ltr'><strong>Cabirna:</strong></span> <span class='ocrx_word' id='word_1_93' title='bbox 1333 1362 1419 1422; x_wconf 90' lang='lat' dir='ltr'><strong>tertia</strong></span> <span class='ocrx_word' id='word_1_94' title='bbox 1436 1361 1534 1420; x_wconf 85' lang='lat' dir='ltr'><strong>Vice-</strong></span> 
     </span>
     <span class='ocr_line' id='line_1_12' title="bbox 341 1456 1534 1540; baseline -0.001 -22"><span class='ocrx_word' id='word_1_95' title='bbox 341 1456 470 1518; x_wconf 86' lang='lat' dir='ltr'><strong>Comitis</strong></span> <span class='ocrx_word' id='word_1_96' title='bbox 491 1457 529 1518; x_wconf 89' lang='lat' dir='ltr'><strong>de</strong></span> <span class='ocrx_word' id='word_1_97' title='bbox 556 1457 752 1538; x_wconf 86' lang='lat' dir='ltr'><strong>Mongareta:</strong></span> <span class='ocrx_word' id='word_1_98' title='bbox 787 1469 896 1540; x_wconf 90' lang='lat' dir='ltr'><strong>quarta</strong></span> <span class='ocrx_word' id='word_1_99' title='bbox 922 1459 1079 1520; x_wconf 89' lang='lat' dir='ltr'><strong>Edmundi</strong></span> <span class='ocrx_word' id='word_1_100' title='bbox 1103 1457 1212 1519; x_wconf 84' lang='lat' dir='ltr'><strong>Butler</strong></span> <span class='ocrx_word' id='word_1_101' title='bbox 1235 1458 1344 1538; x_wconf 88' lang='lat' dir='ltr'><strong>equitis</strong></span> <span class='ocrx_word' id='word_1_102' title='bbox 1368 1456 1463 1518; x_wconf 91' lang='lat' dir='ltr'><strong>aurati</strong></span> <span class='ocrx_word' id='word_1_103' title='bbox 1491 1458 1534 1517; x_wconf 87' lang='lat' dir='ltr'><strong>de</strong></span> 
     </span>
     <span class='ocr_line' id='line_1_13' title="bbox 341 1551 1533 1633; baseline 0.001 -20"><span class='ocrx_word' id='word_1_104' title='bbox 341 1553 451 1627; x_wconf 81' lang='lat' dir='ltr'><strong>Tullia,</strong></span> <span class='ocrx_word' id='word_1_105' title='bbox 472 1553 558 1633; x_wconf 85' lang='lat' dir='ltr'><strong>cujus</strong></span> <span class='ocrx_word' id='word_1_106' title='bbox 577 1551 658 1614; x_wconf 87' lang='lat' dir='ltr'><strong>tilius</strong></span> <span class='ocrx_word' id='word_1_107' title='bbox 675 1552 865 1616; x_wconf 77' lang='lat' dir='ltr'><strong>Tbeobaldus</strong></span> <span class='ocrx_word' id='word_1_108' title='bbox 884 1555 1027 1616; x_wconf 89' lang='lat' dir='ltr'><strong>Butlerus</strong></span> <span class='ocrx_word' id='word_1_109' title='bbox 1048 1554 1250 1616; x_wconf 78' lang='lat' dir='ltr'><strong>Vise-Comes</strong></span> <span class='ocrx_word' id='word_1_110' title='bbox 1273 1553 1432 1614; x_wconf 86' lang='lat' dir='ltr'><strong>Isubellam</strong></span> <span class='ocrx_word' id='word_1_111' title='bbox 1456 1559 1533 1614; x_wconf 74' lang='lat' dir='ltr'><strong>vere</strong></span> 
     </span>
     <span class='ocr_line' id='line_1_14' title="bbox 341 1647 1531 1733; baseline 0.003 -26"><span class='ocrx_word' id='word_1_112' title='bbox 341 1647 450 1709; x_wconf 91' lang='lat' dir='ltr'><strong>bellam</strong></span> <span class='ocrx_word' id='word_1_113' title='bbox 469 1647 591 1710; x_wconf 77' lang='lat' dir='ltr'><strong>Thomas</strong></span> <span class='ocrx_word' id='word_1_114' title='bbox 609 1648 702 1731; x_wconf 85' lang='lat' dir='ltr'><strong>Nigri</strong></span> <span class='ocrx_word' id='word_1_115' title='bbox 722 1649 843 1712; x_wconf 92' lang='lat' dir='ltr'><strong>Butleri</strong></span> <span class='ocrx_word' id='word_1_116' title='bbox 865 1651 992 1713; x_wconf 88' lang='lat' dir='ltr'><strong>Comitis</strong></span> <span class='ocrx_word' id='word_1_117' title='bbox 1013 1650 1146 1712; x_wconf 86' lang='lat' dir='ltr'><strong>Palatini</strong></span> <span class='ocrx_word' id='word_1_118' title='bbox 1163 1651 1397 1733; x_wconf 77' lang='lat' dir='ltr'><strong>Tipperariensis</strong></span> <span class='ocrx_word' id='word_1_119' title='bbox 1420 1649 1531 1723; x_wconf 87' lang='lat' dir='ltr'><strong>liliam,</strong></span> 
     </span>
     <span class='ocr_line' id='line_1_15' title="bbox 340 1743 1531 1830; baseline 0.002 -26"><span class='ocrx_word' id='word_1_120' title='bbox 340 1743 476 1825; x_wconf 89' lang='lat' dir='ltr'><strong>legitimo</strong></span> <span class='ocrx_word' id='word_1_121' title='bbox 490 1745 673 1806; x_wconf 75' lang='lat' dir='ltr'><strong>matrimonii</strong></span> <span class='ocrx_word' id='word_1_122' title='bbox 687 1767 775 1820; x_wconf 86' lang='lat' dir='ltr'><strong>nexu,</strong></span> <span class='ocrx_word' id='word_1_123' title='bbox 790 1747 962 1809; x_wconf 77' lang='lat' dir='ltr'><strong>felicissimo</strong></span> <span class='ocrx_word' id='word_1_124' title='bbox 975 1747 1123 1809; x_wconf 90' lang='lat' dir='ltr'><strong>connubio</strong></span> <span class='ocrx_word' id='word_1_125' title='bbox 1137 1748 1194 1809; x_wconf 89' lang='lat' dir='ltr'><strong>sibi</strong></span> <span class='ocrx_word' id='word_1_126' title='bbox 1205 1748 1357 1830; x_wconf 82' lang='lat' dir='ltr'><strong>copulavit</strong></span> <span class='ocrx_word' id='word_1_127' title='bbox 1365 1769 1375 1823; x_wconf 81' lang='lat'>3</span> <span class='ocrx_word' id='word_1_128' title='bbox 1396 1747 1453 1807; x_wconf 89' lang='lat' dir='ltr'><strong>boc</strong></span> <span class='ocrx_word' id='word_1_129' title='bbox 1462 1746 1531 1807; x_wconf 89' lang='lat' dir='ltr'><strong>solo</strong></span> 
     </span>
     <span class='ocr_line' id='line_1_16' title="bbox 341 1839 1533 1926; baseline 0.001 -25"><span class='ocrx_word' id='word_1_130' title='bbox 341 1839 474 1901; x_wconf 85' lang='lat' dir='ltr'><strong>infelices</strong></span> <span class='ocrx_word' id='word_1_131' title='bbox 484 1842 626 1923; x_wconf 85' lang='lat' dir='ltr'><strong>conjuges</strong></span> <span class='ocrx_word' id='word_1_132' title='bbox 634 1843 715 1923; x_wconf 90' lang='lat' dir='ltr'><strong>quod</strong></span> <span class='ocrx_word' id='word_1_133' title='bbox 722 1843 806 1905; x_wconf 74' lang='lat' dir='ltr'><strong>nulli</strong></span> <span class='ocrx_word' id='word_1_134' title='bbox 815 1842 914 1905; x_wconf 92' lang='lat' dir='ltr'><strong>sobole</strong></span> <span class='ocrx_word' id='word_1_135' title='bbox 924 1853 1059 1926; x_wconf 85' lang='lat' dir='ltr'><strong>suscepta</strong></span> <span class='ocrx_word' id='word_1_136' title='bbox 1069 1855 1194 1907; x_wconf 89' lang='lat' dir='ltr'><strong>mortem</strong></span> <span class='ocrx_word' id='word_1_137' title='bbox 1205 1845 1393 1926; x_wconf 86' lang='lat' dir='ltr'><strong>oppetierint</strong></span> <span class='ocrx_word' id='word_1_138' title='bbox 1414 1843 1533 1915; x_wconf 80' lang='lat' dir='ltr'><strong>Quinta</strong></span> 
     </span>
     <span class='ocr_line' id='line_1_17' title="bbox 341 1938 1531 2021; baseline -0.002 -20"><span class='ocrx_word' id='word_1_139' title='bbox 341 1938 560 2002; x_wconf 83' lang='lat' dir='ltr'><strong>Viae-Comitis</strong></span> <span class='ocrx_word' id='word_1_140' title='bbox 584 1941 622 2002; x_wconf 89' lang='lat' dir='ltr'><strong>de</strong></span> <span class='ocrx_word' id='word_1_141' title='bbox 647 1940 822 2001; x_wconf 89' lang='lat' dir='ltr'><strong>Icherrina:</strong></span> <span class='ocrx_word' id='word_1_142' title='bbox 856 1950 941 2003; x_wconf 85' lang='lat' dir='ltr'><strong>sexta</strong></span> <span class='ocrx_word' id='word_1_143' title='bbox 960 1942 998 2003; x_wconf 93' lang='lat' dir='ltr'><strong>de</strong></span> <span class='ocrx_word' id='word_1_144' title='bbox 1017 1940 1128 2004; x_wconf 85' lang='lat' dir='ltr'><strong>Jechia</strong></span> <span class='ocrx_word' id='word_1_145' title='bbox 1147 1961 1215 2021; x_wconf 80' lang='lat' dir='ltr'><strong>quar</strong></span> <span class='ocrx_word' id='word_1_146' title='bbox 1237 1940 1309 2002; x_wconf 92' lang='lat' dir='ltr'><strong>olim</strong></span> <span class='ocrx_word' id='word_1_147' title='bbox 1335 1940 1531 2002; x_wconf 85' lang='lat' dir='ltr'><strong>celeberrima</strong></span> 
     </span>
     <span class='ocr_line' id='line_1_18' title="bbox 341 2035 1531 2118; baseline 0 -22"><span class='ocrx_word' id='word_1_148' title='bbox 341 2035 417 2098; x_wconf 86' lang='lat' dir='ltr'><strong>fuit:</strong></span> <span class='ocrx_word' id='word_1_149' title='bbox 456 2037 581 2116; x_wconf 91' lang='lat' dir='ltr'><strong>septima</strong></span> <span class='ocrx_word' id='word_1_150' title='bbox 601 2036 639 2096; x_wconf 92' lang='lat' dir='ltr'><strong>de</strong></span> <span class='ocrx_word' id='word_1_151' title='bbox 658 2035 769 2117; x_wconf 90' lang='lat' dir='ltr'><strong>oppido</strong></span> <span class='ocrx_word' id='word_1_152' title='bbox 789 2036 891 2113; x_wconf 92' lang='lat' dir='ltr'><strong>Pauli,</strong></span> <span class='ocrx_word' id='word_1_153' title='bbox 913 2057 952 2098; x_wconf 84' lang='lat' dir='ltr'><strong>ex</strong></span> <span class='ocrx_word' id='word_1_154' title='bbox 972 2035 1028 2098; x_wconf 90' lang='lat' dir='ltr'><strong>hac</strong></span> <span class='ocrx_word' id='word_1_155' title='bbox 1048 2037 1163 2098; x_wconf 82' lang='lat' dir='ltr'><strong>familia</strong></span> <span class='ocrx_word' id='word_1_156' title='bbox 1182 2037 1356 2118; x_wconf 90' lang='lat' dir='ltr'><strong>perillustris</strong></span> <span class='ocrx_word' id='word_1_157' title='bbox 1378 2037 1531 2098; x_wconf 79' lang='lat' dir='ltr'><strong>Dominus</strong></span> 
     </span>
     <span class='ocr_line' id='line_1_19' title="bbox 341 2130 1532 2213; baseline 0 -21"><span class='ocrx_word' id='word_1_158' title='bbox 341 2131 513 2193; x_wconf 86' lang='lat' dir='ltr'><strong>Waltberus</strong></span> <span class='ocrx_word' id='word_1_159' title='bbox 533 2131 677 2193; x_wconf 90' lang='lat' dir='ltr'><strong>Butlerus</strong></span> <span class='ocrx_word' id='word_1_160' title='bbox 697 2130 806 2192; x_wconf 86' lang='lat' dir='ltr'><strong>Comes</strong></span> <span class='ocrx_word' id='word_1_161' title='bbox 826 2144 857 2194; x_wconf 89' lang='lat' dir='ltr'><strong>et</strong></span> <span class='ocrx_word' id='word_1_162' title='bbox 875 2132 975 2193; x_wconf 80' lang='lat' dir='ltr'><strong>Saerre</strong></span> <span class='ocrx_word' id='word_1_163' title='bbox 997 2133 1145 2194; x_wconf 73' lang='lat' dir='ltr'><strong>Caesareae</strong></span> <span class='ocrx_word' id='word_1_164' title='bbox 1166 2132 1336 2213; x_wconf 80' lang='lat' dir='ltr'><strong>Majestatis</strong></span> <span class='ocrx_word' id='word_1_165' title='bbox 1355 2131 1532 2194; x_wconf 77' lang='lat' dir='ltr'><strong>colonellus</strong></span> 
     </span>
     <span class='ocr_line' id='line_1_20' title="bbox 341 2227 1530 2309; baseline -0.001 -20"><span class='ocrx_word' id='word_1_166' title='bbox 341 2229 534 2309; x_wconf 87' lang='lat' dir='ltr'><strong>ejusdemque</strong></span> <span class='ocrx_word' id='word_1_167' title='bbox 558 2228 777 2290; x_wconf 83' lang='lat' dir='ltr'><strong>cubicularius:</strong></span> <span class='ocrx_word' id='word_1_168' title='bbox 807 2238 838 2290; x_wconf 89' lang='lat' dir='ltr'><strong>et</strong></span> <span class='ocrx_word' id='word_1_169' title='bbox 861 2228 1050 2291; x_wconf 82' lang='lat' dir='ltr'><strong>Theobaldus</strong></span> <span class='ocrx_word' id='word_1_170' title='bbox 1077 2229 1231 2299; x_wconf 89' lang='lat' dir='ltr'><strong>Butlerus,</strong></span> <span class='ocrx_word' id='word_1_171' title='bbox 1259 2227 1431 2290; x_wconf 88' lang='lat' dir='ltr'><strong>Richardus</strong></span> <span class='ocrx_word' id='word_1_172' title='bbox 1457 2229 1530 2289; x_wconf 89' lang='lat' dir='ltr'><strong>item</strong></span> 
     </span>
     <span class='ocr_line' id='line_1_21' title="bbox 343 2325 1529 2408; baseline -0.003 -19"><span class='ocrx_word' id='word_1_173' title='bbox 343 2325 486 2389; x_wconf 88' lang='lat' dir='ltr'><strong>Butlerus</strong></span> <span class='ocrx_word' id='word_1_174' title='bbox 509 2346 578 2387; x_wconf 91' lang='lat' dir='ltr'><strong>oum</strong></span> <span class='ocrx_word' id='word_1_175' title='bbox 604 2326 778 2401; x_wconf 90' lang='lat' dir='ltr'><strong>Edmundo‚</strong></span> <span class='ocrx_word' id='word_1_176' title='bbox 805 2345 908 2387; x_wconf 89' lang='lat' dir='ltr'><strong>omnes</strong></span> <span class='ocrx_word' id='word_1_177' title='bbox 929 2326 1090 2408; x_wconf 77' lang='lat' dir='ltr'><strong>capitanei</strong></span> <span class='ocrx_word' id='word_1_178' title='bbox 1112 2336 1211 2388; x_wconf 90' lang='lat' dir='ltr'><strong>ortum</strong></span> <span class='ocrx_word' id='word_1_179' title='bbox 1231 2335 1262 2387; x_wconf 91' lang='lat' dir='ltr'><strong>et</strong></span> <span class='ocrx_word' id='word_1_180' title='bbox 1275 2325 1423 2408; x_wconf 84' lang='lat' dir='ltr'><strong>originem</strong></span> <span class='ocrx_word' id='word_1_181' title='bbox 1442 2345 1529 2387; x_wconf 86' lang='lat' dir='ltr'><strong>suam</strong></span> 
     </span>
     <span class='ocr_line' id='line_1_22' title="bbox 340 2419 1529 2504; baseline -0.002 -20"><span class='ocrx_word' id='word_1_182' title='bbox 340 2432 540 2504; x_wconf 89' lang='lat' dir='ltr'><strong>sumpserunt.</strong></span> <span class='ocrx_word' id='word_1_183' title='bbox 582 2422 700 2485; x_wconf 80' lang='lat' dir='ltr'><strong>Octava</strong></span> <span class='ocrx_word' id='word_1_184' title='bbox 724 2423 761 2484; x_wconf 89' lang='lat' dir='ltr'><strong>de</strong></span> <span class='ocrx_word' id='word_1_185' title='bbox 786 2421 949 2484; x_wconf 85' lang='lat' dir='ltr'><strong>Cilcassio:</strong></span> <span class='ocrx_word' id='word_1_186' title='bbox 977 2442 1058 2483; x_wconf 87' lang='lat' dir='ltr'><strong>none</strong></span> <span class='ocrx_word' id='word_1_187' title='bbox 1083 2422 1122 2483; x_wconf 93' lang='lat' dir='ltr'><strong>de</strong></span> <span class='ocrx_word' id='word_1_188' title='bbox 1146 2419 1312 2502; x_wconf 81' lang='lat' dir='ltr'><strong>Moyallio:</strong></span> <span class='ocrx_word' id='word_1_189' title='bbox 1346 2419 1464 2481; x_wconf 91' lang='lat' dir='ltr'><strong>decima</strong></span> <span class='ocrx_word' id='word_1_190' title='bbox 1490 2421 1529 2482; x_wconf 91' lang='lat' dir='ltr'><strong>de</strong></span> 
     </span>
     <span class='ocr_line' id='line_1_23' title="bbox 342 2517 1529 2597; baseline -0.002 -16"><span class='ocrx_word' id='word_1_191' title='bbox 342 2518 512 2581; x_wconf 83' lang='lat' dir='ltr'><strong>Cilvolicio.</strong></span> <span class='ocrx_word' id='word_1_192' title='bbox 554 2520 607 2581; x_wconf 79' lang='lat' dir='ltr'><strong>Ad</strong></span> <span class='ocrx_word' id='word_1_193' title='bbox 619 2520 810 2582; x_wconf 87' lang='lat' dir='ltr'><strong>undecimam</strong></span> <span class='ocrx_word' id='word_1_194' title='bbox 828 2517 973 2579; x_wconf 86' lang='lat' dir='ltr'><strong>lamiliam</strong></span> <span class='ocrx_word' id='word_1_195' title='bbox 990 2528 1173 2580; x_wconf 89' lang='lat' dir='ltr'><strong>concurrunt</strong></span> <span class='ocrx_word' id='word_1_196' title='bbox 1184 2518 1276 2579; x_wconf 79' lang='lat' dir='ltr'><strong>variae</strong></span> <span class='ocrx_word' id='word_1_197' title='bbox 1291 2518 1396 2597; x_wconf 86' lang='lat' dir='ltr'><strong>stirpes</strong></span> <span class='ocrx_word' id='word_1_198' title='bbox 1413 2518 1529 2579; x_wconf 88' lang='lat' dir='ltr'><strong>scilicet</strong></span> 
     </span>
     <span class='ocr_line' id='line_1_24' title="bbox 342 2613 1527 2697; baseline -0.002 -20"><span class='ocrx_word' id='word_1_199' title='bbox 342 2616 380 2677; x_wconf 88' lang='lat' dir='ltr'><strong>de</strong></span> <span class='ocrx_word' id='word_1_200' title='bbox 399 2614 649 2697; x_wconf 84' lang='lat' dir='ltr'><strong>Cnocrapbonuo,</strong></span> <span class='ocrx_word' id='word_1_201' title='bbox 668 2616 792 2695; x_wconf 89' lang='lat' dir='ltr'><strong>antiqua</strong></span> <span class='ocrx_word' id='word_1_202' title='bbox 810 2616 884 2675; x_wconf 89' lang='lat' dir='ltr'><strong>villa</strong></span> <span class='ocrx_word' id='word_1_203' title='bbox 901 2615 998 2697; x_wconf 80' lang='lat' dir='ltr'><strong>nigre,</strong></span> <span class='ocrx_word' id='word_1_204' title='bbox 1018 2614 1152 2687; x_wconf 81' lang='lat' dir='ltr'><strong>Racorm,</strong></span> <span class='ocrx_word' id='word_1_205' title='bbox 1170 2613 1294 2676; x_wconf 88' lang='lat' dir='ltr'><strong>Vallum</strong></span> <span class='ocrx_word' id='word_1_206' title='bbox 1311 2614 1484 2695; x_wconf 87' lang='lat' dir='ltr'><strong>Spideogio,</strong></span> <span class='ocrx_word' id='word_1_207' title='bbox 1498 2626 1527 2675; x_wconf 87' lang='lat' dir='ltr'><strong>et</strong></span> 
     </span>
     <span class='ocr_line' id='line_1_25' title="bbox 342 2709 1528 2792; baseline 0.001 -22"><span class='ocrx_word' id='word_1_208' title='bbox 342 2711 491 2791; x_wconf 88' lang='lat' dir='ltr'><strong>Anaquio.</strong></span> <span class='ocrx_word' id='word_1_209' title='bbox 532 2711 581 2771; x_wconf 87' lang='lat' dir='ltr'><strong>Ex</strong></span> <span class='ocrx_word' id='word_1_210' title='bbox 598 2711 655 2773; x_wconf 90' lang='lat' dir='ltr'><strong>bac</strong></span> <span class='ocrx_word' id='word_1_211' title='bbox 674 2710 788 2771; x_wconf 84' lang='lat' dir='ltr'><strong>familia</strong></span> <span class='ocrx_word' id='word_1_212' title='bbox 808 2711 881 2772; x_wconf 93' lang='lat' dir='ltr'><strong>olim</strong></span> <span class='ocrx_word' id='word_1_213' title='bbox 903 2712 1015 2791; x_wconf 91' lang='lat' dir='ltr'><strong>prodiit</strong></span> <span class='ocrx_word' id='word_1_214' title='bbox 1033 2710 1208 2792; x_wconf 88' lang='lat' dir='ltr'><strong>perillustris</strong></span> <span class='ocrx_word' id='word_1_215' title='bbox 1229 2710 1379 2772; x_wconf 90' lang='lat' dir='ltr'><strong>Dominus</strong></span> <span class='ocrx_word' id='word_1_216' title='bbox 1399 2709 1528 2771; x_wconf 83' lang='lat' dir='ltr'><strong>Thomas</strong></span> 
     </span>
     <span class='ocr_line' id='line_1_26' title="bbox 342 2806 1527 2891; baseline -0.002 -21"><span class='ocrx_word' id='word_1_217' title='bbox 342 2809 485 2871; x_wconf 90' lang='lat' dir='ltr'><strong>Butlerus</strong></span> <span class='ocrx_word' id='word_1_218' title='bbox 499 2818 695 2890; x_wconf 85' lang='lat' dir='ltr'><strong>cognomento</strong></span> <span class='ocrx_word' id='word_1_219' title='bbox 709 2808 845 2869; x_wconf 90' lang='lat' dir='ltr'><strong>claudus.</strong></span> <span class='ocrx_word' id='word_1_220' title='bbox 887 2807 949 2880; x_wconf 82' lang='lat' dir='ltr'><strong>Qui</strong></span> <span class='ocrx_word' id='word_1_221' title='bbox 967 2807 1072 2890; x_wconf 79' lang='lat' dir='ltr'><strong>Regiae</strong></span> <span class='ocrx_word' id='word_1_222' title='bbox 1091 2807 1260 2891; x_wconf 74' lang='lat' dir='ltr'><strong>MaJestatis</strong></span> <span class='ocrx_word' id='word_1_223' title='bbox 1279 2806 1411 2887; x_wconf 88' lang='lat' dir='ltr'><strong>Imperio</strong></span> <span class='ocrx_word' id='word_1_224' title='bbox 1428 2816 1460 2867; x_wconf 91' lang='lat' dir='ltr'><strong>et</strong></span> <span class='ocrx_word' id='word_1_225' title='bbox 1475 2808 1527 2868; x_wconf 88' lang='lat' dir='ltr'><strong>sti·</strong></span> 
     </span>
     <span class='ocr_line' id='line_1_27' title="bbox 341 2902 1527 2987; baseline -0.003 -19"><span class='ocrx_word' id='word_1_226' title='bbox 341 2905 470 2987; x_wconf 85' lang='lat' dir='ltr'><strong>pendiis,</strong></span> <span class='ocrx_word' id='word_1_227' title='bbox 478 2904 568 2965; x_wconf 85' lang='lat' dir='ltr'><strong>variis</strong></span> <span class='ocrx_word' id='word_1_228' title='bbox 577 2904 607 2964; x_wconf 93' lang='lat' dir='ltr'><strong>in</strong></span> <span class='ocrx_word' id='word_1_229' title='bbox 620 2903 779 2984; x_wconf 88' lang='lat' dir='ltr'><strong>Hybernia</strong></span> <span class='ocrx_word' id='word_1_230' title='bbox 788 2903 970 2986; x_wconf 89' lang='lat' dir='ltr'><strong>Legionibus</strong></span> <span class='ocrx_word' id='word_1_231' title='bbox 980 2903 1113 2965; x_wconf 89' lang='lat' dir='ltr'><strong>collectis</strong></span> <span class='ocrx_word' id='word_1_232' title='bbox 1122 2914 1224 2965; x_wconf 90' lang='lat' dir='ltr'><strong>contra</strong></span> <span class='ocrx_word' id='word_1_233' title='bbox 1233 2902 1339 2965; x_wconf 90' lang='lat' dir='ltr'><strong>Gallos</strong></span> <span class='ocrx_word' id='word_1_234' title='bbox 1347 2903 1378 2964; x_wconf 91' lang='lat' dir='ltr'><strong>iu</strong></span> <span class='ocrx_word' id='word_1_235' title='bbox 1386 2922 1527 2985; x_wconf 88' lang='lat' dir='ltr'><strong>campum</strong></span> 
     </span>
     <span class='ocr_line' id='line_1_28' title="bbox 340 2998 1527 3081; baseline -0.003 -19"><span class='ocrx_word' id='word_1_236' title='bbox 340 3001 503 3063; x_wconf 85' lang='lat' dir='ltr'><strong>exercitum</strong></span> <span class='ocrx_word' id='word_1_237' title='bbox 515 3000 628 3074; x_wconf 82' lang='lat' dir='ltr'><strong>eduxit,</strong></span> <span class='ocrx_word' id='word_1_238' title='bbox 641 2999 837 3079; x_wconf 80' lang='lat' dir='ltr'><strong>felicibusque</strong></span> <span class='ocrx_word' id='word_1_239' title='bbox 846 2999 986 3080; x_wconf 85' lang='lat' dir='ltr'><strong>auspiciis</strong></span> <span class='ocrx_word' id='word_1_240' title='bbox 996 2999 1103 3060; x_wconf 80' lang='lat' dir='ltr'><strong>Gallos</strong></span> <span class='ocrx_word' id='word_1_241' title='bbox 1112 2999 1227 3081; x_wconf 84' lang='lat' dir='ltr'><strong>fugavit</strong></span> <span class='ocrx_word' id='word_1_242' title='bbox 1235 3010 1265 3060; x_wconf 95' lang='lat' dir='ltr'><strong>et</strong></span> <span class='ocrx_word' id='word_1_243' title='bbox 1274 2999 1364 3069; x_wconf 87' lang='lat' dir='ltr'><strong>fudit,</strong></span> <span class='ocrx_word' id='word_1_244' title='bbox 1374 2998 1527 3060; x_wconf 86' lang='lat' dir='ltr'><strong>civitatem</strong></span> 
     </span>
     <span class='ocr_line' id='line_1_29' title="bbox 340 3094 1526 3179; baseline -0.003 -20"><span class='ocrx_word' id='word_1_245' title='bbox 340 3117 459 3179; x_wconf 90' lang='lat' dir='ltr'><strong>quoque</strong></span> <span class='ocrx_word' id='word_1_246' title='bbox 480 3095 694 3178; x_wconf 81' lang='lat' dir='ltr'><strong>amplissimam</strong></span> <span class='ocrx_word' id='word_1_247' title='bbox 716 3094 949 3177; x_wconf 88' lang='lat' dir='ltr'><strong>Rhodomagnm</strong></span> <span class='ocrx_word' id='word_1_248' title='bbox 967 3094 1093 3171; x_wconf 86' lang='lat' dir='ltr'><strong>obsedit,</strong></span> <span class='ocrx_word' id='word_1_249' title='bbox 1113 3096 1273 3175; x_wconf 87' lang='lat' dir='ltr'><strong>impetivit,</strong></span> <span class='ocrx_word' id='word_1_250' title='bbox 1289 3095 1465 3176; x_wconf 81' lang='lat' dir='ltr'><strong>occupavit:</strong></span> <span class='ocrx_word' id='word_1_251' title='bbox 1493 3097 1526 3156; x_wconf 91' lang='lat' dir='ltr'><strong>in</strong></span> 
     </span>
     <span class='ocr_line' id='line_1_30' title="bbox 338 3189 1525 3275; baseline 0.001 -22"><span class='ocrx_word' id='word_1_252' title='bbox 338 3212 399 3273; x_wconf 93' lang='lat' dir='ltr'><strong>qna</strong></span> <span class='ocrx_word' id='word_1_253' title='bbox 416 3192 605 3275; x_wconf 86' lang='lat' dir='ltr'><strong>expeditione</strong></span> <span class='ocrx_word' id='word_1_254' title='bbox 623 3212 678 3274; x_wconf 90' lang='lat' dir='ltr'><strong>pro</strong></span> <span class='ocrx_word' id='word_1_255' title='bbox 695 3212 765 3273; x_wconf 81' lang='lat' dir='ltr'><strong>rege</strong></span> <span class='ocrx_word' id='word_1_256' title='bbox 779 3211 833 3251; x_wconf 92' lang='lat' dir='ltr'><strong>suo</strong></span> <span class='ocrx_word' id='word_1_257' title='bbox 846 3189 976 3273; x_wconf 88' lang='lat' dir='ltr'><strong>gloriose</strong></span> <span class='ocrx_word' id='word_1_258' title='bbox 989 3190 1138 3253; x_wconf 88' lang='lat' dir='ltr'><strong>occubuit.</strong></span> <span class='ocrx_word' id='word_1_259' title='bbox 1181 3190 1373 3253; x_wconf 82' lang='lat' dir='ltr'><strong>Duodecimn</strong></span> <span class='ocrx_word' id='word_1_260' title='bbox 1391 3192 1525 3254; x_wconf 85' lang='lat' dir='ltr'><strong>Edvardi</strong></span> 
     </span>
     <span class='ocr_line' id='line_1_31' title="bbox 340 3286 1526 3370; baseline -0.001 -18"><span class='ocrx_word' id='word_1_261' title='bbox 340 3291 459 3353; x_wconf 86' lang='lat' dir='ltr'><strong>Butleri</strong></span> <span class='ocrx_word' id='word_1_262' title='bbox 478 3291 586 3370; x_wconf 89' lang='lat' dir='ltr'><strong>equitis</strong></span> <span class='ocrx_word' id='word_1_263' title='bbox 608 3289 704 3351; x_wconf 90' lang='lat' dir='ltr'><strong>aurati</strong></span> <span class='ocrx_word' id='word_1_264' title='bbox 723 3288 762 3349; x_wconf 89' lang='lat' dir='ltr'><strong>de</strong></span> <span class='ocrx_word' id='word_1_265' title='bbox 784 3286 931 3369; x_wconf 87' lang='lat' dir='ltr'><strong>Grangia.</strong></span> <span class='ocrx_word' id='word_1_266' title='bbox 982 3287 1112 3348; x_wconf 87' lang='lat' dir='ltr'><strong>Decima</strong></span> <span class='ocrx_word' id='word_1_267' title='bbox 1132 3288 1219 3349; x_wconf 87' lang='lat' dir='ltr'><strong>tertia</strong></span> <span class='ocrx_word' id='word_1_268' title='bbox 1242 3287 1389 3350; x_wconf 84' lang='lat' dir='ltr'><strong>Richardi</strong></span> <span class='ocrx_word' id='word_1_269' title='bbox 1410 3289 1526 3351; x_wconf 88' lang='lat' dir='ltr'><strong>Butleri</strong></span> 
     </span>
     <span class='ocr_line' id='line_1_32' title="bbox 338 3382 1525 3467; baseline 0.001 -21"><span class='ocrx_word' id='word_1_270' title='bbox 338 3386 447 3467; x_wconf 88' lang='lat' dir='ltr'><strong>equitis</strong></span> <span class='ocrx_word' id='word_1_271' title='bbox 466 3386 561 3446; x_wconf 88' lang='lat' dir='ltr'><strong>aurati</strong></span> <span class='ocrx_word' id='word_1_272' title='bbox 578 3385 617 3447; x_wconf 94' lang='lat' dir='ltr'><strong>de</strong></span> <span class='ocrx_word' id='word_1_273' title='bbox 637 3383 812 3446; x_wconf 85' lang='lat' dir='ltr'><strong>Bansichio.</strong></span> <span class='ocrx_word' id='word_1_274' title='bbox 853 3382 970 3453; x_wconf 87' lang='lat' dir='ltr'><strong>Quarta</strong></span> <span class='ocrx_word' id='word_1_275' title='bbox 987 3383 1106 3444; x_wconf 88' lang='lat' dir='ltr'><strong>decima</strong></span> <span class='ocrx_word' id='word_1_276' title='bbox 1124 3383 1252 3445; x_wconf 91' lang='lat' dir='ltr'><strong>Domini</strong></span> <span class='ocrx_word' id='word_1_277' title='bbox 1268 3383 1391 3446; x_wconf 73' lang='lat' dir='ltr'><strong>Thomas</strong></span> <span class='ocrx_word' id='word_1_278' title='bbox 1404 3384 1525 3447; x_wconf 86' lang='lat' dir='ltr'><strong>Butleri</strong></span> 
     </span>
     <span class='ocr_line' id='line_1_33' title="bbox 338 3480 802 3546; baseline -0.017 0"><span class='ocrx_word' id='word_1_279' title='bbox 338 3482 465 3546; x_wconf 86' lang='lat' dir='ltr'><strong>Comitis</strong></span> <span class='ocrx_word' id='word_1_280' title='bbox 478 3482 573 3543; x_wconf 88' lang='lat' dir='ltr'><strong>aurati</strong></span> <span class='ocrx_word' id='word_1_281' title='bbox 586 3483 625 3544; x_wconf 93' lang='lat' dir='ltr'><strong>de</strong></span> <span class='ocrx_word' id='word_1_282' title='bbox 638 3480 802 3543; x_wconf 83' lang='lat' dir='ltr'><strong>Cloouova.</strong></span> 
     </span>
    </p>

    <p class='ocr_par' dir='ltr' id='par_1_4' title="bbox 337 3574 1523 3756">
     <span class='ocr_line' id='line_1_34' title="bbox 379 3574 1523 3659; baseline -0.001 -19"><span class='ocrx_word' id='word_1_283' title='bbox 379 3579 470 3641; x_wconf 88' lang='lat' dir='ltr'><strong>Nunc</strong></span> <span class='ocrx_word' id='word_1_284' title='bbox 488 3577 529 3639; x_wconf 86' lang='lat' dir='ltr'><strong>ad</strong></span> <span class='ocrx_word' id='word_1_285' title='bbox 543 3574 736 3658; x_wconf 88' lang='lat' dir='ltr'><strong>particulares</strong></span> <span class='ocrx_word' id='word_1_286' title='bbox 750 3574 878 3636; x_wconf 84' lang='lat' dir='ltr'><strong>familias</strong></span> <span class='ocrx_word' id='word_1_287' title='bbox 891 3574 1036 3654; x_wconf 89' lang='lat' dir='ltr'><strong>quasdam</strong></span> <span class='ocrx_word' id='word_1_288' title='bbox 1050 3574 1209 3648; x_wconf 90' lang='lat' dir='ltr'><strong>descendo,</strong></span> <span class='ocrx_word' id='word_1_289' title='bbox 1229 3575 1404 3658; x_wconf 77' lang='lat' dir='ltr'><strong>Heroiisque</strong></span> <span class='ocrx_word' id='word_1_290' title='bbox 1420 3578 1472 3659; x_wconf 92' lang='lat' dir='ltr'><strong>qui</strong></span> <span class='ocrx_word' id='word_1_291' title='bbox 1487 3600 1523 3641; x_wconf 84' lang='lat' dir='ltr'><strong>ex</strong></span> 
     </span>
     <span class='ocr_line' id='line_1_35' title="bbox 337 3670 1519 3756; baseline -0.002 -19"><span class='ocrx_word' id='word_1_292' title='bbox 337 3675 445 3737; x_wconf 90' lang='lat' dir='ltr'><strong>talibus</strong></span> <span class='ocrx_word' id='word_1_293' title='bbox 459 3682 669 3755; x_wconf 86' lang='lat' dir='ltr'><strong>provenerunt,</strong></span> <span class='ocrx_word' id='word_1_294' title='bbox 684 3692 719 3733; x_wconf 90' lang='lat' dir='ltr'><strong>ao</strong></span> <span class='ocrx_word' id='word_1_295' title='bbox 733 3671 868 3733; x_wconf 88' lang='lat' dir='ltr'><strong>surculos</strong></span> <span class='ocrx_word' id='word_1_296' title='bbox 881 3670 981 3751; x_wconf 88' lang='lat' dir='ltr'><strong>quiex</strong></span> <span class='ocrx_word' id='word_1_297' title='bbox 990 3670 1052 3731; x_wconf 84' lang='lat' dir='ltr'><strong>suis</strong></span> <span class='ocrx_word' id='word_1_298' title='bbox 1061 3672 1174 3752; x_wconf 92' lang='lat' dir='ltr'><strong>quique</strong></span> <span class='ocrx_word' id='word_1_299' title='bbox 1186 3672 1342 3734; x_wconf 86' lang='lat' dir='ltr'><strong>arboribus</strong></span> <span class='ocrx_word' id='word_1_300' title='bbox 1350 3686 1519 3756; x_wconf 88' lang='lat' dir='ltr'><strong>eruperunt,</strong></span> 
     </span>
    </p>
   </div>
   <div class='ocr_carea' id='block_1_3' title="bbox 0 0 1618 4700">
    <p class='ocr_par' dir='ltr' id='par_1_5' title="bbox 0 0 1618 4700">
     <span class='ocr_line' id='line_1_36' title="bbox 0 0 1618 4700; baseline 0 4"><span class='ocrx_word' id='word_1_301' title='bbox 0 0 1618 4700; x_wconf 95' lang='lat' dir='ltr'><strong> </strong></span> 
     </span>
    </p>
   </div>
  </div>
 </body>
</html>
