3225 4700
332 351 398 417 376
727 344 1140 414 ITINERARIUM.

332 505 408 564 lecta
422 501 487 562 suit.
529 501 571 562 Et
592 521 662 562 mox
680 503 849 564 executioni
864 501 1015 575 mandata,
1036 500 1094 561 hoc
1112 500 1174 561 fere
1191 498 1306 559 ordine.
1352 498 1377 558 l.
1402 495 1539 557 Sublimi
1592 485 1593 488 '

332 599 433 661 currui
453 598 627 680 imponitur,
646 608 677 660 et
698 599 737 659 ad
757 601 922 680 praesipuas
943 608 1070 678 quatuor
1093 597 1175 658 urbis
1196 597 1338 656 stationes
1358 595 1537 667 deducitur,

333 697 459 764 scilicet,
473 697 513 756 ad
526 696 631 766 altum,
649 697 731 776 quod
749 707 869 770 vocant,
890 696 1008 756 forum:
1030 696 1069 755 ad
1087 695 1244 756 stationem
1263 713 1331 772 quae
1351 693 1369 751 a
1387 691 1464 752 villa
1485 710 1539 750 seu

333 794 403 856 ared
415 793 506 854 habet
518 814 647 854 nomeu:
668 795 758 856 tertio
776 794 816 854 ad
831 813 897 854 eam
916 813 983 873 quae
1002 793 1120 852 ifovea
1139 791 1325 872 appellatur:
1348 809 1383 850 ae
1400 789 1538 868 denique

333 889 364 949 in
386 890 483 950 forum
503 911 626 951 novum.
670 890 776 952 Priuro
796 891 863 952 loco
883 889 1082 951 candentibus
1099 888 1272 969 forcipibus,
1288 886 1459 947 seeundum
1473 905 1539 944 ma-

334 988 448 1049 millam
469 989 620 1050 dexteram
641 999 686 1050 est
707 988 863 1062 ustulatus,
884 988 1017 1048 secundo
1038 997 1156 1047 exsecta
1180 996 1224 1046 est
1244 986 1261 1044 d
1284 985 1375 1045 dorso
1400 983 1481 1043 eutis
1507 993 1540 1042 et

334 1085 434 1146 caruis
446 1085 575 1167 oblonga
589 1106 666 1167 pars,
682 1085 770 1146 tertio
787 1086 896 1146 iterum
911 1083 1078 1145 secundum
1094 1082 1258 1144 mamillam
1274 1082 1428 1142 sinistram
1444 1081 1537 1141 adus-

333 1193 400 1257 tus3
422 1190 527 1262 quarto
543 1182 661 1242 taudem
676 1182 736 1242 alia
749 1203 818 1263 pars
838 1183 992 1261 &corpore
1011 1181 1143 1241 rescissa.
1181 1182 1211 1240 2.
1234 1180 1262 1238 E
1275 1198 1366 1238 curru
1380 1178 1537 1258 depositus

333 1277 427 1337 tralrae
440 1288 486 1337 est
498 1277 639 1358 alligatus
657 1278 723 1354 (ubi
743 1277 924 1339 exclamavit
937 1275 1080 1337 distincti
1093 1296 1177 1349 voce,
1194 1274 1223 1335 0
1245 1275 1339 1346 Deus,
1353 1273 1409 1352 qui
1427 1294 1489 1333 non
1504 1294 1537 1332 sa

335 1385 431 1448 natus,
448 1375 587 1434 miserere
607 1376 682 1451 mei)
700 1386 789 1456 atque
807 1376 847 1436 ad
860 1372 999 1454 supplicii
1018 1373 1118 1433 locum
1139 1381 1314 1453 protractus.
1357 1374 1386 1430 3.
1411 1370 1536 1451 Lingua

334 1472 392 1532 fuit
404 1482 532 1533 exsecta.
566 1475 596 1532 4.
621 1473 753 1534 Dextera
765 1481 930 1552 amputata.
966 1473 996 1530 5.
1017 1468 1158 1530 Pendulo
1171 1469 1202 1528 in
1217 1479 1327 1528 terram
1341 1487 1469 1548 corpore
1485 1488 1536 1547 pe·

335 1569 424 1629 dibus
437 1588 608 1648 suspensus,
622 1589 659 1629 ac
672 1568 803 1648 denique
817 1578 949 1628 exustus.
993 1566 1133 1627 Perstitit
1146 1566 1227 1637 verb,
1242 1575 1275 1624 ut
1289 1564 1418 1634 dixerat,
1435 1565 1466 1623 in
1482 1565 1535 1624 ob·

334 1665 527 1727 stinatissimd
548 1665 713 1747 pertinacia
735 1686 789 1726 sua
809 1664 956 1745 usquead
975 1674 1141 1725 extremum
1161 1661 1311 1743 spiritum,
1333 1681 1389 1721 nec
1408 1661 1533 1722 modum

333 1762 525 1843 blasphemiis
542 1763 701 1843 egerendis
718 1762 819 1843 posuit
833 1763 890 1822 nisi
909 1782 978 1822 cum
993 1761 1074 1828 vita3
1096 1759 1171 1820 adeo
1187 1768 1219 1819 ut
1237 1759 1344 1819 merito
1364 1757 1453 1818 multi
1471 1778 1534 1819 arn-

334 1861 449 1942 bigant,
465 1880 505 1919 an
527 1859 643 1940 uspiam
665 1861 703 1920 ab
720 1859 804 1920 omni
824 1858 980 1920 hominum
999 1856 1144 1917 memoria
1159 1855 1269 1916 similia
1287 1854 1366 1915 facta
1380 1866 1434 1916 aut
1450 1855 1534 1915 dicta

333 1957 404 2018 siut.
449 1957 532 2016 Dum
548 1955 725 2036 plecteretur
735 1958 818 2018 cives
828 1958 883 2017 sub
894 1965 1022 2036 quatuor
1034 1953 1130 2034 signis
1143 1953 1249 2013 armati
1263 1962 1340 2014 stare
1350 1952 1532 2025 debuerunt,

334 2054 443 2133 quibus
456 2053 560 2113 addita
573 2052 702 2114 Caesaris
715 2054 862 2123 custodia,
875 2062 907 2114 ut
920 2060 1038 2112 caveret
1052 2048 1155 2131 populi
1169 2057 1199 2109 et
1211 2049 1412 2111 studiosorum
1429 2061 1535 2109 contra

333 2151 356 2211 J
359 2151 461 2212 udaeos
473 2150 614 2222 furorem,
628 2150 680 2229 qui
694 2149 776 2210 aliud
788 2169 848 2210 non
863 2148 1009 2209 ardebant
1022 2165 1111 2226 quarn
1126 2153 1161 2205 ut
1174 2164 1227 2224 pro
1240 2143 1328 2206 libitu
1341 2143 1450 2205 saevire
1466 2165 1534 2225 pos·

334 2243 443 2305 sentin
459 2242 649 2303 maledictam
665 2242 863 2304 Hebraeorum
880 2251 1011 2324 gentem.

376 2340 560 2401 Luctuosum
574 2360 694 2420 quoque
711 2352 742 2400 et
761 2339 838 2401 illud
857 2338 924 2412 fuit,
944 2337 1026 2419 quod
1044 2335 1181 2401 Coloniae
1197 2337 1358 2421 contigisse
1375 2347 1530 2403 certorum

334 2437 491 2499 homiuum
515 2436 658 2498 relatione
679 2438 805 2517 accepi:
835 2436 990 2497 habitabat
1011 2436 1042 2495 in
1069 2434 1177 2496 Platea
1201 2435 1455 2499 Eichelsteiniaua
1484 2439 1532 2499 vir

333 2535 430 2595 bonus
453 2546 483 2595 et
504 2544 613 2607 rectus,
637 2534 761 2615 opificio
780 2543 887 2608 sartor,
909 2530 1036 2593 fortunis
1060 2530 1168 2605 tenuis,
1191 2532 1279 2612 eujus
1303 2553 1378 2594 uxor
1398 2555 1471 2595 cum
1495 2556 1531 2595 ex

334 2631 439 2691 morbo
452 2632 583 2692 insanire
601 2631 748 2711 coepisset,
765 2630 895 2691 multdm
915 2628 1072 2700 laboravit,
1086 2638 1121 2688 ut
1139 2628 1337 2709 undequaque
1352 2633 1532 2712 opportunis

335 2727 442 2788 mediis
452 2728 638 2808 conquisitis,
648 2728 779 2808 juvaret.
824 2726 887 2788 Hie
898 2746 1032 2807 egressus
1042 2724 1205 2805 aliquando
1215 2727 1277 2787 uta
1290 2726 1533 2810 Pharmacopeio

334 2824 482 2886 caloribus
495 2824 698 2905 temperandis
714 2824 881 2886 remedium
900 2822 1028 2896 afferret,
1047 2822 1159 2883 diutius
1173 2824 1317 2899 emansit3
1341 2824 1460 2885 interim
1476 2826 1532 2886 foe-

335 2922 417 2982 mina
430 2923 449 2981 a
462 2932 560 2982 mente
574 2921 672 2981 aliena
685 2921 737 2981 ubi
751 2922 867 2982 notavit
880 2921 980 2981 virum
993 2920 1083 2981 domo
1096 2920 1208 2996 abesse,
1224 2921 1301 2983 lecto
1318 2944 1349 2984 se
1369 2924 1488 2995 attollit,
1503 2936 1531 2984 et

334 3030 470 3100 correpto
493 3018 601 3093 cultro,
624 3018 739 3079 duabus
758 3038 833 3099 quas
852 3017 980 3079 habebut
1001 3016 1141 3098 prolibus·
1154 3018 1215 3079 suis
1236 3019 1344 3081 incidit
1366 3018 1480 3079 collum
1500 3030 1530 3080 at

334 3127 439 3199 guttur
453 3116 620 3198 praesecuit,
635 3134 670 3175 ac
684 3135 756 3175 mox
775 3114 1033 3196 supervenientem
1047 3114 1189 3175 maritum
1203 3114 1309 3177 iisdem
1322 3116 1412 3177 armis
1425 3136 1528 3197 aggre·

334 3214 427 3283 ditur,
442 3213 569 3273 similem
584 3212 612 3272 ei
626 3210 745 3271 illatura
755 3209 875 3293 plagam
890 3209 950 3269 nisi
964 3209 1147 3271 validissime
1161 3231 1192 3272 se
1205 3212 1400 3293 opposuisset,
1415 3234 1451 3273 ac
1465 3224 1528 3275 tan·

334 3312 404 3372 dam
418 3312 434 3371 e
450 3309 587 3370 munibus
600 3308 702 3370 uxoris
715 3307 790 3390 fuga
800 3308 952 3368 evasisset.

376 3408 438 3471 Sub
455 3407 635 3488 vigesimum
653 3415 795 3486 quartum
816 3404 997 3465 Novembris
1017 3402 1215 3465 Stockholmii
1236 3405 1316 3465 iutra
1332 3405 1482 3467 decimam
1500 3416 1528 3467 et

334 3505 527 3566 undecimam
541 3503 638 3563 noctis
652 3502 684 3561 in
698 3522 767 3563 arce
778 3500 955 3562 incendium
973 3510 1016 3562 est
1031 3510 1140 3573 ortum,
1155 3502 1238 3582 quod
1250 3521 1315 3562 eam
1329 3514 1455 3583 partem,
1470 3523 1527 3583 qua

334 3599 610 3662 Armamentarium
620 3606 753 3661 ereetum
763 3606 818 3671 est,
829 3617 947 3658 omnem
961 3597 1138 3678 absumpsit,
1148 3618 1184 3658 ac
1195 3598 1251 3659 nisi
1265 3600 1381 3660 fortiter
1389 3600 1526 3661 obstitum

334 3698 446 3773 inisset,
458 3707 489 3759 et
499 3695 686 3757 intermediae
696 3695 804 3756 domus
815 3714 936 3771 eversae,
950 3694 1032 3756 haud
1045 3694 1138 3757 dubie
1147 3704 1239 3757 totam
1252 3696 1407 3758 invasisset
1420 3716 1525 3759 arcem
