3225 4700
477 302 888 395 ruruusseruu.
1213 308 1279 374 ιιι

68 456 180 517 ceeait.
222 454 444 517 Litoiueritium
462 475 581 537 quoque
600 455 782 519 Banniriaui
801 458 938 519 deserere
955 456 1051 519 coacti
1069 461 1141 517 sunt
1159 456 1279 518 defectu

68 572 220 628 annonae,
243 552 275 613 iu
296 552 429 615 discessu
449 552 521 615 inde
536 562 669 664 pontem·
680 552 818 635 ligneum
837 552 962 615 incendi
985 551 1082 615 veluit
1102 552 1279 626 Baunirim,

69 649 251 730 multosque
266 649 435 731 praecipuae
440 649 626 713 auctoritatis
638 650 720 713 viros
733 660 795 711 tam
809 648 1040 711 Ecclesiasticus
1050 669 1142 731 quam
1152 650 1280 712 sacula-

70 766 126 807 res
140 747 277 828 captivos
290 744 425 805 abduci
411 744 513 825 Juseit.
1058 784 1061 789 -

120 842 233 903 Mense
255 840 369 903 Martio
390 850 453 903 teta
471 862 563 923 prope
585 840 708 922 Europa
727 842 880 923 tympanis
899 850 929 903 et
946 789 1026 904 tubis
1045 843 1280 924 perstrepebant,

71 958 137 999 nec
152 946 220 1000 erat
233 956 324 1018 prope
339 936 470 1019 angulus
484 938 536 999 ubi
550 938 590 999 ad
602 958 686 998 arma
699 959 760 998 non
776 938 1028 1011 conclamabatur
1040 939 1176 1001 universr
1166 940 1283 1001 Prin-

73 1035 166 1117 cipes
185 1034 225 1095 sd
238 1033 345 1097 bella
336 1054 368 1095 ru
387 1034 555 1115 proximam
568 1044 703 1097 estatem
714 1056 836 1097 aemma
853 1056 924 1097 cum
935 1054 1011 1097 cura
1027 1056 1059 1096 ee
1073 1036 1281 1117 disponebant.

74 1130 201 1213 Anglia
224 1150 293 1191 curn
318 1128 421 1191 Sectis
440 1130 528 1213 signa
550 1129 685 1193 consens
712 1132 848 1213 parabat,
877 1132 1028 1214 Hispania
1052 1131 1230 1193 Hellandire
1244 1144 1282 1195 ·et

74 1226 210 1289 Francis
221 1226 366 1289 obsistere
379 1227 430 1306 qul
445 1236 544 1308 posset
560 1228 638 1289 serio
656 1228 866 1291 meditabatur.
907 1227 1037 1290 Francia
1048 1250 1143 1292 norm
1155 1230 1279 1311 expedi·

74 1324 179 1385 tiones
192 1324 224 1385 in
239 1324 362 1405 Italiam
376 1322 565 1394 moliebatur,
579 1332 772 1404 ueteresque3
793 1345 857 1405 per-
867 1324 1063 1387 Germaniam
1083 1326 1186 1408 copias
1199 1347 1282 1389 novo

75 1420 218 1483 subsidio
234 1440 345 1502 augere
367 1420 496 1481 volebat.
538 1420 683 1503 Belgium
707 1430 740 1483 ut
764 1420 991 1483 Hcllaudorum
1016 1423 1130 1485 infecte
1156 1422 1283 1484 consilia

76 1526 231 1579 everteret
239 1516 438 1591 consultabat,
456 1516 624 1579 Hollundia
632 1516 768 1579 Classem
773 1517 915 1599 propitiis
924 1519 1022 1581 ventis
1033 1521 1282 1583 committendum

78 1614 303 1688 concinnabat3
324 1633 455 1688 summa,
468 1632 574 1675 omnes
587 1612 784 1695 cogitationes
796 1612 829 1674 iu
846 1613 880 1675 id
896 1634 992 1675 uuum
1008 1614 1227 1697 dirigebantur,
1247 1626 1283 1679 ut

78 1711 212 1792 quisque
226 1710 304 1771 hosti
317 1730 371 1771 suo
384 1709 520 1791 superior
532 1708 709 1782 efficeretur,
726 1730 762 1771 ae
780 1708 924 1792 praeclara
936 1709 977 1771 de
991 1709 1123 1772 inimicia
1140 1720 1285 1776 statueret

77 1807 230 1889 trophaea.
272 1806 384 1870 Gallus
403 1806 525 1889 insuper
544 1805 684 1868 omnibus
704 1806 904 1869 Generalibus
918 1826 956 1867 ac
976 1806 1184 1869 Mareschallis
1203 1809 1283 1870 serio

80 1913 282 1985 praeeperat,
303 1922 357 1985 per
377 1910 471 1965 totam
494 1903 656 1965 Franciam
678 1924 869 1966 numerosum
889 1902 1075 1965 conscribere
1090 1903 1228 1977 militem,
1250 1915 1286 1966 ut

79 2011 215 2062 exeunte
228 2020 298 2062 rere
317 2020 388 2061 eum
408 2009 535 2081 quatuor
552 1999 661 2061 validis
678 2000 859 2061 exercitibus
876 1999 957 2061 exire
969 1999 1004 2061 in
1019 2020 1160 2081 campum
1173 2010 1284 2082 pcesot.

82 2096 158 2158 Nec
180 2096 238 2159 sibi
259 2096 379 2178 suisque
399 2098 488 2159 rebus
508 2096 613 2159 deerat
632 2096 665 2159 in
685 2097 777 2159 Italia
798 2097 867 2158 Rex
888 2096 1074 2171 catholicus,
1098 2094 1211 2177 quippe
1230 2096 1285 2177 qui

80 2214 148 2254 nou
163 2200 227 2255 erat
239 2192 368 2268 nescius,
382 2192 446 2255 illic
459 2193 518 2255 sibi
531 2193 679 2275 subjectas
692 2203 786 2255 terras
799 2192 945 2255 bellorum
957 2193 1038 2255 mole
1047 2192 1202 2275 petendas,
1214 2193 1284 2254 etsi
1414 2176 1419 2187 ⁸

81 2309 147 2371 qua
158 2287 225 2352 fieri
239 2298 338 2373 posset
351 2289 529 2365 obruendas,
545 2289 583 2350 de
591 2288 769 2352 ⁴defensioue
784 2288 948 2372 plurimum
961 2298 1027 2352 erat
1038 2286 1196 2362 sollicitae,
1204 2308 1285 2370 prae·

82 2388 175 2468 cipue
196 2397 298 2450 tamen
319 2387 494 2468 providebat
512 2387 761 2468 Luxenburgenei
783 2386 929 2462 Ducatni,
949 2386 983 2448 iu
1001 2405 1063 2467 quo
1080 2385 1287 2465 suspicabatur

84 2483 194 2546 Gallos
211 2483 370 2564 perdidam
384 2503 479 2564 nuper
499 2482 661 2544 fadusima
675 2492 774 2563 strage
788 2481 917 2564 gloriam
932 2482 1121 2563 quesituros,
1131 2480 1286 2542 Flandriae

84 2599 208 2662 quoque
222 2589 252 2641 et
263 2579 438 2642 Brabantiae
452 2578 613 2660 duplicatis
625 2578 738 2659 ubique
752 2579 900 2661 praesidiis
914 2578 1123 2660 prospiciebat,
1136 2576 1204 2637 loca
1214 2575 1286 2639 bino

85 2676 160 2738 iude
179 2676 291 2758 injuria
307 2675 376 2738 eceli
396 2675 503 2738 riuum
524 2695 618 2757 pausa
639 2676 836 2749 restaurabat,
854 2676 946 2757 idque
963 2675 1020 2737 boc
1039 2673 1203 2747 ardentius,
1224 2693 1287 2753 quo

84 2773 211 2835 videbat
224 2771 398 2835 Hollandoe
415 2772 603 2834 conscribere
622 2771 736 2854 cepisse
754 2781 863 2854 prater
876 2771 1042 2834 ordinarias
1059 2769 1162 2851 copiae
1172 2769 1288 2831 adbuc

86 2870 194 2931 decem
209 2868 342 2932 militum
357 2867 463 2942 millia,
479 2867 548 2930 etsi
562 2867 594 2928 in
608 2887 697 2948 quem
712 2867 804 2930 finem
818 2867 956 2930 nesciret.

129 2967 197 3028 Rex
212 2965 322 3028 Daciae
334 2965 474 3028 similiter
486 2985 557 3026 cum
571 2964 777 3027 selectissimas
791 2965 892 3046 copias
904 2965 978 3026 binc
996 2964 1069 3028 inde
1085 2965 1212 3046 sparsim
1225 2967 1288 3028 col·

86 3063 220 3146 legisset,
239 3071 381 3142 tutusque
399 3061 471 3124 eatis
490 3061 522 3122 in
541 3061 622 3124 sicco
638 3059 703 3123 eolo
722 3080 785 3122 esse
798 3060 953 3124 videretur
968 3061 1093 3122 anxiam
1109 3081 1231 3143 quoque
1245 3063 1286 3125 ed

18 3175 19 3190 ¹
88 3157 228 3222 aaralcm
242 3158 409 3222 exercitum
424 3157 594 3240 cogendum
607 3157 721 3240 adjecit
733 3159 881 3232 acimum,
893 3177 931 3233 ac
943 3177 1014 3220 mox
1032 3157 1185 3239 plurimas·
1193 3181 1288 3223 naves

90 3255 197 3316 Albim
222 3255 440 3337 Visurgimque
467 3273 619 3335 pererrare
644 3254 750 3329 uoluit,
778 3274 848 3336 quse
874 3254 1064 3316 occurrentia
1087 3266 1288 3320 mercatorum

88 3351 215 3433 navigia
227 3371 391 3432 eurumque
407 3371 521 3414 memes
534 3351 640 3414 sedulo
653 3352 872 3427 examinarent,
884 3350 1054 3432 teloniaque
1067 3367 1270 3436 exposcerem.

132 3447 184 3510 Ita
197 3447 290 3530 igitur
307 3449 396 3511 rebus
408 3448 544 3528 undique
558 3449 683 3510 turbatis
697 3449 760 3510 sola
774 3469 866 3530 prope
881 3448 991 3510 Suecia
1003 3449 1035 3510 iu
1047 3449 1193 3512 altissima
1206 3452 1289 3513 rire·

90 3546 142 3606 but
154 3563 240 3625 pace,
255 3545 479 3627 plurimumque
493 3545 644 3627 gaudebat
657 3553 688 3606 et
699 3545 906 3608 delectabatur
917 3554 980 3607 mm
994 3547 1145 3628 opulentis
1161 3547 1289 3608 Germa·

18 3641 19 3646 ’
92 3645 152 3710 aia
172 3643 331 3721 thessmis,
350 3655 477 3728 argento
496 3665 571 3706 aurs
588 3643 835 3728 supellectileqne
852 3645 984 3728 preciosa
1004 3657 1175 3709 exterorum
1192 3656 1239 3709 ter
1258 3655 1290 3709 et
