3225 4700
488 342 514 407 1
519 340 794 409 TINERARI
799 340 886 410 UM.
1222 343 1286 408 333

88 496 286 578 quampiam
308 505 435 559 mortem
455 507 617 580 oppeteret.
658 497 696 559 In
718 498 801 578 quod
821 498 894 559 dum
915 497 1074 574 incumbit,
1093 496 1184 559 ferale
1202 496 1285 559 thea-

88 601 175 654 trum
196 594 351 670 exoitatur,
375 595 406 655 in
434 615 495 675 quo
519 595 608 677 paulb
631 603 699 677 post
719 595 858 655 universo
879 594 945 655 orbi
971 594 1139 675 Hyberniae
1167 592 1283 656 Prorex

89 689 332 753 luculentissimo
340 692 511 753 testimonio
521 692 737 774 comprobaret,
747 712 783 752 ac
791 691 913 773 proprio
923 691 1068 773 sanguiue
1077 691 1284 766 subscriberet,

90 787 244 850 invidiam
257 789 388 851 ferarum
413 789 575 872 pessimam
599 789 690 851 etiam
711 808 792 849 nuuc
813 788 951 870 patulum
974 789 1082 849 rictum
1104 788 1285 851 innooeutiae

91 884 255 946 intentare.

135 980 242 1043 Illnxit
263 983 384 1045 tandem
404 991 554 1065 postrema
574 981 637 1056 lux,
658 1003 697 1043 an
714 982 800 1043 noxi
819 981 947 1063 glorioso
966 981 1133 1061 Hyberniae
1147 981 1286 1065 Proregi,

91 1078 217 1140 'l'homae
225 1078 337 1142 Comiti
346 1081 385 1142 de
393 1080 625 1162 Strafford,quae
634 1080 836 1142 innocentiam
844 1080 877 1139 in
886 1078 1128 1139 nocentissimum
1133 1077 1287 1160 judicium

92 1175 267 1251 adductam,
289 1176 477 1257 iniquissime
496 1178 676 1259 judicatam,
700 1197 737 1238 ac
760 1176 864 1238 mortis
886 1195 967 1236 ream
992 1174 1231 1248 condemnatam,
1255 1175 1288 1235 in

92 1292 226 1347 scenam,
239 1273 294 1335 sed
316 1274 410 1335 eheu!
432 1274 610 1349 luctuomm,
625 1274 812 1355 produceret,
827 1283 857 1335 et
874 1293 912 1333 ne
929 1280 1077 1353 spectator
1094 1271 1209 1335 abesset
1229 1281 1289 1335 tra-

93 1369 215 1450 godis,
234 1370 296 1431 unh
313 1392 383 1432 cum
401 1371 516 1432 Thema
533 1371 586 1451 qui
606 1370 686 1432 solus
703 1368 911 1452 catastrophen
933 1370 1058 1431 daturus
1079 1378 1153 1445 erat,
1169 1390 1288 1451 eompa-

92 1476 221 1527 ruerunt
241 1468 280 1528 de
294 1466 488 1530 Parlameuto
506 1469 565 1530 riri
584 1469 719 1551 primarii
739 1468 855 1539 decem,
869 1478 900 1528 et
919 1468 937 1527 e
955 1468 1045 1528 domo
1064 1467 1185 1548 quidem
1204 1490 1289 1552 supe-

92 1564 172 1625 riore
194 1585 257 1640 sex,
280 1586 318 1627 ex
340 1566 480 1627 inferiore
501 1576 601 1627 sutem
621 1574 760 1646 quatuor,
780 1574 890 1645 praeter
912 1561 999 1644 plura
1018 1563 1114 1625 millia
1136 1565 1175 1627 de
1196 1566 1288 1644 soece3

93 1660 214 1721 stabant
233 1662 265 1721 in
279 1662 368 1723 armis
381 1662 473 1735 cives,
487 1683 547 1723 nou
566 1663 649 1742 qnod
667 1670 839 1722 metuerunt
852 1660 964 1735 vincto,
978 1680 1017 1721 ne
1035 1681 1095 1741 qua
1113 1661 1289 1734 elaberetur,

94 1758 150 1838 qui
171 1758 249 1820 ultro
271 1761 413 1842 pergebat
428 1759 468 1821 ad
491 1767 629 1830 mortem,
652 1758 706 1821 sed
728 1778 767 1819 ue
790 1778 851 1838 qua
870 1757 1100 1819 tumultuaretur
1116 1760 1154 1820 ab
1171 1759 1219 1837 iis,
1237 1761 1291 1842 qui

96 1851 228 1934 Proregi
249 1851 400 1924 favebant,
427 1863 458 1914 et
478 1863 649 1934 exemptum
667 1852 758 1914 morti
776 1851 944 1915 voluerant.
985 1853 1141 1916 Transibat
1162 1868 1292 1918 armatos

95 1948 230 2024 inermia,
244 1949 314 2011 coeli
328 1958 359 2010 et
371 1950 502 2011 melioris
510 1951 580 2012 vitoe
595 1950 785 2025 candidatus,
794 1949 877 2032 pulla
889 1950 1013 2033 quidem
1023 1961 1115 2027 veste,
1127 1960 1158 2013 et
1170 1951 1292 2035 lugubri

94 2046 128 2107 iu
142 2055 252 2107 terram
265 2067 359 2128 usque
373 2047 524 2108 defluente
542 2047 653 2129 pallio:
674 2056 705 2108 et
725 2067 764 2108 ne
785 2056 865 2109 totus
883 2057 1035 2129 tegeretur
1054 2048 1148 2109 animi
1167 2049 1290 2126 candor,

94 2163 204 2205 manus
215 2145 416 2206 candidarum
427 2146 581 2206 notionum
592 2153 691 2219 testes,
702 2143 734 2203 in
746 2143 925 2206 chirothecis
935 2144 1115 2206 exhibebant
1123 2145 1292 2227 symbolum

96 2241 195 2302 niveae
211 2241 402 2316 sinceritatis,
420 2261 480 2321 qus
497 2240 602 2303 soetum
618 2241 740 2325 gerebat
754 2251 868 2321 pectus.
908 2241 1041 2303 Ventum
1055 2250 1119 2303 erat
1138 2243 1179 2303 ad
1193 2241 1293 2304 lunes-

96 2347 162 2399 tum
175 2359 296 2422 pegma,
309 2340 392 2420 quod
410 2359 471 2399 non
489 2338 600 2400 minori
612 2338 708 2400 animi
725 2336 913 2413 fortitudine,
928 2358 1018 2419 quam
1033 2337 1144 2420 pedum
1158 2348 1189 2400 et
1202 2338 1293 2401 totius

97 2436 233 2518 corporis
250 2436 465 2498 acceleratione
483 2436 680 2497 conscendit:
701 2444 791 2515 atque
812 2455 850 2495 ex
871 2435 996 2496 editiore
1017 2435 1085 2496 loco
1105 2436 1293 2516 frequentem

96 2533 273 2594 concionem
286 2533 541 2615 circumspiciens,
551 2531 716 2593 Christiani
729 2532 853 2592 oratoris
863 2540 961 2612 partes
973 2531 1111 2612 suscepit,
1123 2542 1153 2594 et
1166 2531 1295 2613 prolixa,

97 2630 153 2691 sed
169 2630 255 2712 gravi
272 2629 416 2703 oratioue,
430 2649 491 2710 qua
510 2628 715 2690 innocentiam
731 2647 818 2688 susm
836 2637 981 2690 assertum
999 2629 1071 2703 ibat,
1086 2629 1164 2689 mira
1180 2629 1294 2712 linguae

97 2727 335 2809 promptitudine
354 2727 414 2806 (uti
432 2727 480 2788 sir
498 2735 562 2787 erat
579 2724 732 2806 praecipua
749 2724 895 2806 praeditus
912 2725 1068 2800 facundia)
1086 2725 1294 2789 dissertissimd

96 2825 258 2906 peroravit.
299 2823 345 2884 Ut
357 2824 488 2904 primurn
498 2822 570 2884 verb
584 2821 675 2892 finiit,
683 2821 828 2902 tantisper
841 2842 911 2882 oum
924 2821 1162 2904 Archicpiscopo
1173 2823 1295 2904 Hyher·

98 2922 158 2982 niae
173 2921 204 2981 in
218 2941 320 3002 preces
331 2941 362 2982 se
372 2919 489 2995 effudit,
499 2940 535 2980 ac
548 2939 617 2979 mox
628 2918 867 2980 heiroumstante
876 2917 1070 2980 multitudine
1081 2918 1294 2981 humanissime

97 3019 150 3100 pia
165 3039 221 3098 pro
239 3018 340 3078 anima
357 3037 413 3079 sua
428 3015 582 3097 suffragia,
596 3016 786 3076 serenissima
804 3014 911 3090 fronte,
926 3015 1058 3096 expetiit.
1102 3016 1223 3077 Dehinc
1242 3017 1295 3078 de·

97 3116 195 3198 posito
207 3136 278 3177 eum
290 3115 412 3198 lugubri
425 3113 517 3196 pallio
529 3122 560 3176 et
571 3112 693 3174 thorace
705 3113 800 3187 luctu,
816 3122 960 3193 tanquam
973 3111 998 3172 si
1012 3112 1053 3172 ad
1065 3110 1175 3174 lectum
1189 3134 1295 3174 somno

98 3222 258 3274 vacaturus
276 3213 344 3284 iret,
358 3210 469 3273 collum
487 3211 621 3271 modeste
636 3209 812 3284 denudavit,
828 3217 858 3270 et
870 3219 962 3290 caput
975 3208 1007 3270 in
1021 3217 1173 3286 truncum,
1188 3212 1295 3273 usitata

97 3309 204 3390 patriae
217 3308 435 3370 cousuetudine
448 3306 622 3378 demissum,
636 3305 727 3367 unico
739 3306 792 3366 sed
806 3314 956 3387 postremo
969 3305 1032 3366 ictu
1045 3305 1195 3368 decretam
1210 3307 1296 3370 iuno·

98 3406 207 3468 ceutiae
220 3426 283 3466 suae
296 3405 427 3488 plagam,
442 3403 550 3464 librata
563 3402 595 3462 in
608 3403 721 3464 collum
734 3403 841 3477 securi,
858 3412 1045 3482 excepturus.

140 3502 244 3564 Macte
257 3503 369 3578 animo,
388 3519 531 3583 generose
546 3498 644 3580 pugil.
685 3497 763 3560 Haec
776 3509 848 3560 snut
861 3497 1001 3559 fidelitati
1015 3499 1034 3560 h
1047 3500 1161 3562 mundo
1175 3501 1297 3564 decreta

97 3601 234 3684 praemia,
248 3620 317 3681 qua
330 3599 529 3681 praeluserunt
547 3597 579 3657 in
597 3615 710 3678 magno
725 3595 779 3656 illo
793 3594 893 3672 Moro,
908 3595 975 3656 viro
992 3596 1049 3656 tibi
1063 3598 1250 3679 cognomine,
1266 3615 1297 3660 et

98 3718 218 3759 morum
231 3697 363 3758 caudore
372 3695 453 3757 haud
466 3694 591 3776 dispari,
601 3713 637 3754 ac
648 3693 767 3754 virtutis
781 3703 841 3754 tuae
855 3692 1095 3754 anteambulone.
1136 3694 1295 3777 Abrupisti
