3225 4700
482 364 929 436 ITINERARIUM.
1261 366 1304 428 83

77 514 206 579 cietutis
221 516 251 581 J
251 538 317 595 usu,
332 538 409 601 quos
421 539 548 602 semper,
562 528 717 603 totumque
731 520 923 596 Societatem,
937 528 972 582 ut
988 517 1068 581 filios
1084 518 1240 595 dilexerat,
1252 538 1306 599 pe·

76 623 247 677 rentutum
264 625 319 679 est.
362 616 533 679 Erexerunt
547 618 623 681 dicti
637 619 745 681 Patres
760 620 793 681 in
813 619 914 680 medio
933 618 1017 679 chori
1034 625 1104 681 ente
1121 616 1213 678 altare
1228 638 1305 699 prae·

80 712 214 794 eipuum
235 734 416 796 magnorum
432 722 605 795 sumptuum
622 723 813 792 structurum,
826 723 912 776 teuto
924 713 1045 776 Gaesure
1062 713 1198 796 dignum,
1213 733 1304 794 quem

80 819 223 871 cestrum
241 809 353 872 doloris
364 818 484 873 vocent.
514 811 606 873 Hunc
620 821 801 874 structurum
814 812 893 874 siout
905 820 935 873 et
949 820 1045 873 totum
1056 830 1160 872 recens
1172 819 1304 872 exstruo·

80 916 145 967 tum
168 906 338 988 templum,
358 917 424 971 stro
443 928 544 989 penno
560 909 724 971 vestierunt
742 918 1016 988 exornaveruntque
1034 906 1119 969 surii
1138 906 1255 988 picturb
1275 918 1306 969 et

79 1003 175 1064 docto
190 1004 392 1065 emblemate.
432 1004 517 1066 Dum
530 1006 603 1068 verb
615 1026 671 1067 nos
685 1006 717 1067 in
732 1003 901 1067 Frenoonib
913 1024 1079 1086 egeremus,
1094 1003 1203 1086 obtigit
1214 1002 1306 1086 Cupi·

81 1096 183 1161 taleis
197 1100 316 1163 nostris
331 1100 447 1176 Stevin,
463 1101 576 1164 Purcel
591 1112 622 1163 et
636 1102 803 1164 Gereldiuo
819 1102 852 1163 iu
867 1100 1011 1163 Fuldensi
1026 1099 1131 1162 Putrib
1147 1120 1251 1183 pegus,
1264 1102 1305 1163 ed

81 1217 177 1278 quem
188 1197 303 1259 rustici
315 1199 443 1260 trecenti
452 1198 821 1281 confluxeruntligonibus
829 1197 957 1278 ullisque
967 1196 1116 1259 similibus
1125 1197 1226 1272 umis,
1236 1217 1304 1277 qnae

82 1314 186 1357 mous
201 1295 341 1377 impetus
353 1296 462 1377 cuique
476 1295 577 1372 dubet,
592 1296 668 1357 bene
681 1295 820 1357 instructi
832 1303 867 1356 ut
880 1300 997 1354 nostros
1010 1293 1083 1354 illuc
1095 1294 1305 1376 appropiantes

80 1390 301 1471 prohiberent,
309 1393 349 1454 (le
359 1392 468 1473 quibus
477 1410 548 1455 oum
557 1393 744 1455 monuissent
753 1391 955 1467 Colonellum,
964 1389 1145 1453 Oroeterum
1154 1391 1305 1472 suppetias

82 1498 290 1570 acceperuut,
308 1488 341 1549 bi
359 1488 523 1551 obstinatos
541 1490 574 1551 in
592 1489 745 1573 proposito
761 1490 933 1561 cinxerunt,
951 1488 1062 1569 purtim
1079 1488 1303 1563 interfecerunt,

81 1584 202 1663 partim
212 1585 251 1645 in
261 1584 467 1667 captivitatem
480 1586 680 1663 abduxerunt,
693 1586 746 1667 qui
757 1594 858 1647 temen
871 1594 939 1665 post
947 1584 1175 1666 quatuordecim
1184 1585 1304 1647 dierum

83 1701 243 1759 carceres,
254 1682 399 1764 principis
414 1682 642 1765 Herbipolensis
656 1682 794 1765 precibus
808 1680 926 1743 dimissi
938 1689 1018 1742 suut.
1054 1682 1225 1743 Fruncones
1237 1682 1304 1763 qni·

84 1779 160 1841 dom
169 1779 316 1860 plerique
324 1787 396 1841 sunt
404 1778 566 1853 Outholiei,
577 1800 615 1842 ex
624 1780 662 1842 iis
673 1788 773 1840 tumen
787 1776 941 1859 proeoipue
950 1775 1089 1837 nobilitas
1100 1776 1306 1838 Lutherunum

86 1874 235 1956 sequitur
252 1876 373 1959 dogma.
415 1876 501 1938 Hirro
516 1886 616 1939 ortum
635 1882 670 1937 ut
683 1895 753 1938 oum
771 1894 868 1955 nuper
881 1871 1041 1934 Nobilium
1053 1872 1133 1933 bonu
1150 1871 1223 1933 fisco
1237 1872 1305 1935 Coe.

86 1974 165 2037 saris
178 1975 479 2051 transscriberentur,
495 1973 623 2036 Domini
635 1973 677 2034 ed
690 1972 840 2034 Seronem
855 1970 1048 2050 Succumqne
1060 1968 1242 2031 trunsieriut

131 2070 252 2133 Mense
265 2068 381 2133 Murtio
393 2078 478 2133 tuntu
490 2071 522 2132 in
534 2070 679 2133 Fuldensi
688 2068 823 2131 Abbstib
834 2067 894 2129 fuit
906 2086 1008 2128 rerum
1017 2064 1154 2127 omnium
1166 2066 1304 2146 penurie,

90 2176 127 2230 ut
139 2168 235 2249 equis
248 2178 279 2230 et
291 2166 417 2230 cunibus
430 2168 555 2230 mortuis
568 2188 629 2229 non
639 2166 848 2241 sbstineretur‚
858 2173 889 2225 et
897 2162 955 2225 boc
967 2162 1036 2225 loco
1047 2171 1148 2224 umen
1160 2172 1228 2244 post
1240 2171 1304 2225 tem

93 2264 181 2327 varia
193 2264 314 2328 Goesuri
326 2264 461 2346 praestite
476 2263 598 2327 servitis
612 2262 858 2344 Hyberneudum
868 2260 956 2322 nobis
970 2258 1040 2333 fuit,
1054 2278 1114 2320 non
1129 2260 1253 2340 quidem
1270 2261 1304 2323 id

93 2361 298 2445 Imperatoris
311 2362 342 2423 in
356 2371 472 2424 nostros
485 2360 716 2444 propensissimi
725 2359 888 2434 voluntate,
900 2358 954 2420 sed
966 2377 1071 2419 eorum
1084 2357 1194 2436 quibus
1205 2357 1304 2420 omnis

93 2479 169 2522 cure
181 2458 384 2522 committitur
395 2459 538 2540 pudendi
550 2457 677 2520 invidit.
719 2457 782 2519 Sed
797 2476 854 2519 uec
867 2454 917 2516 blo
933 2454 1058 2536 quidem
1073 2453 1128 2516 (lin
1142 2454 1304 2517 subsisten-

94 2557 172 2619 dum
183 2557 275 2618 nobis
283 2555 356 2631 fuit3
373 2555 430 2617 sub
439 2555 633 2617 undecimum
647 2554 728 2616 enim
739 2552 856 2635 Aprilis
867 2553 900 2614 in
911 2550 1054 2613 Hussiem
1063 2549 1180 2612 evocati
1189 2571 1303 2628 sumus,

96 2654 153 2715 ubi
166 2653 253 2716 verit
266 2653 285 2714 b
299 2651 420 2715 rusticis
437 2651 662 2728 insectabamur,
677 2651 785 2732 quibus
802 2658 903 2713 tumen
921 2667 1039 2730 semper
1056 2647 1223 2727 superiores
1240 2667 1304 2708 esse

96 2747 204 2810 coueti
218 2765 329 2807 sumus.
361 2745 422 2806 Die
435 2753 518 2806 sexto
532 2744 651 2806 decimo
665 2743 856 2828 Memingam
870 2748 1009 2807 venimus
1021 2745 1147 2806 duotore
1161 2743 1305 2807 Generuli

100 2845 231 2918 Geleen,
244 2843 310 2906 viro
323 2841 560 2904 mansuetissimo
572 2839 747 2925 Ooesurique
762 2861 905 2925 perquem
918 2842 1014 2919 fideli,
1027 2841 1099 2902 inde
1112 2851 1216 2923 postea
1229 2840 1304 2902 ulte·

98 2945 162 3009 rius
174 2946 211 3008 iu
226 2941 388 3006 Saxoninm
401 2942 551 3025 progressi
563 2961 676 3004 sumus.
