3225 4700
346 336 411 400 252
746 331 1153 400 ITINERARIUM.

348 507 384 548 ac
404 505 442 548 nc
461 485 624 570 gratuitam
646 485 840 568 Iegationem
860 485 1023 568 suscepisse
1042 507 1119 570 puer
1137 494 1290 570 argueret,
1314 487 1448 550 solidum
1470 489 1537 569 pacti

349 592 429 657 aunt,
444 592 474 644 et
486 582 686 644 exhibuerunt
703 603 757 665 pro
774 583 876 644 labore
893 582 1032 645 intineris
1050 585 1295 667 compensando:
1317 586 1420 646 vocati
1437 585 1480 646 nil
1495 587 1539 646 ed-

349 679 428 740 versi
442 687 607 740 metuentes
621 689 807 760 quantocyus
820 699 852 740 se
870 676 930 740 rioe
944 681 1149 753 committunt,
1163 681 1217 742 sed
1230 701 1296 742 non
1316 681 1414 743 multo
1430 692 1494 762 post
1507 703 1537 743 ex

349 777 466 839 insidiis
486 775 622 858 appetiti,
641 777 704 837 vite
723 785 893 838 exuuntur:
925 776 1045 838 attoniti
1064 778 1104 839 ad
1124 775 1181 838 hbe
1200 778 1412 859 spectaculum
1431 778 1537 849 accole,

348 880 441 934 totam
468 871 583 934 circum
606 871 751 934 viciniam
774 873 815 934 sd
837 875 1005 938 vindictam
1028 874 1171 950 excitant,
1197 895 1256 936 nec
1288 895 1377 937 mora
1400 876 1537 938 universos

352 969 457 1032 Sancti
478 969 616 1032 Severini
637 969 843 1031 Perochienos
859 981 1056 1054 congregant,
1077 990 1197 1051 unaque
1210 970 1243 1032 in
1262 970 1390 1032 sicarios
1406 971 1535 1052 impetum

350 1065 464 1127 faciunt
476 1085 580 1127 eorum
595 1065 794 1145 Capitaneum
810 1065 898 1128 Reck
908 1067 947 1128 ad
962 1066 1125 1128 triennium
1138 1068 1213 1128 urbe
1222 1067 1428 1148 proscribunt,
1439 1068 1487 1148 qui
1498 1079 1534 1128 ta·

349 1181 418 1223 men
432 1171 535 1245 postea
548 1171 653 1223 exacto
666 1162 767 1223 triduo
780 1162 881 1225 rediit.
924 1162 975 1224 De
988 1161 1045 1223 boc
1060 1183 1139 1224 novo
1154 1163 1289 1226 tumultu
1304 1172 1337 1224 et
1351 1163 1379 1224 si
1394 1162 1536 1225 Serenini·
1570 1212 1571 1217 ,

319 1250 322 1255 ’
348 1278 416 1320 mus
439 1257 645 1340 Archipraesul
668 1257 857 1321 Coloniensis
879 1269 956 1322 esset
979 1259 1089 1321 certior
1114 1260 1263 1335 redditus,
1290 1281 1353 1321 non
1378 1270 1474 1320 tamen
1497 1269 1536 1320 est

350 1355 464 1417 veritus
478 1356 632 1418 civitatem
650 1355 744 1428 adire,
767 1357 820 1419 nbi
838 1356 988 1418 indicibili
1005 1355 1112 1418 laetitia
1124 1367 1155 1418 et
1175 1355 1397 1418 acclamatione
1414 1355 1534 1416 omnium

352 1461 493 1533 acceptus
506 1461 561 1524 est,
575 1471 610 1512 ac
624 1451 763 1513 electioni
776 1455 909 1514 duorum
924 1472 1070 1514 nouorum
1088 1452 1258 1514 Consulum
1277 1452 1424 1524 interfuit,
1440 1451 1489 1532 qui
1503 1471 1534 1511 ex

348 1561 461 1610 secreto
473 1568 535 1609 suae
547 1549 721 1610 Serenitatis
732 1548 873 1612 Concilio
883 1549 1034 1629 desumpti
1044 1558 1125 1624 sunt,
1138 1547 1341 1630 unanimique
1352 1548 1534 1630 Magistratus

346 1653 378 1706 et
390 1645 503 1706 civium
516 1665 662 1707 consensu
677 1645 829 1708 Dominus
843 1646 932 1707 Dans
944 1657 975 1708 et
988 1645 1140 1707 Dominus
1154 1646 1255 1708 Blisie
1268 1643 1359 1707 electi
1371 1655 1448 1706 suut
1485 1642 1531 1701 Vi·

346 1740 461 1822 gesima
484 1741 609 1824 septima
632 1743 656 1804 J
658 1742 712 1804 ulii
734 1742 893 1825 proscripti
915 1743 978 1804 duo
998 1741 1175 1803 Plenevaux
1197 1762 1298 1824 nuper
1312 1739 1446 1816 Consul3
1472 1759 1532 1799 cum

346 1835 512 1917 Capiteueo
526 1836 614 1899 Reelr
628 1839 659 1899 in
674 1839 827 1900 mritawm
840 1839 1004 1914 redictum,
1024 1837 1064 1898 ad
1083 1859 1213 1919 quorum
1230 1839 1399 1900 adventum
1411 1835 1530 1917 plerique

346 1932 561 1995 sediciosorum
574 1943 605 1995 et
617 1934 866 1996 tumultuantium
879 1934 1014 1996 latibulis
1027 1955 1060 1996 se
1072 1935 1267 1996 abdiderunt

386 2029 505 2091 Eodem
518 2030 568 2092 die
583 2029 796 2092 Sereniseimus
812 2030 961 2112 Princeps
973 2049 1009 2091 ac
1025 2029 1291 2092 Eminentissimus
1305 2028 1427 2091 Elector
1438 2047 1473 2088 ex
1484 2044 1529 2084 suo

346 2129 476 2192 Pellatio
489 2132 530 2193 ad
542 2131 686 2194 Sanctum
701 2129 879 2192 Severinum
893 2150 925 2190 se
944 2130 1082 2206 contulit,
1102 2140 1137 2193 ut
1152 2130 1353 2192 sacrosancto
1372 2129 1471 2189 Missae
1484 2124 1529 2186 Sa·

346 2225 462 2289 orificio
476 2227 630 2289 interesset
641 2248 703 2309 qno
721 2227 752 2288 in
772 2227 839 2287 loco
857 2227 1005 2289 cadesam
1025 2228 1242 2310 Tanpierorum
1265 2226 1368 2288 Patris
1385 2223 1492 2286 scilicet
1504 2227 1529 2280 et

345 2323 417 2386 Filii
436 2324 612 2387 intimorum
632 2323 773 2388 Consulis
794 2321 984 2401 Plenevaux,
1004 2323 1024 2385 1
1043 2324 1215 2386 undecima
1235 2325 1332 2388 vidua
1349 2317 1528 2384 Sereuissimo

346 2423 454 2484 Elemo
469 2424 600 2485 Electori
612 2423 745 2485 exhibita
754 2432 844 2498 sunt3
866 2421 1048 2502 adquorum
1062 2421 1271 2503 spectaculum
1281 2442 1352 2483 cum
1367 2420 1397 2480 in
1410 2414 1528 2478 conferte

344 2519 539 2582 multitudine
552 2520 675 2601 quidam
689 2512 780 2581 etiam
793 2517 1015 2582 homicidarum
1026 2538 1059 2580 se
1071 2518 1250 2594 miscuisset,
1266 2519 1414 2580 cadavere
1423 2517 1527 2573 meante

344 2637 451 2679 cruore
467 2637 589 2679 manare
608 2625 762 2699 oeperunt,
780 2636 816 2677 ac
835 2616 1013 2698 sanguinem
1032 2616 1159 2678 sudaret
1182 2616 1353 2678 decaetero
1371 2612 1411 2673 ad
1431 2605 1525 2670 muultoe

344 2712 445 2775 adhuc
459 2714 524 2775 dies
537 2714 622 2797 ignee
636 2713 735 2777 festivi
749 2721 896 2774 arserunt.

385 2809 507 2871 Interea
527 2830 564 2871 ex
588 2808 736 2871 Bohemia
751 2828 812 2869 non
832 2808 940 2890 procul
957 2809 1041 2893 ligre
1058 2809 1099 2871 ad
1116 2808 1284 2871 exercitum
1306 2798 1490 2869 Picolominii
1509 2795 1526 2856 1

344 2906 523 2969 Marchiona
536 2908 576 2968 de
590 2906 714 2969 Caretto
727 2905 845 2966 eductio
858 2915 930 2965 sunt
942 2905 1056 2985 aliquot
1072 2906 1205 2967 militum
1220 2915 1341 2978 turmae,
1360 2921 1425 2984 quas
1441 2913 1525 2975 nuper

344 3004 377 3065 in
390 3004 502 3067 finibus
517 3002 684 3076 Bohemim,
700 3021 738 3063 ne
751 3019 812 3082 qua
824 3000 899 3061 forte
912 3000 1005 3063 hostis
1017 3002 1118 3064 denuo
1136 3002 1327 3084 irrumperet,
1346 3000 1451 3063 relicta
1466 2992 1521 3054 sue·

344 3110 432 3181 rant5
453 3120 571 3165 summa
583 3100 714 3161 militum
724 3098 790 3161 haec
804 3098 867 3159 fere
879 3097 948 3159 tuit

571 3198 702 3258 Pedites.
1185 3196 1324 3276 Equites.

343 3294 407 3357 Sub
420 3294 600 3357 Mambione
612 3294 650 3355 de
665 3292 797 3356 Csretto.
849 3294 918 3353 393.
961 3290 1026 3353 Sub
1040 3290 1168 3355 Pettari.

341 3392 406 3453 Sub
419 3388 599 3452 Mat-chione
613 3389 759 3451 Badensi.
870 3390 919 3449 79.
960 3388 1023 3450 Sub
1038 3386 1211 3471 Stilbergio.

342 3489 406 3552 Sub
419 3486 650 3549 Tieffenbacbio.
849 3488 921 3546 230.
964 3485 1027 3547 Sub
1042 3485 1205 3569 Spiegelio.

341 3585 405 3648 Sub
420 3586 541 3647 Baronc
553 3584 591 3645 de
606 3581 697 3663 Soye.
849 3584 921 3643 236.
963 3581 1028 3644 Sub
1044 3582 1218 3645 Hannibale
1233 3583 1385 3663 Gonngs·
1471 3567 1511 3625 ⁸9·

341 3682 405 3745 Sub
419 3682 509 3743 Duce
523 3680 692 3742 Florentiae.
853 3681 920 3741 110.
962 3677 1027 3739 Sub
1041 3676 1175 3742 Heister.
1455 3663 1510 3724 ¹32·
