3225 4700
339 340 397 400 llo
723 328 1124 399 ITINERARIUM.

333 494 508 559 sternerent,
518 483 568 547 vel
575 494 726 566 caperent,
736 486 857 567 qnodet
868 484 981 548 factum
994 493 1050 547 est
1085 484 1126 546 Et
1139 479 1400 565 licetdictslegio,
1411 484 1545 565 optimo

334 594 364 645 et
377 582 569 645 selectissimo
587 590 727 643 constans
744 582 874 653 milite,
865 582 937 663 rpsis
956 581 1117 643 duodecim
1134 564 1215 641 boris
1229 600 1300 641 cnm
1313 579 1397 642 hoste
1408 580 1545 641 fortiter

331 678 495 755 dimicbrit,
508 678 710 759 occideritque
723 698 793 739 cum
806 679 897 740 Vice·
898 678 1054 741 Colonello
1067 686 1098 739 et
1109 677 1204 737 tribus
1217 675 1389 757 Capitaneis
1401 686 1543 738 centum

333 777 453 839 circiter
467 784 497 837 et
509 774 618 857 viginti
632 782 693 836 tum
711 774 827 855 pedites
839 794 929 855 quam
945 774 1070 854 equites,
1084 792 1146 833 non
1158 773 1257 854 potuit
1270 784 1371 833 umen
1383 773 1542 835 adversa-

333 872 446 935 riorum
459 870 584 933 ulterius
597 870 732 931 resistere
746 872 897 951 potentiss,
910 890 964 931 sua
977 870 1069 952 igitur
1081 868 1193 931 vexilla
1204 868 1307 929 omnia
1319 888 1390 929 cum
1403 869 1541 931 univer*

333 968 375 1029 sis
389 966 611 1048 impedimentis
624 966 793 1046 relinquere
806 966 903 1028 coacti
915 975 995 1041 sunt,
1009 976 1041 1027 et
1052 966 1255 1047 captivitatem
1267 965 1366 1025 subire
1377 983 1441 1025 nnn
1453 984 1540 1027 cum

334 1063 454 1125 famulis
469 1063 609 1123 uxoribus
621 1071 651 1125 et
663 1062 764 1121 liberis
776 1062 814 1122 sd
829 1082 923 1122 unum
937 1082 1052 1133 omnes,
1064 1061 1129 1124 solo
1146 1061 1302 1124 Colonello
1314 1062 1437 1142 ejusque
1452 1081 1539 1129 con·

327 1162 415 1243 juge,
429 1161 482 1241 qni
495 1159 661 1240 opportune
677 1156 892 1218 Hannoveram
905 1159 1094 1239 negotiorum
1103 1157 1194 1219 causi
1204 1166 1407 1231 excurrerant,
1417 1176 1537 1236 excep-

332 1258 525 1337 tradtque
534 1255 568 1317 id
581 1255 636 1317 snb
649 1253 762 1315 exitum
772 1253 889 1334 Aprilis
901 1254 1030 1335 contigit
1037 1256 1077 1315 ad
1087 1274 1200 1337 pagum
1212 1254 1363 1333 quendam
1378 1251 1536 1313 Kleinen·

331 1353 467 1434 heydorn
481 1370 572 1431 prope
586 1348 757 1428 Neapolim.

372 1448 433 1509 Dis
447 1444 535 1507 tertii
547 1444 665 1507 decimi
679 1443 757 1507 Maii
770 1452 872 1507 nostro
884 1444 1042 1527 legionum
1053 1446 1172 1509 Comite
1184 1444 1236 1507 del
1246 1445 1380 1507 Maestro
1394 1400 1531 1527 Neapoli

333 1542 444 1625 oppido
457 1540 578 1623 egregie
593 1540 719 1615 munito,
731 1550 762 1602 et
774 1560 812 1601 ex
826 1540 888 1601 und
900 1551 983 1622 parte
999 1542 1092 1603 leina
1107 1542 1201 1603 fluvio
1214 1553 1289 1618 tuto,
1302 1544 1334 1603 in
1348 1542 1528 1604 comitatum

335 1636 668 1717 Schanmbnrgsnsem'
659 1638 785 1717 rngressi
798 1657 913 1699 sumus.
954 1638 1064 1700 Comes
1076 1638 1135 1699 loci
1147 1638 1229 1700 illius
1242 1639 1405 1713 Dominus,
1419 1638 1468 1699 vir
1480 1648 1531 1698 est

333 1734 363 1795 in
381 1733 485 1815 paneis
500 1740 679 1804 mansuetus,
695 1730 834 1808 sffsbilis,
854 1743 886 1795 et
900 1735 1004 1811 comis,
1024 1735 1077 1815 qui
1093 1754 1184 1815 quam
1201 1737 1298 1815 potuit
1312 1734 1530 1795 humanissimi

332 1849 386 1891 nos
399 1829 536 1909 excepit:
558 1829 606 1889 Ex
617 1828 707 1910 hujus
724 1829 853 1891 Comitis
865 1842 897 1893 et
910 1831 1035 1894 Ducum
1052 1832 1090 1893 de
1109 1830 1262 1893 Florentib
1274 1830 1406 1904 familiis,
1419 1830 1528 1893 Comi·

331 1936 375 1989 tes
390 1924 550 1989 Gersldini
565 1924 667 1986 Iberni
681 1945 765 1987 suam
779 1927 927 1991 deducere
942 1928 1085 1991 dicuntur
1097 1928 1255 2010 originem.
1299 1928 1418 1989 Interea
1431 1927 1526 1989 Sueci

331 2032 447 2085 nostros
461 2022 602 2095 animose,
614 2021 941 2103 ubicunquepotsrant,
950 2023 1096 2085 incessere
1110 2044 1170 2085 non
1184 2022 1373 2098 desistebant,
1385 2024 1529 2104 inprimis

329 2120 402 2181 verb
416 2136 520 2179 acrum
535 2117 692 2179 Generalis
706 2118 832 2201 Kingen
845 2120 929 2181 veria
940 2120 1124 2183 Caesarsauis
1136 2121 1248 2185 damna
1260 2119 1373 2181 intulit.
1413 2117 1529 2181 Calen-

330 2216 378 2277 dis
391 2214 415 2277 J
417 2214 481 2277 unii
496 2234 533 2275 ex
547 2214 700 2294 inopinato
714 2212 874 2277 classicum
890 2216 1006 2277 cantari
1022 2216 1149 2291 curavit,
1164 2226 1340 2295 nostrosque
1354 2215 1528 2296 inopinatos

331 2312 393 2374 imb
406 2310 468 2373 ferd
481 2310 643 2392 imparatos
655 2310 764 2387 obruit,
779 2310 947 2393 multosque
963 2332 1001 2374 ex
1012 2312 1195 2396 legionibus
1207 2311 1357 2377 colonelli
1372 2312 1479 2394 Bnray
1493 2324 1528 2374 et

330 2407 480 2473 colonelli
499 2407 644 2488 Iamboy,
660 2407 714 2488 qni
731 2406 842 2470 Verdae
859 2409 1065 2483 consederant,
1080 2409 1196 2472 stravit.
1238 2409 1392 2489 Deinceps
1411 2409 1525 2490 viginti

330 2493 448 2568 dierum
462 2504 593 2566 induciae
605 2504 683 2566 inter
696 2503 882 2567 Caesariauas
895 2515 926 2567 et
940 2506 1085 2568 Suedicns
1099 2515 1213 2568 tnrmss
1231 2507 1470 2580 intercesserunt,
1483 2506 1526 2566 ob

330 2602 413 2682 pacis
425 2601 539 2664 smdera
550 2620 618 2681 qum
631 2601 710 2662 inter
723 2602 864 2662 adversas
882 2610 981 2682 partes
993 2603 1115 2666 mactari
1133 2603 1320 2677 dicebantur,
1333 2601 1366 2662 iu
1378 2621 1471 2682 quem
1483 2601 1523 2662 fl·

330 2717 399 2761 nem
413 2698 432 2760 b
445 2698 565 2761 essars
578 2697 686 2760 Comes
703 2696 851 2760 Kurtzius
863 2718 934 2760 cum
952 2698 1020 2760 aliis
1034 2699 1215 2781 quibusdam
1234 2698 1428 2781 Imperatoris
1440 2698 1525 2760 Con·

328 2794 459 2869 silisriis,
475 2793 625 2856 Lnbecam
634 2793 746 2856 missus
758 2803 832 2870 erat,
844 2803 878 2854 ut
890 2795 930 2856 de
942 2795 1050 2858 mediis
1062 2795 1145 2876 pscis
1156 2796 1332 2877 opportunis
1343 2805 1375 2857 et
1388 2795 1525 2877 Imperio

329 2890 452 2952 utilibus
473 2889 630 2951 conferret.
673 2889 828 2952 Gellsssns
850 2891 971 2952 interim
991 2891 1023 2952 in
1049 2890 1204 2972 Hybernis
1224 2891 1286 2952 suis
1306 2891 1471 2954 Graborire
1489 2893 1523 2953 in

330 2985 453 3047 Ducatn
472 2984 736 3068 Mechleburgeusi
751 2985 939 3049 subsistebat.
981 2987 1093 3067 Elspso
1105 2987 1297 3052 induciarum
1312 2997 1455 3070 tempore,
1473 2989 1525 3050 die

328 3080 470 3144 vicesimi
484 3080 572 3144 sentit
584 3081 674 3144 lunii
691 3081 799 3144 Comes
812 3081 864 3143 del
883 3083 1017 3144 Moestro
1028 3093 1060 3144 et
1073 3082 1246 3146 Colonellus
1261 3084 1436 3156 Deveronx,
1449 3105 1524 3146 con-

324 3176 440 3256 junctis
457 3177 571 3240 viribus
586 3177 702 3240 hostem
722 3177 879 3254 invadunt,
896 3190 927 3240 et
946 3189 1054 3259 preter
1071 3199 1120 3240 eos
1137 3199 1213 3260 quos
1228 3181 1316 3242 morti
1332 3180 1525 3244 tradiderunt

327 3270 466 3332 sedecim
477 3271 508 3332 in
522 3274 723 3354 captivitatem
734 3278 904 3353 abducunt3
925 3277 1089 3340 adversarii
1095 3289 1195 3340 autem
1203 3279 1258 3358 qni
1266 3278 1369 3361 fugam
1379 3292 1524 3361 ceperant

329 3387 367 3430 ne
381 3366 470 3428 inulti
483 3368 670 3432 discederent
689 3371 972 3455 Luneburgensibns
986 3393 1079 3454 equos
1092 3372 1193 3456 plnres
1206 3375 1288 3436 furto
1300 3375 1520 3438 subduxerunt.

329 3463 420 3526 Circa
432 3464 537 3526 eadem
556 3474 689 3547 tempora
705 3469 835 3550 contigit
852 3489 913 3529 uon
930 3470 1031 3532 minna
1043 3471 1181 3553 jncnnda
1193 3493 1286 3552 qnam
1299 3492 1372 3534 vers
1383 3472 1518 3534 historia.

327 3559 400 3622 'l'res
420 3560 546 3640 equites,
568 3562 620 3642 qni
643 3565 784 3626 suberant
806 3564 949 3627 Genersli
973 3567 1104 3635 Bredarr
1126 3570 1143 3630 ὲ
1164 3569 1269 3630 castris
1289 3569 1380 3630 simul
1396 3570 1517 3650 egressi,

328 3657 428 3718 nescio
439 3677 499 3736 qua
512 3657 630 3721 fortuna
643 3661 673 3722 in
688 3681 740 3724 sex
753 3661 931 3724 adversariae
940 3661 1076 3744 legionis,
1090 3664 1229 3728 similiter
1241 3667 1355 3745 equites
1369 3669 1518 3747 incidunt,
