3225 4700
483 338 890 409 lTlNERARIUM.
1243 347 1286 412 33

71 491 260 566 Ducatum,
291 490 518 576 libertatemque
551 497 683 559 cudendi
716 518 839 560 auream
871 504 1101 581 argenteamque
1133 506 1284 560 monetam

69 589 220 670 peperit:
246 589 351 650 Sedet
364 599 426 651 tam
441 592 543 654 felices
555 613 707 655 successus
721 595 874 658 homiuem
887 596 1049 656 fastuosum
1061 595 1093 655 in
1110 595 1283 676 pudendam

71 693 107 746 et
129 685 299 746 obscenam
316 687 449 749 extultre
468 691 649 769 superbiam,
669 700 701 752 et
718 693 862 772 quoniam
883 692 982 753 studia
1000 691 1045 752 rei
1064 691 1200 752 militaris
1217 690 1283 771 ipso

73 781 180 842 Duce
194 782 350 863 vigebant,
366 804 470 846 omnes
488 807 580 868 prope
596 786 721 869 Imperii
735 789 856 849 ordines
870 789 926 850 sub
942 789 1007 870 ipso
1020 788 1136 849 bellicae
1148 787 1281 848 scientiae

72 879 264 940 rudimenta
282 880 437 943 addiscere
456 891 485 942 et
502 883 653 964 stipendia
670 884 767 946 facem
791 885 979 966 appetebant,
1000 906 1070 946 oum
1091 884 1163 945 verb
1184 883 1282 944 indies

72 974 217 1036 bonores
231 975 432 1038 infastuosam
440 979 538 1060 ipsum
545 981 714 1061 superbiam
726 982 823 1064 magis
832 981 987 1064 magisque
994 980 1153 1055 elevarent,
1164 988 1282 1042 tautum

73 1071 141 1132 sibi
158 1072 194 1132 in
210 1071 343 1154 Imperio
357 1075 502 1137 conflavit
514 1077 628 1153 odium,
644 1078 739 1138 utrix
752 1078 807 1140 ulli
821 1078 1002 1158 Principum
1011 1077 1119 1138 charus
1128 1086 1214 1151 esset,
1227 1075 1281 1137 sed

75 1176 110 1229 et
125 1167 255 1250 avulgo
265 1169 418 1252 despectui
428 1171 603 1234 haberetur:
626 1172 696 1254 lpse
708 1174 906 1236 nibilominus
914 1174 997 1235 omni
1009 1171 1126 1234 invidia
1134 1172 1280 1253 superior,

74 1265 141 1326 boc
165 1286 264 1328 unum
286 1269 394 1350 agebat
416 1280 450 1330 ut
471 1269 634 1331 militorum
655 1271 713 1332 sibi
737 1271 918 1352 Principum
938 1271 1064 1345 animos,
1084 1269 1134 1330 sel
1156 1266 1282 1329 occultis

75 1363 361 1428 machinationibus
374 1365 423 1428 vel
436 1367 545 1446 apertis
558 1367 649 1428 armis
662 1369 813 1430 subderet.

123 1460 196 1522 Hoc
219 1471 353 1543 tempore
375 1461 568 1524 clandestinis
590 1465 849 1544 procurationibus
872 1464 1041 1540 Gallorum,
1064 1474 1095 1526 et
1120 1461 1279 1524 Nobilium

77 1555 327 1620 Protestautium
341 1561 431 1640 (quos
444 1559 566 1634 vocant)
579 1580 632 1641 per
647 1560 855 1637 Germaniam,
869 1561 1016 1622 excitatur
1028 1561 1069 1622 ad
1082 1580 1167 1621 arma
1175 1568 1281 1620 contra

78 1652 241 1716 carmem
254 1655 445 1738 suscipienda
458 1656 623 1718 Succorum
633 1657 700 1717 Rex
715 1656 870 1718 Gustavua
879 1657 1051 1738 Adolphua,
1060 1657 1115 1738 qui
1127 1665 1279 1718 serentum

79 1761 219 1812 ratorem
246 1752 439 1835 Evaugelicae
464 1752 621 1828 libertatis,
647 1762 677 1815 et
702 1773 847 1836 maguum
874 1753 1053 1815 Generalem
1079 1773 1132 1813 seu
1159 1751 1278 1813 Ducem

80 1845 210 1928 Regum
230 1848 411 1910 Brittannia
433 1857 464 1910 et
485 1848 622 1911 Francius
640 1849 852 1929 nuncupabat:
887 1848 968 1908 unde
984 1848 1017 1907 in
1040 1846 1168 1927 imperio
1189 1866 1277 1908 novar

82 1943 186 2005 indies
198 1945 294 2006 turbu
306 1944 528 2006 excitabantur:
559 1945 677 2017 Quibus
690 1944 905 2026 componendis
917 1943 1021 2005 Cesar
1033 1943 1166 2004 Comitia
1178 1942 1279 2004 Ratis·

83 2039 199 2101 bonam
218 2041 339 2114 indixit,
363 2043 402 2102 ad
424 2061 492 2122 quus
513 2041 649 2104 omnium
667 2041 809 2103 ordinum
831 2050 861 2102 et
881 2040 1103 2121 provinciarum
1124 2047 1279 2122 magnates

84 2147 303 2210 convenerunt,
314 2137 366 2216 qui
378 2137 456 2198 iuter
465 2137 563 2220 prima
575 2147 733 2220 antequam
743 2139 783 2199 ad
795 2137 872 2198 ullas
882 2135 1075 2198 tractationes
1088 2136 1279 2210 accederent,

85 2231 350 2294 Walleusteinium
365 2232 510 2294 Dominio
525 2234 649 2296 militari
662 2234 754 2295 eximi
767 2234 935 2308 voluerunt,
950 2233 1049 2294 uarias
1061 2242 1166 2294 contra
1177 2231 1278 2314 ipsum

85 2329 288 2408 querimonias
307 2330 500 2393 adducentes.
542 2329 641 2402 Quam
664 2352 700 2393 ea
716 2352 763 2393 res
782 2329 897 2393 Caesari
917 2329 1064 2411 insperata
1080 2327 1171 2392 fuerit
1188 2327 1278 2391 facile

83 2435 127 2487 est
141 2426 239 2487 cuivis
251 2428 394 2508 prudenti
407 2428 549 2509 cogitare,
564 2448 599 2488 eo
612 2428 742 2489 maximi
758 2436 893 2509 tempore
900 2446 961 2507 quo
975 2426 1134 2507 imperium
1147 2424 1277 2505 amplius

85 2522 321 2602 periclitabatur,
351 2532 385 2585 ut
415 2532 517 2585 tamen
549 2524 667 2605 potiora
700 2522 780 2585 mala
812 2532 994 2604 precaveret
1022 2521 1276 2602 Principibusque

88 2618 213 2701 Imperii
224 2619 435 2699 obsequeretur
448 2620 554 2681 annuit
567 2620 700 2700 ipsorum
708 2619 795 2693 votis,
808 2618 1129 2698 Wallensteiniumque
1139 2618 1277 2678 militaris

86 2724 231 2795 potestate
248 2716 341 2778 exuit.
384 2716 485 2788 Quam
506 2716 652 2796 impedita
673 2736 710 2777 ex
727 2715 785 2775 hoc
802 2716 882 2776 facto
899 2735 998 2777 rerum
1016 2713 1192 2775 bellicarum
1211 2722 1276 2774 orta

85 2810 175 2871 fiuent
193 2810 330 2873 confusio
355 2833 415 2873 uon
439 2812 546 2874 attinet
571 2811 708 2893 pluribus
734 2812 887 2894 evulgare,
911 2812 977 2893 ipsa
1001 2810 1184 2892 experientia
1205 2830 1276 2869 mox

88 2906 207 2967 docuit:
238 2909 291 2987 qui
308 2909 390 2969 enim
405 2909 499 2991 ipsius
515 2908 581 2970 loco
597 2908 760 2970 exercitum
782 2909 892 2970 ducere
910 2908 1067 2982 debebant,
1082 2905 1130 2967 vel
1146 2906 1276 2967 dexteri·

87 3012 176 3064 tatem
199 3004 231 3064 in
254 3005 440 3085 providendo
464 3005 554 3067 militi
578 3015 745 3067 comeatum
768 3026 830 3067 non
849 3005 1009 3078 habebant,
1031 3003 1082 3064 vel
1102 3001 1210 3084 peritii
1232 3002 1280 3063 rei

88 3100 223 3161 militaris
236 3100 486 3178 destituebantur,
500 3102 549 3163 vel
563 3102 742 3163 sufficientes
756 3122 862 3183 parum
876 3109 961 3162 erant
973 3109 1034 3160 tam
1045 3099 1171 3160 diversis
1182 3097 1276 3181 legio·

88 3196 174 3257 uibus
186 3196 259 3257 binc
272 3198 343 3259 iude
357 3197 461 3279 procul
473 3200 613 3279 dispersis
627 3199 752 3280 imperia
765 3200 952 3261 distribuere.
994 3195 1113 3257 Unicus
1125 3206 1198 3257 tunc
1211 3205 1276 3256 erat

88 3290 210 3371 Tyllius,
233 3293 265 3353 in
283 3314 374 3374 quem
390 3294 525 3355 omnium
549 3294 630 3355 oculi
651 3296 912 3366 convertebantur,
932 3313 1023 3374 quem
1045 3292 1205 3374 Principes
1225 3292 1276 3353 isti

90 3388 202 3450 muneri
227 3389 342 3469 praefiei
368 3411 453 3471 posse
477 3392 596 3451 abunde
620 3390 763 3452 idoneum
786 3390 967 3466 credebant3
1002 3399 1065 3451 erat
1086 3387 1204 3469 tullius
1227 3389 1275 3450 vir

90 3485 206 3564 quidem
223 3506 325 3567 sagax,
341 3494 370 3547 et
388 3486 554 3547 sufficiente
572 3485 679 3568 peritii
692 3486 817 3547 militari
830 3486 1001 3561 instructus,
1015 3484 1118 3546 multis
1131 3505 1167 3546 eo
1180 3505 1275 3565 usquo

90 3582 217 3643 victoriis
235 3582 386 3664 probatus,
402 3582 456 3662 qui
470 3582 531 3643 una
548 3604 618 3644 cum
631 3583 733 3659 armis,
747 3582 815 3643 rarb
828 3582 958 3643 militum
972 3582 1118 3662 exemplo,
1132 3581 1274 3662 pietatem

92 3688 117 3741 et
134 3679 308 3762 religionem
327 3679 359 3740 in
379 3680 481 3741 Dauus
499 3680 712 3763 conjungebat,
727 3678 828 3760 ipsum
838 3687 939 3741 umen
955 3678 1135 3741 destituebat
1147 3676 1274 3738 auetori-

685 3796 703 3835 r
