3225 4700
317 295 384 362 404
721 289 744 355 I
749 287 807 356 l'I
813 287 1034 357 NERARI
1044 287 1131 359 ΠΜ,

258 498 266 515 .
323 448 434 522 stituit,
460 454 493 507 ut
513 446 554 508 ad
575 453 701 508 mortem
722 445 772 528 pie
793 453 824 508 et
843 445 944 527 quiete
967 446 1134 508 obeundam
1156 443 1267 506 rectius
1288 463 1320 505 se
1349 441 1551 524 disponeret.

328 546 409 606 Eum
425 543 457 604 in
470 543 564 604 finem
578 542 737 604 accersivit
745 563 836 624 qoem
849 544 999 605 hseoretis
1010 543 1067 605 sihi
1080 563 1145 605 esse
1158 542 1304 616 voluerat,
1315 540 1408 620 eique
1421 537 1551 599 ultimae

206 716 209 720 .
328 640 494 702 voluntatis
507 659 571 701 suas
585 639 765 702 documenta
777 638 894 701 calamo
905 639 1083 720 excipienda
1094 648 1125 701 et
1138 637 1251 700 chartoe
1261 635 1463 700 inscribenda
1477 654 1549 716 pro-

329 736 439 819 posuit.
479 735 732 818 Illaehdemqud
744 737 916 818 accepimus
929 736 1002 809 fide,
1016 735 1077 798 hilo
1090 735 1306 798 adscribemus.
1578 798 1579 822 χ

372 833 548 896 Ludovicns
556 833 617 894 Dei
626 833 724 916 gratia
733 833 801 896 Rex
811 833 949 896 Franoioe
959 843 989 895 et
1001 831 1233 904 Nasarrae,&c:
1255 829 1548 909 omnibuspraesen-
1578 823 1579 846 ¹

333 930 413 992 tibus
432 939 464 991 et
479 929 626 991 secuturis
643 930 770 992 mlntem
788 941 820 992 et
839 930 1078 1012 prosperitatem.
1121 929 1169 990 Ex
1186 948 1247 1009 quo
1264 927 1304 989 ad
1323 926 1414 1008 regni
1430 925 1549 1006 guber·

334 1025 444 1088 nacula
456 1025 571 1088 admoti
586 1047 701 1100 sumus,
716 1036 778 1088 tam
794 1027 957 1108 propitium
977 1046 1095 1108 semper
1107 1025 1244 1088 divinum
1261 1025 1411 1086 sensimus
1425 1043 1546 1082 numen

335 1133 370 1184 nt
381 1144 418 1184 ex
439 1123 579 1185 omnibns
598 1124 766 1185 actionibus
780 1124 890 1186 nostris
911 1124 976 1207 ejus
995 1123 1278 1204 bonitatemaperte
1298 1121 1479 1184 elucentem
1494 1139 1548 1200 sg-

337 1219 522 1281 noverimus.

375 1317 491 1378 Venlm
510 1317 590 1378 enim
612 1316 685 1380 verb
703 1315 773 1378 chm
797 1317 816 1379 h
836 1317 970 1400 pauxillo
990 1337 1084 1399 puero
1105 1317 1207 1379 nescio
1230 1315 1283 1398 qni
1310 1314 1437 1397 publica
1459 1315 1546 1395 pacis

336 1415 555 1497 perturbatores
572 1434 675 1475 summ
692 1415 889 1497 arripuissent
903 1415 1073 1476 communis
1094 1413 1329 1476 interturbandae
1347 1411 1475 1493 quietis,
1498 1431 1546 1471 eos

337 1531 407 1571 mox
426 1511 550 1571 dextera
570 1510 696 1571 Domini
715 1512 834 1588 evertit,
853 1512 1027 1595 priusquam
1045 1510 1103 1592 ipsi
1123 1510 1372 1593 tranquillitatem
1386 1509 1479 1591 regni
1502 1508 1545 1568 la-

337 1607 532 1681 befactarent,
547 1607 639 1688 idque
657 1607 791 1669 maximo
806 1618 907 1670 nostro
923 1608 1094 1680 commodo,
1108 1616 1139 1669 et
1152 1607 1295 1690 potentiue
1314 1615 1427 1667 nostrae
1443 1606 1545 1666 incre·

340 1713 452 1764 mento.
494 1703 562 1766 Nec
580 1703 677 1766 multb
696 1715 763 1786 post
776 1705 900 1767 modum
920 1725 991 1766 cum
1009 1703 1220 1766 hereticorum
1240 1704 1323 1765 furor
1340 1702 1372 1762 in
1385 1702 1478 1784 regni
1493 1722 1545 1783 po-

337 1799 467 1862 tissimas
480 1811 578 1882 partes
596 1811 627 1863 et
640 1802 811 1883 provincias
828 1802 1031 1864 debacchatus
1048 1811 1136 1878 esset,
1151 1821 1186 1862 sc
1202 1801 1395 1882 Majestatem
1410 1801 1544 1883 Regiam

337 1899 523 1979 supprimere
541 1897 753 1969 adlaborasset,
767 1919 838 1960 eum
857 1899 965 1960 nostris
985 1898 1118 1962 consiliis
1131 1898 1308 1960 dexteritate
1321 1907 1351 1959 et
1367 1897 1465 1958 armis
1480 1919 1546 1959 rna-

338 1995 405 2055 tnre
416 1994 633 2075 praesertimus,
648 2006 679 2056 et
690 1996 811 2058 veritati
824 1996 936 2058 eversis
950 1995 1050 2078 impiis
1062 1995 1322 2077 superstitionibus
1335 1995 1527 2078 subegimus.

381 2090 481 2151 Simili
495 2091 587 2152 modo
600 2111 671 2152 cnm
685 2093 820 2153 animum
834 2092 873 2152 ad
886 2113 970 2155 arma
983 2091 1195 2174 adjecissemus
1209 2111 1263 2172 pro
1281 2091 1402 2153 tuendis
1419 2111 1546 2174 oppres·

337 2188 379 2249 sis
392 2196 423 2248 et
440 2187 651 2249 oonfoederatis
669 2188 844 2260 nostrised
862 2188 984 2250 oculum
1005 2187 1246 2249 manifestissime
1267 2187 1402 2250 divinam
1425 2191 1544 2270 experti

338 2305 443 2346 sumus
452 2285 705 2361 benedictionem,
720 2285 842 2367 qusndo
857 2294 900 2347 tot
913 2305 968 2346 nos
981 2284 1066 2346 auxit
1079 2284 1224 2357 victoriis,
1235 2295 1270 2346 nt
1280 2283 1411 2347 hostium
1425 2299 1544 2350 nostro·

339 2402 406 2443 rum
430 2382 635 2464 arrogantiam
662 2382 774 2444 elidere
797 2402 961 2465 possemus.
1002 2382 1056 2443 Ad
1078 2392 1246 2443 extremum
1273 2403 1344 2445 cum
1370 2384 1543 2447 Galliarum

242 2522 246 2529 -
339 2498 467 2561 regnum
481 2487 548 2561 post
560 2490 688 2540 mortem
702 2490 835 2541 nostram
854 2479 1007 2540 uideretur
1022 2478 1147 2541 viduum
1161 2478 1332 2542 heredibus
1348 2489 1379 2543 et
1391 2502 1543 2545 successo-

339 2575 423 2637 ribus
448 2575 583 2637 futurum
607 2596 645 2635 ex
667 2576 832 2657 improviso
859 2575 1055 2637 afflictissime
1082 2576 1253 2638 valetudine
1281 2578 1356 2639 mihi
1383 2578 1543 2655 laboranti,

340 2670 463 2754 gemini
476 2670 559 2753 prole
572 2672 705 2734 maseuli
716 2693 771 2735 nos
784 2673 887 2735 beavit
899 2681 930 2735 et
940 2673 1035 2748 auxit,
1045 2694 1112 2754 quae
1123 2674 1249 2757 vestigia
1259 2684 1361 2737 nostra
1372 2690 1544 2758 premerent

340 2779 372 2831 et
384 2778 509 2850 paterna
516 2768 590 2850 jura
601 2778 767 2830 tuerentur.

384 2866 505 2927 Interea
517 2877 548 2926 et
561 2864 668 2926 divina
684 2864 846 2927 clementia
859 2885 914 2927 nos
928 2864 959 2925 in
974 2864 1215 2947 potentissimum
1231 2868 1362 2951 Europes
1374 2870 1540 2953 principem

340 2961 482 3043 elegerat,
497 2961 612 3043 placuit
624 2970 726 3022 tamen
740 2960 840 3023 eidem
855 2960 941 3022 nobis
953 2961 1111 3023 ostendere
1125 2964 1210 3044 mque
1230 2964 1358 3047 Regiam
1374 2966 1541 3048 Majeststis

341 3057 546 3120 conditionem
573 3056 713 3119 humanis
732 3057 887 3139 subjacere
907 3058 1075 3133 eventibus,
1097 3066 1128 3119 et
1150 3061 1359 3123 communibus
1384 3061 1538 3125 hominnm

342 3156 481 3230 miseriis,
500 3156 592 3238 quhm
609 3155 730 3217 infimos
746 3156 779 3217 in
797 3156 885 3239 plebe
902 3156 1108 3219 mediastinos.
1151 3156 1287 3237 Ideoque
1301 3178 1339 3220 ne
1356 3159 1434 3239 quid
1451 3182 1538 3242 supra

342 3252 478 3316 homines
486 3272 659 3335 saperemus
667 3252 768 3328 altius,
780 3252 927 3335 permisit,
937 3264 971 3314 ut
981 3252 1121 3315 humanis
1129 3252 1278 3335 periculis,
1288 3255 1417 3328 casibus,
1425 3266 1539 3318 etmor-

342 3349 448 3411 borum
461 3348 682 3411 calamitatibus
703 3348 831 3411 aliorum
850 3370 934 3411 more
947 3350 1119 3413 mortalium
1133 3350 1385 3413 submitteremnr.
1423 3352 1540 3427 Quibus

342 3446 422 3508 docti
440 3466 544 3507 sumus
561 3446 668 3528 quanti
686 3456 833 3508 nostrast
853 3446 945 3508 totius
966 3447 1052 3529 regni
1069 3447 1163 3509 nostri
1184 3467 1220 3508 ac
1239 3446 1430 3511 subditorum
1452 3451 1539 3513 inter-

342 3554 421 3604 esset
433 3554 468 3605 ut
481 3544 597 3604 mature
611 3543 644 3603 in
656 3564 778 3605 omnem
793 3543 862 3605 vite
876 3544 1038 3624 mortisque
1052 3554 1195 3609 eventum
1209 3546 1398 3627 prosperitati
1412 3556 1443 3609 et
1453 3548 1538 3610 saluti

341 3640 476 3701 omnium
490 3640 739 3723 prospiceremus.
