<?xml version="1.0" encoding="UTF-8"?>
<!DOCTYPE html PUBLIC "-//W3C//DTD XHTML 1.0 Transitional//EN"
    "http://www.w3.org/TR/xhtml1/DTD/xhtml1-transitional.dtd">
<html xmlns="http://www.w3.org/1999/xhtml" xml:lang="en" lang="en">
 <head>
  <title>
</title>
<meta http-equiv="Content-Type" content="text/html;charset=utf-8" />
  <meta name='ocr-system' content='tesseract 3.04.00' />
  <meta name='ocr-capabilities' content='ocr_page ocr_carea ocr_par ocr_line ocrx_word'/>
</head>
<body>
  <div class='ocr_page' id='page_1' title='image "./itinerariumthom00kerngoog_0595.png"; bbox 0 0 3225 4700; ppageno 0'>
   <div class='ocr_carea' id='block_1_1' title="bbox 477 372 1276 445">
    <p class='ocr_par' dir='ltr' id='par_1_1' title="bbox 477 372 1276 445">
     <span class='ocr_line' id='line_1_1' title="bbox 477 372 1276 445; baseline -0.01 -2"><span class='ocrx_word' id='word_1_1' title='bbox 477 379 500 443; x_wconf 94' lang='lat'><em>1</em></span> <span class='ocrx_word' id='word_1_2' title='bbox 509 377 885 445; x_wconf 81' lang='lat' dir='ltr'><strong><em>TINERARIUM.</em></strong></span> <span class='ocrx_word' id='word_1_3' title='bbox 1213 372 1276 436; x_wconf 89' lang='lat'>363</span> 
     </span>
    </p>
   </div>
   <div class='ocr_carea' id='block_1_2' title="bbox 9 528 1277 3722">
    <p class='ocr_par' dir='ltr' id='par_1_2' title="bbox 69 528 1274 1482">
     <span class='ocr_line' id='line_1_2' title="bbox 73 528 1274 610; baseline -0.002 -22"><span class='ocrx_word' id='word_1_4' title='bbox 73 528 151 589; x_wconf 91' lang='lat' dir='ltr'>Boii</span> <span class='ocrx_word' id='word_1_5' title='bbox 171 539 287 610; x_wconf 87' lang='lat' dir='ltr'>quanta</span> <span class='ocrx_word' id='word_1_6' title='bbox 305 531 362 591; x_wconf 90' lang='lat' dir='ltr'>sibi</span> <span class='ocrx_word' id='word_1_7' title='bbox 385 531 496 592; x_wconf 57' lang='lat' dir='ltr'>&amp;mna</span> <span class='ocrx_word' id='word_1_8' title='bbox 515 531 644 593; x_wconf 88' lang='lat' dir='ltr'>hostium</span> <span class='ocrx_word' id='word_1_9' title='bbox 664 531 890 604; x_wconf 63' lang='lat' dir='ltr'><strong>excursionibus</strong></span> <span class='ocrx_word' id='word_1_10' title='bbox 912 529 984 590; x_wconf 91' lang='lat' dir='ltr'>inde</span> <span class='ocrx_word' id='word_1_11' title='bbox 1004 528 1274 609; x_wconf 85' lang='lat' dir='ltr'>proficiscerentur,</span> 
     </span>
     <span class='ocr_line' id='line_1_3' title="bbox 70 626 1272 707; baseline -0.001 -24"><span class='ocrx_word' id='word_1_12' title='bbox 70 645 197 685; x_wconf 89' lang='lat' dir='ltr'>omnem</span> <span class='ocrx_word' id='word_1_13' title='bbox 212 645 317 687; x_wconf 89' lang='lat' dir='ltr'>curam</span> <span class='ocrx_word' id='word_1_14' title='bbox 330 628 539 702; x_wconf 88' lang='lat' dir='ltr'>admoverunt,</span> <span class='ocrx_word' id='word_1_15' title='bbox 551 638 584 688; x_wconf 92' lang='lat' dir='ltr'>ut</span> <span class='ocrx_word' id='word_1_16' title='bbox 594 628 642 688; x_wconf 86' lang='lat' dir='ltr'>vel</span> <span class='ocrx_word' id='word_1_17' title='bbox 653 627 733 698; x_wconf 90' lang='lat' dir='ltr'>dolo,</span> <span class='ocrx_word' id='word_1_18' title='bbox 745 627 793 688; x_wconf 86' lang='lat' dir='ltr'>vel</span> <span class='ocrx_word' id='word_1_19' title='bbox 803 627 844 700; x_wconf 88' lang='lat' dir='ltr'>vi,</span> <span class='ocrx_word' id='word_1_20' title='bbox 855 627 886 686; x_wconf 92' lang='lat' dir='ltr'>in</span> <span class='ocrx_word' id='word_1_21' title='bbox 902 634 1074 707; x_wconf 86' lang='lat' dir='ltr'>potestatem</span> <span class='ocrx_word' id='word_1_22' title='bbox 1092 626 1272 706; x_wconf 83' lang='lat' dir='ltr'>redigerent.</span> 
     </span>
     <span class='ocr_line' id='line_1_4' title="bbox 71 720 1274 806; baseline -0.002 -25"><span class='ocrx_word' id='word_1_23' title='bbox 71 720 293 798; x_wconf 73' lang='lat' dir='ltr'>Commodum,</span> <span class='ocrx_word' id='word_1_24' title='bbox 301 725 612 806; x_wconf 88' lang='lat' dir='ltr'>nesciocujusindicio</span> <span class='ocrx_word' id='word_1_25' title='bbox 620 725 803 798; x_wconf 87' lang='lat' dir='ltr'>didicerunt,</span> <span class='ocrx_word' id='word_1_26' title='bbox 811 743 908 783; x_wconf 90' lang='lat' dir='ltr'>arcem</span> <span class='ocrx_word' id='word_1_27' title='bbox 920 722 1085 782; x_wconf 89' lang='lat' dir='ltr'>necessario</span> <span class='ocrx_word' id='word_1_28' title='bbox 1093 733 1274 792; x_wconf 87' lang='lat' dir='ltr'>commeatu,</span> 
     </span>
     <span class='ocr_line' id='line_1_5' title="bbox 71 815 1272 899; baseline -0.002 -23"><span class='ocrx_word' id='word_1_29' title='bbox 71 826 106 876; x_wconf 92' lang='lat' dir='ltr'>et</span> <span class='ocrx_word' id='word_1_30' title='bbox 119 817 189 878; x_wconf 87' lang='lat' dir='ltr'>aliis</span> <span class='ocrx_word' id='word_1_31' title='bbox 202 819 338 899; x_wconf 89' lang='lat' dir='ltr'>pluribus</span> <span class='ocrx_word' id='word_1_32' title='bbox 351 822 439 882; x_wconf 91' lang='lat' dir='ltr'>rebus</span> <span class='ocrx_word' id='word_1_33' title='bbox 449 821 581 895; x_wconf 88' lang='lat' dir='ltr'>destitui,</span> <span class='ocrx_word' id='word_1_34' title='bbox 594 821 675 882; x_wconf 88' lang='lat' dir='ltr'>unde</span> <span class='ocrx_word' id='word_1_35' title='bbox 684 819 1025 888; x_wconf 75' lang='lat' dir='ltr'>cinxeruntarctissimb,</span> <span class='ocrx_word' id='word_1_36' title='bbox 1037 838 1075 878; x_wconf 91' lang='lat' dir='ltr'>ne</span> <span class='ocrx_word' id='word_1_37' title='bbox 1085 817 1159 898; x_wconf 90' lang='lat' dir='ltr'>quid</span> <span class='ocrx_word' id='word_1_38' title='bbox 1169 815 1272 876; x_wconf 83' lang='lat' dir='ltr'>inferri</span> 
     </span>
     <span class='ocr_line' id='line_1_6' title="bbox 70 913 1272 999; baseline -0.004 -23"><span class='ocrx_word' id='word_1_39' title='bbox 70 925 187 994; x_wconf 89' lang='lat' dir='ltr'>posset,</span> <span class='ocrx_word' id='word_1_40' title='bbox 206 936 242 976; x_wconf 91' lang='lat' dir='ltr'>ac</span> <span class='ocrx_word' id='word_1_41' title='bbox 261 916 340 977; x_wconf 90' lang='lat' dir='ltr'>intra</span> <span class='ocrx_word' id='word_1_42' title='bbox 359 918 449 980; x_wconf 84' lang='lat' dir='ltr'>breve</span> <span class='ocrx_word' id='word_1_43' title='bbox 467 933 585 999; x_wconf 89' lang='lat' dir='ltr'>tempus</span> <span class='ocrx_word' id='word_1_44' title='bbox 606 919 645 978; x_wconf 91' lang='lat' dir='ltr'>ad</span> <span class='ocrx_word' id='word_1_45' title='bbox 663 917 847 978; x_wconf 90' lang='lat' dir='ltr'>deditionem</span> <span class='ocrx_word' id='word_1_46' title='bbox 869 917 1040 998; x_wconf 78' lang='lat' dir='ltr'>coiigerunt.</span> <span class='ocrx_word' id='word_1_47' title='bbox 1083 913 1272 974; x_wconf 83' lang='lat' dir='ltr'>Praesidiarii</span> 
     </span>
     <span class='ocr_line' id='line_1_7' title="bbox 69 1009 1273 1094; baseline -0.002 -25"><span class='ocrx_word' id='word_1_48' title='bbox 69 1010 201 1090; x_wconf 90' lang='lat' dir='ltr'>quidem</span> <span class='ocrx_word' id='word_1_49' title='bbox 217 1013 299 1092; x_wconf 92' lang='lat' dir='ltr'>pacti</span> <span class='ocrx_word' id='word_1_50' title='bbox 315 1025 386 1075; x_wconf 88' lang='lat' dir='ltr'>suut</span> <span class='ocrx_word' id='word_1_51' title='bbox 401 1013 529 1075; x_wconf 88' lang='lat' dir='ltr'>liberum</span> <span class='ocrx_word' id='word_1_52' title='bbox 552 1013 778 1075; x_wconf 80' lang='lat' dir='ltr'>Hoiiutwiblam</span> <span class='ocrx_word' id='word_1_53' title='bbox 797 1031 960 1094; x_wconf 90' lang='lat' dir='ltr'>egressum,</span> <span class='ocrx_word' id='word_1_54' title='bbox 975 1031 1045 1070; x_wconf 92' lang='lat' dir='ltr'>cum</span> <span class='ocrx_word' id='word_1_55' title='bbox 1064 1009 1203 1070; x_wconf 88' lang='lat' dir='ltr'>omnibns</span> <span class='ocrx_word' id='word_1_56' title='bbox 1217 1009 1273 1068; x_wconf 90' lang='lat' dir='ltr'>irn-</span> 
     </span>
     <span class='ocr_line' id='line_1_8' title="bbox 70 1104 1272 1191; baseline -0.002 -24"><span class='ocrx_word' id='word_1_57' title='bbox 70 1107 267 1186; x_wconf 84' lang='lat' dir='ltr'>pedimentis,</span> <span class='ocrx_word' id='word_1_58' title='bbox 284 1111 337 1170; x_wconf 91' lang='lat' dir='ltr'>sed</span> <span class='ocrx_word' id='word_1_59' title='bbox 356 1111 432 1171; x_wconf 90' lang='lat' dir='ltr'>istnc</span> <span class='ocrx_word' id='word_1_60' title='bbox 450 1120 484 1172; x_wconf 91' lang='lat' dir='ltr'>ut</span> <span class='ocrx_word' id='word_1_61' title='bbox 499 1119 710 1191; x_wconf 87' lang='lat' dir='ltr'>pervenerunt,</span> <span class='ocrx_word' id='word_1_62' title='bbox 727 1110 746 1169; x_wconf 80' lang='lat' dir='ltr'>b</span> <span class='ocrx_word' id='word_1_63' title='bbox 761 1109 896 1168; x_wconf 90' lang='lat' dir='ltr'>Domino</span> <span class='ocrx_word' id='word_1_64' title='bbox 912 1108 949 1169; x_wconf 92' lang='lat' dir='ltr'>de</span> <span class='ocrx_word' id='word_1_65' title='bbox 964 1104 1135 1167; x_wconf 84' lang='lat' dir='ltr'>Widerlrolt</span> <span class='ocrx_word' id='word_1_66' title='bbox 1153 1104 1272 1165; x_wconf 87' lang='lat' dir='ltr'>Guber-</span> 
     </span>
     <span class='ocr_line' id='line_1_9' title="bbox 70 1202 1271 1288; baseline -0.003 -24"><span class='ocrx_word' id='word_1_67' title='bbox 70 1213 180 1265; x_wconf 86' lang='lat' dir='ltr'>natore</span> <span class='ocrx_word' id='word_1_68' title='bbox 199 1204 436 1268; x_wconf 81' lang='lat' dir='ltr'>Hbentwiblano</span> <span class='ocrx_word' id='word_1_69' title='bbox 453 1207 533 1268; x_wconf 75' lang='lat' dir='ltr'>male</span> <span class='ocrx_word' id='word_1_70' title='bbox 552 1206 669 1288; x_wconf 89' lang='lat' dir='ltr'>accepti</span> <span class='ocrx_word' id='word_1_71' title='bbox 682 1207 814 1277; x_wconf 79' lang='lat' dir='ltr'>suerunt,</span> <span class='ocrx_word' id='word_1_72' title='bbox 828 1206 881 1285; x_wconf 90' lang='lat' dir='ltr'>qui</span> <span class='ocrx_word' id='word_1_73' title='bbox 894 1202 1033 1266; x_wconf 89' lang='lat' dir='ltr'>officiales</span> <span class='ocrx_word' id='word_1_74' title='bbox 1052 1202 1172 1282; x_wconf 89' lang='lat' dir='ltr'>culpam</span> <span class='ocrx_word' id='word_1_75' title='bbox 1186 1222 1271 1262; x_wconf 89' lang='lat' dir='ltr'>suam</span> 
     </span>
     <span class='ocr_line' id='line_1_10' title="bbox 69 1298 1272 1384; baseline 0 -26"><span class='ocrx_word' id='word_1_76' title='bbox 69 1300 174 1380; x_wconf 89' lang='lat' dir='ltr'>eapite</span> <span class='ocrx_word' id='word_1_77' title='bbox 192 1301 286 1377; x_wconf 89' lang='lat' dir='ltr'>luere,</span> <span class='ocrx_word' id='word_1_78' title='bbox 305 1303 436 1384; x_wconf 87' lang='lat' dir='ltr'>reliquos</span> <span class='ocrx_word' id='word_1_79' title='bbox 450 1305 521 1365; x_wconf 87' lang='lat' dir='ltr'>verb</span> <span class='ocrx_word' id='word_1_80' title='bbox 536 1305 645 1364; x_wconf 84' lang='lat' dir='ltr'>milites</span> <span class='ocrx_word' id='word_1_81' title='bbox 659 1304 754 1384; x_wconf 83' lang='lat' dir='ltr'>virgis</span> <span class='ocrx_word' id='word_1_82' title='bbox 769 1302 847 1364; x_wconf 81' lang='lat' dir='ltr'>caedi</span> <span class='ocrx_word' id='word_1_83' title='bbox 862 1303 968 1362; x_wconf 85' lang='lat' dir='ltr'>voluit.</span> <span class='ocrx_word' id='word_1_84' title='bbox 1010 1300 1104 1373; x_wconf 83' lang='lat' dir='ltr'>Quod</span> <span class='ocrx_word' id='word_1_85' title='bbox 1118 1298 1272 1360; x_wconf 78' lang='lat' dir='ltr'>etinctum</span> 
     </span>
     <span class='ocr_line' id='line_1_11' title="bbox 69 1397 1093 1482; baseline 0 -25"><span class='ocrx_word' id='word_1_86' title='bbox 69 1397 190 1471; x_wconf 85' lang='lat' dir='ltr'>fuisset,</span> <span class='ocrx_word' id='word_1_87' title='bbox 206 1399 265 1459; x_wconf 91' lang='lat' dir='ltr'>nisi</span> <span class='ocrx_word' id='word_1_88' title='bbox 278 1421 382 1481; x_wconf 80' lang='lat' dir='ltr'>preces</span> <span class='ocrx_word' id='word_1_89' title='bbox 395 1401 535 1471; x_wconf 87' lang='lat' dir='ltr'>aliorum,</span> <span class='ocrx_word' id='word_1_90' title='bbox 548 1420 668 1482; x_wconf 87' lang='lat' dir='ltr'>poenam</span> <span class='ocrx_word' id='word_1_91' title='bbox 683 1411 744 1460; x_wconf 85' lang='lat' dir='ltr'>tam</span> <span class='ocrx_word' id='word_1_92' title='bbox 758 1399 896 1460; x_wconf 81' lang='lat' dir='ltr'>acerbam</span> <span class='ocrx_word' id='word_1_93' title='bbox 911 1398 1093 1459; x_wconf 86' lang='lat' dir='ltr'>avertissent</span> 
     </span>
    </p>

    <p class='ocr_par' dir='ltr' id='par_1_3' title="bbox 69 1492 1275 3031">
     <span class='ocr_line' id='line_1_12' title="bbox 115 1492 1272 1568; baseline -0.003 -13"><span class='ocrx_word' id='word_1_94' title='bbox 115 1493 243 1558; x_wconf 83' lang='lat' dir='ltr'>Octobri</span> <span class='ocrx_word' id='word_1_95' title='bbox 264 1518 367 1558; x_wconf 87' lang='lat' dir='ltr'>mense</span> <span class='ocrx_word' id='word_1_96' title='bbox 387 1497 546 1559; x_wconf 78' lang='lat' dir='ltr'>Generalis</span> <span class='ocrx_word' id='word_1_97' title='bbox 564 1496 673 1559; x_wconf 87' lang='lat' dir='ltr'>Comes</span> <span class='ocrx_word' id='word_1_98' title='bbox 689 1497 728 1557; x_wconf 91' lang='lat' dir='ltr'>de</span> <span class='ocrx_word' id='word_1_99' title='bbox 749 1494 904 1568; x_wconf 86' lang='lat' dir='ltr'>Hatzseld,</span> <span class='ocrx_word' id='word_1_100' title='bbox 925 1495 1091 1564; x_wconf 82' lang='lat' dir='ltr'>Caesareus,</span> <span class='ocrx_word' id='word_1_101' title='bbox 1114 1504 1143 1555; x_wconf 89' lang='lat' dir='ltr'>et</span> <span class='ocrx_word' id='word_1_102' title='bbox 1162 1492 1272 1554; x_wconf 80' lang='lat' dir='ltr'>Comes</span> 
     </span>
     <span class='ocr_line' id='line_1_13' title="bbox 69 1591 1273 1675; baseline -0.003 -21"><span class='ocrx_word' id='word_1_103' title='bbox 69 1594 113 1654; x_wconf 91' lang='lat' dir='ltr'>de</span> <span class='ocrx_word' id='word_1_104' title='bbox 128 1593 221 1655; x_wconf 89' lang='lat' dir='ltr'>Wabl</span> <span class='ocrx_word' id='word_1_105' title='bbox 234 1595 382 1670; x_wconf 76' lang='lat' dir='ltr'>Bararus,</span> <span class='ocrx_word' id='word_1_106' title='bbox 394 1617 464 1656; x_wconf 88' lang='lat' dir='ltr'>oum</span> <span class='ocrx_word' id='word_1_107' title='bbox 472 1595 600 1656; x_wconf 89' lang='lat' dir='ltr'>subditis</span> <span class='ocrx_word' id='word_1_108' title='bbox 613 1593 671 1654; x_wconf 84' lang='lat' dir='ltr'>sibi</span> <span class='ocrx_word' id='word_1_109' title='bbox 681 1594 776 1675; x_wconf 88' lang='lat' dir='ltr'>copiis</span> <span class='ocrx_word' id='word_1_110' title='bbox 786 1594 810 1656; x_wconf 89' lang='lat' dir='ltr'>J</span> <span class='ocrx_word' id='word_1_111' title='bbox 814 1593 994 1654; x_wconf 86' lang='lat' dir='ltr'>uliaceusem</span> <span class='ocrx_word' id='word_1_112' title='bbox 1005 1593 1132 1673; x_wconf 87' lang='lat' dir='ltr'>patriam</span> <span class='ocrx_word' id='word_1_113' title='bbox 1146 1591 1273 1672; x_wconf 90' lang='lat' dir='ltr'>ingressi</span> 
     </span>
     <span class='ocr_line' id='line_1_14' title="bbox 70 1688 1274 1770; baseline -0.001 -20"><span class='ocrx_word' id='word_1_114' title='bbox 70 1699 156 1763; x_wconf 90' lang='lat' dir='ltr'>sont,</span> <span class='ocrx_word' id='word_1_115' title='bbox 183 1702 218 1752; x_wconf 88' lang='lat' dir='ltr'>ut</span> <span class='ocrx_word' id='word_1_116' title='bbox 245 1691 584 1754; x_wconf 87' lang='lat' dir='ltr'>Gallo-Weimarienses</span> <span class='ocrx_word' id='word_1_117' title='bbox 611 1693 651 1752; x_wconf 91' lang='lat' dir='ltr'>ad</span> <span class='ocrx_word' id='word_1_118' title='bbox 678 1711 830 1751; x_wconf 90' lang='lat' dir='ltr'>armorum</span> <span class='ocrx_word' id='word_1_119' title='bbox 863 1688 1274 1770; x_wconf 56' lang='lat' dir='ltr'>congressum-pellicerent,</span> 
     </span>
     <span class='ocr_line' id='line_1_15' title="bbox 70 1786 1272 1870; baseline 0 -23"><span class='ocrx_word' id='word_1_120' title='bbox 70 1797 167 1868; x_wconf 87' lang='lat' dir='ltr'>atque</span> <span class='ocrx_word' id='word_1_121' title='bbox 185 1797 219 1849; x_wconf 88' lang='lat' dir='ltr'>ut</span> <span class='ocrx_word' id='word_1_122' title='bbox 231 1788 350 1850; x_wconf 81' lang='lat' dir='ltr'>facilids</span> <span class='ocrx_word' id='word_1_123' title='bbox 365 1789 571 1870; x_wconf 85' lang='lat' dir='ltr'>impetrarent,</span> <span class='ocrx_word' id='word_1_124' title='bbox 586 1788 721 1849; x_wconf 85' lang='lat' dir='ltr'>civitates</span> <span class='ocrx_word' id='word_1_125' title='bbox 741 1797 772 1847; x_wconf 92' lang='lat' dir='ltr'>et</span> <span class='ocrx_word' id='word_1_126' title='bbox 788 1787 909 1868; x_wconf 86' lang='lat' dir='ltr'>oppida,</span> <span class='ocrx_word' id='word_1_127' title='bbox 925 1806 993 1866; x_wconf 75' lang='lat' dir='ltr'>quae</span> <span class='ocrx_word' id='word_1_128' title='bbox 1013 1786 1177 1848; x_wconf 90' lang='lat' dir='ltr'>adversarii</span> <span class='ocrx_word' id='word_1_129' title='bbox 1191 1797 1272 1847; x_wconf 91' lang='lat' dir='ltr'>tene·</span> 
     </span>
     <span class='ocr_line' id='line_1_16' title="bbox 73 1882 1273 1968; baseline 0.002 -26"><span class='ocrx_word' id='word_1_130' title='bbox 73 1884 151 1943; x_wconf 89' lang='lat' dir='ltr'>bant</span> <span class='ocrx_word' id='word_1_131' title='bbox 168 1882 314 1964; x_wconf 89' lang='lat' dir='ltr'>pluscula,</span> <span class='ocrx_word' id='word_1_132' title='bbox 331 1905 505 1967; x_wconf 85' lang='lat' dir='ltr'>oppugnare</span> <span class='ocrx_word' id='word_1_133' title='bbox 521 1886 666 1968; x_wconf 80' lang='lat' dir='ltr'>tantisper</span> <span class='ocrx_word' id='word_1_134' title='bbox 682 1883 911 1954; x_wconf 83' lang='lat' dir='ltr'>constituerunt,</span> <span class='ocrx_word' id='word_1_135' title='bbox 925 1884 998 1944; x_wconf 90' lang='lat' dir='ltr'>dum</span> <span class='ocrx_word' id='word_1_136' title='bbox 1018 1882 1114 1964; x_wconf 87' lang='lat' dir='ltr'>plenis</span> <span class='ocrx_word' id='word_1_137' title='bbox 1130 1883 1220 1943; x_wconf 88' lang='lat' dir='ltr'>armis</span> <span class='ocrx_word' id='word_1_138' title='bbox 1235 1883 1273 1944; x_wconf 91' lang='lat' dir='ltr'>de</span> 
     </span>
     <span class='ocr_line' id='line_1_17' title="bbox 72 1980 1272 2050; baseline 0 -9"><span class='ocrx_word' id='word_1_139' title='bbox 72 2001 194 2042; x_wconf 88' lang='lat' dir='ltr'>summa</span> <span class='ocrx_word' id='word_1_140' title='bbox 219 1982 263 2042; x_wconf 86' lang='lat' dir='ltr'>rei</span> <span class='ocrx_word' id='word_1_141' title='bbox 290 1981 450 2042; x_wconf 84' lang='lat' dir='ltr'>decernere</span> <span class='ocrx_word' id='word_1_142' title='bbox 474 1982 588 2044; x_wconf 83' lang='lat' dir='ltr'>liceret.</span> <span class='ocrx_word' id='word_1_143' title='bbox 630 1982 698 2043; x_wconf 91' lang='lat' dir='ltr'>Nec</span> <span class='ocrx_word' id='word_1_144' title='bbox 725 1981 853 2042; x_wconf 78' lang='lat' dir='ltr'>multum</span> <span class='ocrx_word' id='word_1_145' title='bbox 881 1982 1027 2050; x_wconf 87' lang='lat' dir='ltr'>cunctati,</span> <span class='ocrx_word' id='word_1_146' title='bbox 1052 1980 1272 2041; x_wconf 89' lang='lat' dir='ltr'>Marcodurum</span> 
     </span>
     <span class='ocr_line' id='line_1_18' title="bbox 73 2062 1273 2162; baseline -0.002 -24"><span class='ocrx_word' id='word_1_147' title='bbox 73 2079 224 2161; x_wconf 84' lang='lat' dir='ltr'>vigesimo</span> <span class='ocrx_word' id='word_1_148' title='bbox 233 2079 374 2141; x_wconf 84' lang='lat' dir='ltr'>Octobris</span> <span class='ocrx_word' id='word_1_149' title='bbox 382 2081 508 2162; x_wconf 84' lang='lat' dir='ltr'>aggredi</span> <span class='ocrx_word' id='word_1_150' title='bbox 518 2087 670 2159; x_wconf 90' lang='lat' dir='ltr'>ceperunt,</span> <span class='ocrx_word' id='word_1_151' title='bbox 682 2077 791 2157; x_wconf 89' lang='lat' dir='ltr'>quibus</span> <span class='ocrx_word' id='word_1_152' title='bbox 801 2062 992 2159; x_wconf 70' lang='lat' dir='ltr'>praesidiarii,</span> <span class='ocrx_word' id='word_1_153' title='bbox 1003 2077 1153 2156; x_wconf 89' lang='lat' dir='ltr'>quidquid</span> <span class='ocrx_word' id='word_1_154' title='bbox 1164 2077 1273 2137; x_wconf 89' lang='lat' dir='ltr'>virium</span> 
     </span>
     <span class='ocr_line' id='line_1_19' title="bbox 74 2172 1274 2257; baseline -0.003 -20"><span class='ocrx_word' id='word_1_155' title='bbox 74 2177 109 2237; x_wconf 92' lang='lat' dir='ltr'>in</span> <span class='ocrx_word' id='word_1_156' title='bbox 132 2176 203 2257; x_wconf 85' lang='lat' dir='ltr'>ipsis</span> <span class='ocrx_word' id='word_1_157' title='bbox 222 2186 296 2251; x_wconf 91' lang='lat' dir='ltr'>erat,</span> <span class='ocrx_word' id='word_1_158' title='bbox 321 2186 541 2257; x_wconf 85' lang='lat' dir='ltr'>opposueruut3</span> <span class='ocrx_word' id='word_1_159' title='bbox 571 2176 669 2256; x_wconf 90' lang='lat' dir='ltr'>quoad</span> <span class='ocrx_word' id='word_1_160' title='bbox 686 2175 726 2234; x_wconf 88' lang='lat' dir='ltr'>ad</span> <span class='ocrx_word' id='word_1_161' title='bbox 747 2174 846 2255; x_wconf 90' lang='lat' dir='ltr'>ipsum</span> <span class='ocrx_word' id='word_1_162' title='bbox 867 2173 999 2234; x_wconf 87' lang='lat' dir='ltr'>triduum</span> <span class='ocrx_word' id='word_1_163' title='bbox 1016 2172 1125 2234; x_wconf 84' lang='lat' dir='ltr'>validis</span> <span class='ocrx_word' id='word_1_164' title='bbox 1145 2184 1274 2235; x_wconf 89' lang='lat' dir='ltr'>tormen·</span> 
     </span>
     <span class='ocr_line' id='line_1_20' title="bbox 74 2269 1273 2355; baseline -0.001 -21"><span class='ocrx_word' id='word_1_165' title='bbox 74 2284 178 2334; x_wconf 92' lang='lat' dir='ltr'>torum</span> <span class='ocrx_word' id='word_1_166' title='bbox 195 2272 371 2334; x_wconf 89' lang='lat' dir='ltr'>bellicomm</span> <span class='ocrx_word' id='word_1_167' title='bbox 389 2273 499 2333; x_wconf 90' lang='lat' dir='ltr'>ictibus</span> <span class='ocrx_word' id='word_1_168' title='bbox 517 2271 694 2355; x_wconf 86' lang='lat' dir='ltr'>oppugnati,</span> <span class='ocrx_word' id='word_1_169' title='bbox 712 2271 853 2331; x_wconf 85' lang='lat' dir='ltr'>viderunt</span> <span class='ocrx_word' id='word_1_170' title='bbox 872 2271 911 2331; x_wconf 88' lang='lat' dir='ltr'>ad</span> <span class='ocrx_word' id='word_1_171' title='bbox 929 2269 1073 2350; x_wconf 89' lang='lat' dir='ltr'>impetum</span> <span class='ocrx_word' id='word_1_172' title='bbox 1089 2271 1273 2346; x_wconf 83' lang='lat' dir='ltr'>faciendum,</span> 
     </span>
     <span class='ocr_line' id='line_1_21' title="bbox 76 2368 1275 2451; baseline 0.003 -20"><span class='ocrx_word' id='word_1_173' title='bbox 76 2379 110 2431; x_wconf 91' lang='lat' dir='ltr'>et</span> <span class='ocrx_word' id='word_1_174' title='bbox 119 2370 149 2429; x_wconf 90' lang='lat' dir='ltr'>vi</span> <span class='ocrx_word' id='word_1_175' title='bbox 162 2371 426 2451; x_wconf 85' lang='lat' dir='ltr'>perrumpendum,</span> <span class='ocrx_word' id='word_1_176' title='bbox 438 2370 557 2451; x_wconf 91' lang='lat' dir='ltr'>disponi</span> <span class='ocrx_word' id='word_1_177' title='bbox 571 2370 692 2442; x_wconf 88' lang='lat' dir='ltr'>milites,</span> <span class='ocrx_word' id='word_1_178' title='bbox 704 2389 739 2429; x_wconf 91' lang='lat' dir='ltr'>ac</span> <span class='ocrx_word' id='word_1_179' title='bbox 751 2382 823 2430; x_wconf 89' lang='lat' dir='ltr'>tunc</span> <span class='ocrx_word' id='word_1_180' title='bbox 833 2368 954 2449; x_wconf 89' lang='lat' dir='ltr'>quidem</span> <span class='ocrx_word' id='word_1_181' title='bbox 965 2368 1004 2429; x_wconf 89' lang='lat' dir='ltr'>ad</span> <span class='ocrx_word' id='word_1_182' title='bbox 1016 2371 1230 2449; x_wconf 88' lang='lat' dir='ltr'>paciscendum</span> <span class='ocrx_word' id='word_1_183' title='bbox 1244 2394 1275 2433; x_wconf 86' lang='lat' dir='ltr'>ee</span> 
     </span>
     <span class='ocr_line' id='line_1_22' title="bbox 77 2465 1274 2549; baseline 0.003 -22"><span class='ocrx_word' id='word_1_184' title='bbox 77 2466 269 2542; x_wconf 84' lang='lat' dir='ltr'>obtuleruut3</span> <span class='ocrx_word' id='word_1_185' title='bbox 291 2476 380 2547; x_wconf 90' lang='lat' dir='ltr'>atque</span> <span class='ocrx_word' id='word_1_186' title='bbox 393 2468 498 2527; x_wconf 87' lang='lat' dir='ltr'>eadem</span> <span class='ocrx_word' id='word_1_187' title='bbox 513 2468 577 2549; x_wconf 88' lang='lat' dir='ltr'>ipsa</span> <span class='ocrx_word' id='word_1_188' title='bbox 590 2465 690 2526; x_wconf 89' lang='lat' dir='ltr'>adhuc</span> <span class='ocrx_word' id='word_1_189' title='bbox 704 2486 828 2546; x_wconf 87' lang='lat' dir='ltr'>vespera</span> <span class='ocrx_word' id='word_1_190' title='bbox 845 2466 1031 2526; x_wconf 90' lang='lat' dir='ltr'>conditiones</span> <span class='ocrx_word' id='word_1_191' title='bbox 1046 2467 1150 2547; x_wconf 85' lang='lat' dir='ltr'>positae</span> <span class='ocrx_word' id='word_1_192' title='bbox 1165 2469 1274 2530; x_wconf 85' lang='lat' dir='ltr'>admis-</span> 
     </span>
     <span class='ocr_line' id='line_1_23' title="bbox 77 2561 1275 2645; baseline 0.002 -20"><span class='ocrx_word' id='word_1_193' title='bbox 77 2583 180 2645; x_wconf 87' lang='lat' dir='ltr'>saeque</span> <span class='ocrx_word' id='word_1_194' title='bbox 197 2577 277 2637; x_wconf 89' lang='lat' dir='ltr'>sunt,</span> <span class='ocrx_word' id='word_1_195' title='bbox 296 2582 468 2644; x_wconf 89' lang='lat' dir='ltr'>quanquam</span> <span class='ocrx_word' id='word_1_196' title='bbox 488 2564 606 2645; x_wconf 84' lang='lat' dir='ltr'>posterb</span> <span class='ocrx_word' id='word_1_197' title='bbox 626 2563 708 2643; x_wconf 86' lang='lat' dir='ltr'>prius</span> <span class='ocrx_word' id='word_1_198' title='bbox 726 2564 776 2623; x_wconf 93' lang='lat' dir='ltr'>die</span> <span class='ocrx_word' id='word_1_199' title='bbox 796 2562 971 2643; x_wconf 77' lang='lat' dir='ltr'>subscriptas</span> <span class='ocrx_word' id='word_1_200' title='bbox 988 2561 1110 2625; x_wconf 84' lang='lat' dir='ltr'>suerint.</span> <span class='ocrx_word' id='word_1_201' title='bbox 1156 2564 1275 2627; x_wconf 87' lang='lat' dir='ltr'>Metue-</span> 
     </span>
     <span class='ocr_line' id='line_1_24' title="bbox 78 2658 1275 2740; baseline 0.003 -19"><span class='ocrx_word' id='word_1_202' title='bbox 78 2663 152 2721; x_wconf 87' lang='lat' dir='ltr'>bant</span> <span class='ocrx_word' id='word_1_203' title='bbox 165 2660 334 2721; x_wconf 86' lang='lat' dir='ltr'>obsidentes</span> <span class='ocrx_word' id='word_1_204' title='bbox 347 2680 386 2721; x_wconf 91' lang='lat' dir='ltr'>ne</span> <span class='ocrx_word' id='word_1_205' title='bbox 398 2681 458 2740; x_wconf 90' lang='lat' dir='ltr'>qua</span> <span class='ocrx_word' id='word_1_206' title='bbox 467 2660 542 2720; x_wconf 75' lang='lat' dir='ltr'>forte</span> <span class='ocrx_word' id='word_1_207' title='bbox 554 2659 700 2720; x_wconf 89' lang='lat' dir='ltr'>beneficio</span> <span class='ocrx_word' id='word_1_208' title='bbox 713 2658 809 2719; x_wconf 91' lang='lat' dir='ltr'>noctis</span> <span class='ocrx_word' id='word_1_209' title='bbox 821 2660 932 2719; x_wconf 87' lang='lat' dir='ltr'>moenia</span> <span class='ocrx_word' id='word_1_210' title='bbox 940 2659 1057 2739; x_wconf 89' lang='lat' dir='ltr'>dejecta</span> <span class='ocrx_word' id='word_1_211' title='bbox 1068 2661 1179 2721; x_wconf 86' lang='lat' dir='ltr'>obsessi</span> <span class='ocrx_word' id='word_1_212' title='bbox 1190 2664 1275 2725; x_wconf 87' lang='lat' dir='ltr'>novis</span> 
     </span>
     <span class='ocr_line' id='line_1_25' title="bbox 78 2754 1274 2839; baseline 0.003 -22"><span class='ocrx_word' id='word_1_213' title='bbox 78 2757 251 2839; x_wconf 88' lang='lat' dir='ltr'>aggeribus,</span> <span class='ocrx_word' id='word_1_214' title='bbox 266 2768 318 2817; x_wconf 88' lang='lat' dir='ltr'>aut</span> <span class='ocrx_word' id='word_1_215' title='bbox 331 2756 525 2817; x_wconf 89' lang='lat' dir='ltr'>munimentis</span> <span class='ocrx_word' id='word_1_216' title='bbox 538 2754 732 2815; x_wconf 81' lang='lat' dir='ltr'>secluderent</span> <span class='ocrx_word' id='word_1_217' title='bbox 744 2756 826 2816; x_wconf 92' lang='lat' dir='ltr'>unde</span> <span class='ocrx_word' id='word_1_218' title='bbox 845 2755 902 2815; x_wconf 90' lang='lat' dir='ltr'>sibi</span> <span class='ocrx_word' id='word_1_219' title='bbox 917 2754 1047 2817; x_wconf 83' lang='lat' dir='ltr'>Caesarei</span> <span class='ocrx_word' id='word_1_220' title='bbox 1061 2758 1145 2819; x_wconf 92' lang='lat' dir='ltr'>illum</span> <span class='ocrx_word' id='word_1_221' title='bbox 1161 2759 1274 2821; x_wconf 89' lang='lat' dir='ltr'>aditum</span> 
     </span>
     <span class='ocr_line' id='line_1_26' title="bbox 77 2852 1274 2940; baseline 0.006 -26"><span class='ocrx_word' id='word_1_222' title='bbox 77 2854 310 2915; x_wconf 89' lang='lat' dir='ltr'>custodiendum</span> <span class='ocrx_word' id='word_1_223' title='bbox 324 2853 424 2914; x_wconf 90' lang='lat' dir='ltr'>statim</span> <span class='ocrx_word' id='word_1_224' title='bbox 439 2854 566 2914; x_wconf 86' lang='lat' dir='ltr'>concedi</span> <span class='ocrx_word' id='word_1_225' title='bbox 580 2853 750 2923; x_wconf 86' lang='lat' dir='ltr'>voluerunt,</span> <span class='ocrx_word' id='word_1_226' title='bbox 763 2852 846 2932; x_wconf 91' lang='lat' dir='ltr'>quod</span> <span class='ocrx_word' id='word_1_227' title='bbox 861 2853 971 2913; x_wconf 90' lang='lat' dir='ltr'>obsessi</span> <span class='ocrx_word' id='word_1_228' title='bbox 989 2874 1047 2913; x_wconf 92' lang='lat' dir='ltr'>non</span> <span class='ocrx_word' id='word_1_229' title='bbox 1063 2855 1152 2919; x_wconf 83' lang='lat' dir='ltr'>inviti</span> <span class='ocrx_word' id='word_1_230' title='bbox 1165 2862 1274 2940; x_wconf 90' lang='lat' dir='ltr'>permi-</span> 
     </span>
     <span class='ocr_line' id='line_1_27' title="bbox 78 2948 1093 3031; baseline 0.001 -21"><span class='ocrx_word' id='word_1_231' title='bbox 78 2959 191 3010; x_wconf 82' lang='lat' dir='ltr'>serunt</span> <span class='ocrx_word' id='word_1_232' title='bbox 229 2949 426 3011; x_wconf 75' lang='lat' dir='ltr'>conditiones</span> <span class='ocrx_word' id='word_1_233' title='bbox 439 2949 509 3010; x_wconf 84' lang='lat' dir='ltr'>verb</span> <span class='ocrx_word' id='word_1_234' title='bbox 523 2959 679 3029; x_wconf 88' lang='lat' dir='ltr'>sequentes</span> <span class='ocrx_word' id='word_1_235' title='bbox 691 2948 802 3029; x_wconf 85' lang='lat' dir='ltr'>scripto</span> <span class='ocrx_word' id='word_1_236' title='bbox 816 2949 998 3031; x_wconf 75' lang='lat' dir='ltr'>consignata</span> <span class='ocrx_word' id='word_1_237' title='bbox 1013 2964 1093 3014; x_wconf 91' lang='lat' dir='ltr'>sunt.</span> 
     </span>
    </p>

    <p class='ocr_par' dir='ltr' id='par_1_4' title="bbox 9 3044 1275 3320">
     <span class='ocr_line' id='line_1_28' title="bbox 9 3044 1275 3118; baseline 0.01 -13"><span class='ocrx_word' id='word_1_238' title='bbox 9 3111 11 3114; x_wconf 60' lang='grc'><strong>,</strong></span> <span class='ocrx_word' id='word_1_239' title='bbox 123 3046 150 3106; x_wconf 91' lang='grc' dir='ltr'>Ι.</span> <span class='ocrx_word' id='word_1_240' title='bbox 173 3045 360 3108; x_wconf 87' lang='lat' dir='ltr'>Conceditur</span> <span class='ocrx_word' id='word_1_241' title='bbox 392 3045 526 3107; x_wconf 93' lang='lat' dir='ltr'>Domino</span> <span class='ocrx_word' id='word_1_242' title='bbox 557 3044 762 3107; x_wconf 89' lang='lat' dir='ltr'>Gubernatori</span> <span class='ocrx_word' id='word_1_243' title='bbox 801 3044 1028 3109; x_wconf 88' lang='lat' dir='ltr'>Marcodurano</span> <span class='ocrx_word' id='word_1_244' title='bbox 1063 3050 1223 3116; x_wconf 88' lang='lat' dir='ltr'>Francisco</span> <span class='ocrx_word' id='word_1_245' title='bbox 1257 3058 1275 3118; x_wconf 75' lang='lat' dir='ltr'>b</span> 
     </span>
     <span class='ocr_line' id='line_1_29' title="bbox 81 3141 1275 3235; baseline 0.008 -31"><span class='ocrx_word' id='word_1_246' title='bbox 81 3142 294 3204; x_wconf 78' lang='lat' dir='ltr'>Bruuclrborst</span> <span class='ocrx_word' id='word_1_247' title='bbox 306 3143 338 3203; x_wconf 91' lang='lat' dir='ltr'>iu</span> <span class='ocrx_word' id='word_1_248' title='bbox 352 3142 531 3224; x_wconf 82' lang='lat' dir='ltr'>vigesimum</span> <span class='ocrx_word' id='word_1_249' title='bbox 542 3153 682 3223; x_wconf 82' lang='lat' dir='ltr'>quartum</span> <span class='ocrx_word' id='word_1_250' title='bbox 697 3142 778 3202; x_wconf 90' lang='lat' dir='ltr'>diem</span> <span class='ocrx_word' id='word_1_251' title='bbox 790 3141 939 3218; x_wconf 85' lang='lat' dir='ltr'>Octobris,</span> <span class='ocrx_word' id='word_1_252' title='bbox 951 3143 1028 3205; x_wconf 87' lang='lat' dir='ltr'>liber</span> <span class='ocrx_word' id='word_1_253' title='bbox 1042 3166 1079 3206; x_wconf 87' lang='lat' dir='ltr'>ex</span> <span class='ocrx_word' id='word_1_254' title='bbox 1093 3150 1165 3211; x_wconf 88' lang='lat' dir='ltr'>urbe</span> <span class='ocrx_word' id='word_1_255' title='bbox 1176 3173 1275 3235; x_wconf 87' lang='lat' dir='ltr'>egres-</span> 
     </span>
     <span class='ocr_line' id='line_1_30' title="bbox 78 3238 698 3320; baseline -0.005 -19"><span class='ocrx_word' id='word_1_256' title='bbox 78 3261 140 3308; x_wconf 85' lang='lat' dir='ltr'>sus,</span> <span class='ocrx_word' id='word_1_257' title='bbox 155 3260 224 3300; x_wconf 90' lang='lat' dir='ltr'>eum</span> <span class='ocrx_word' id='word_1_258' title='bbox 238 3239 377 3299; x_wconf 85' lang='lat' dir='ltr'>omnibus</span> <span class='ocrx_word' id='word_1_259' title='bbox 390 3238 452 3300; x_wconf 91' lang='lat' dir='ltr'>suis</span> <span class='ocrx_word' id='word_1_260' title='bbox 465 3239 698 3320; x_wconf 89' lang='lat' dir='ltr'>impedimentis.</span> 
     </span>
    </p>

    <p class='ocr_par' dir='ltr' id='par_1_5' title="bbox 81 3334 1276 3605">
     <span class='ocr_line' id='line_1_31' title="bbox 124 3334 1276 3419; baseline 0.01 -23"><span class='ocrx_word' id='word_1_261' title='bbox 124 3336 172 3396; x_wconf 87' lang='lat'>11.</span> <span class='ocrx_word' id='word_1_262' title='bbox 195 3335 417 3397; x_wconf 89' lang='lat' dir='ltr'>Permittuutur</span> <span class='ocrx_word' id='word_1_263' title='bbox 437 3336 527 3397; x_wconf 91' lang='lat' dir='ltr'>etiam</span> <span class='ocrx_word' id='word_1_264' title='bbox 545 3336 611 3416; x_wconf 89' lang='lat' dir='ltr'>ejus</span> <span class='ocrx_word' id='word_1_265' title='bbox 628 3334 718 3397; x_wconf 91' lang='lat' dir='ltr'>militi</span> <span class='ocrx_word' id='word_1_266' title='bbox 736 3356 891 3418; x_wconf 86' lang='lat' dir='ltr'>egressuro</span> <span class='ocrx_word' id='word_1_267' title='bbox 905 3347 1029 3419; x_wconf 89' lang='lat' dir='ltr'>utraque</span> <span class='ocrx_word' id='word_1_268' title='bbox 1044 3362 1137 3418; x_wconf 88' lang='lat' dir='ltr'>arma,</span> <span class='ocrx_word' id='word_1_269' title='bbox 1152 3346 1216 3407; x_wconf 89' lang='lat' dir='ltr'>siue</span> <span class='ocrx_word' id='word_1_270' title='bbox 1230 3369 1276 3408; x_wconf 87' lang='lat' dir='ltr'>ar·</span> 
     </span>
     <span class='ocr_line' id='line_1_32' title="bbox 81 3431 1276 3518; baseline 0.003 -24"><span class='ocrx_word' id='word_1_271' title='bbox 81 3434 222 3495; x_wconf 88' lang='lat' dir='ltr'>dentibus</span> <span class='ocrx_word' id='word_1_272' title='bbox 236 3444 335 3494; x_wconf 88' lang='lat' dir='ltr'>tamen</span> <span class='ocrx_word' id='word_1_273' title='bbox 348 3432 512 3506; x_wconf 88' lang='lat' dir='ltr'>fomitibus,</span> <span class='ocrx_word' id='word_1_274' title='bbox 527 3432 581 3512; x_wconf 90' lang='lat' dir='ltr'>qui</span> <span class='ocrx_word' id='word_1_275' title='bbox 595 3432 667 3493; x_wconf 88' lang='lat' dir='ltr'>verb</span> <span class='ocrx_word' id='word_1_276' title='bbox 680 3431 847 3513; x_wconf 88' lang='lat' dir='ltr'>catapultas</span> <span class='ocrx_word' id='word_1_277' title='bbox 865 3446 969 3515; x_wconf 89' lang='lat' dir='ltr'>gerent</span> <span class='ocrx_word' id='word_1_278' title='bbox 985 3458 1053 3518; x_wconf 84' lang='lat' dir='ltr'>quae</span> <span class='ocrx_word' id='word_1_279' title='bbox 1067 3441 1159 3503; x_wconf 85' lang='lat' dir='ltr'>silicis</span> <span class='ocrx_word' id='word_1_280' title='bbox 1173 3446 1276 3505; x_wconf 79' lang='lat' dir='ltr'>attritu</span> 
     </span>
     <span class='ocr_line' id='line_1_33' title="bbox 81 3529 584 3605; baseline -0.008 -12"><span class='ocrx_word' id='word_1_281' title='bbox 81 3532 297 3605; x_wconf 85' lang='lat' dir='ltr'>accenduntur,</span> <span class='ocrx_word' id='word_1_282' title='bbox 312 3529 427 3591; x_wconf 89' lang='lat' dir='ltr'>silicem</span> <span class='ocrx_word' id='word_1_283' title='bbox 441 3530 584 3591; x_wconf 72' lang='lat' dir='ltr'>eximent,</span> 
     </span>
    </p>

    <p class='ocr_par' dir='ltr' id='par_1_6' title="bbox 9 3626 1277 3722">
     <span class='ocr_line' id='line_1_34' title="bbox 9 3626 1277 3722; baseline 0.008 -34"><span class='ocrx_word' id='word_1_284' title='bbox 9 3713 10 3722; x_wconf 9' lang='grc' dir='ltr'>ἵ</span> <span class='ocrx_word' id='word_1_285' title='bbox 124 3627 191 3689; x_wconf 90' lang='lat'>111.</span> <span class='ocrx_word' id='word_1_286' title='bbox 215 3627 327 3688; x_wconf 87' lang='lat' dir='ltr'>Nullus</span> <span class='ocrx_word' id='word_1_287' title='bbox 347 3637 509 3707; x_wconf 76' lang='lat' dir='ltr'>prasumat</span> <span class='ocrx_word' id='word_1_288' title='bbox 522 3647 621 3688; x_wconf 89' lang='lat' dir='ltr'>secum</span> <span class='ocrx_word' id='word_1_289' title='bbox 637 3626 742 3689; x_wconf 83' lang='lat' dir='ltr'>efferre</span> <span class='ocrx_word' id='word_1_290' title='bbox 756 3648 803 3689; x_wconf 87' lang='lat' dir='ltr'>res</span> <span class='ocrx_word' id='word_1_291' title='bbox 820 3646 918 3695; x_wconf 71' lang='lat' dir='ltr'>sacrm</span> <span class='ocrx_word' id='word_1_292' title='bbox 933 3632 1067 3695; x_wconf 88' lang='lat' dir='ltr'>ecclesiis</span> <span class='ocrx_word' id='word_1_293' title='bbox 1081 3646 1206 3719; x_wconf 87' lang='lat' dir='ltr'>ereptas,</span> <span class='ocrx_word' id='word_1_294' title='bbox 1223 3659 1277 3700; x_wconf 87' lang='lat' dir='ltr'>neo</span> 
     </span>
    </p>
   </div>
   <div class='ocr_carea' id='block_1_3' title="bbox 0 0 1628 4700">
    <p class='ocr_par' dir='ltr' id='par_1_7' title="bbox 0 0 1628 4700">
     <span class='ocr_line' id='line_1_35' title="bbox 0 0 1628 4700; baseline 0 0"><span class='ocrx_word' id='word_1_295' title='bbox 0 0 1628 4700; x_wconf 95' lang='lat' dir='ltr'> </span> 
     </span>
    </p>
   </div>
  </div>
 </body>
</html>
