3225 4700
469 360 899 434 'ITINERARIUM
1243 370 1282 439 75

84 520 118 573 et
142 508 347 575 lenocinandi
367 511 574 594 impunitatem
597 535 667 577 cnm
687 518 766 599 aegre
787 518 844 579 diu
862 519 998 582 tulissent
1015 520 1144 596 omae,
1164 524 1285 605 agmine

84 607 218 669 tandem
228 608 318 682 aeto,
328 609 481 690 magnoin
494 629 543 671 eos
553 610 665 692 impetn
677 622 777 688 ruunt,
789 634 825 675 en
833 620 950 695 partem
960 613 1140 675 rusticorum
1149 622 1285 676 sternunt

87 714 209 785 purtem
228 704 361 786 capium,
378 724 507 786 eumque
525 707 628 769 domos
645 706 766 771 illorum
785 710 915 791 diripere
928 708 1049 783 vellent,
1064 718 1173 790 prater
1188 710 1286 771 nndos

89 799 224 880 parietes
242 800 325 863 omni
345 800 478 863 subsidio
497 822 608 865 vacuos
627 805 779 885 reperiunt
797 805 892 882 nibil3
918 806 958 867 ad
975 806 1169 885 quaestionem
1185 806 1286 885 itaque

87 895 255 957 nonnullos
272 897 435 977 abripiunt,
450 899 616 980 acriterque
634 899 667 961 in
683 900 826 963 obstinate
846 910 946 963 mutos
963 900 1216 973 animadvertunt,
1231 898 1286 982 qni

88 1002 195 1053 tamen
208 991 292 1053 tanta
305 994 480 1068 constantii,
494 995 640 1075 superatis
652 995 790 1077 plurimis
803 1007 834 1059 et
845 997 1015 1059 nanninus
1028 996 1181 1058 tormentis
1195 996 1286 1058 silen-

89 1089 171 1149 tium
180 1098 391 1163 seruauerunt,
400 1099 435 1151 nt
444 1090 488 1153 nil
497 1091 662 1171 quidquam
676 1093 714 1153 de
728 1092 873 1154 thesauris
884 1102 916 1154 et
927 1092 1039 1174 praedis
1050 1091 1170 1153 illoram
1182 1091 1286 1153 resciri

90 1194 204 1265 posset.
245 1184 354 1257 Quoad
369 1186 492 1248 demum
506 1186 716 1251 mulierculam
734 1189 860 1250 immani
875 1188 982 1250 bunstn
994 1188 1172 1269 (Suedicnm
1184 1188 1222 1249 ab
1239 1188 1286 1248 in-

90 1282 269 1343 ventoribus
298 1280 403 1345 Suecia
427 1282 629 1364 appellabant)
656 1294 786 1347 saturum
817 1286 857 1347 ad
884 1284 1086 1365 proditionem
1114 1287 1285 1365 oniigerunt.

92 1377 235 1441 Haustus
247 1377 456 1461 hin(im1nane
469 1377 568 1461 dictu)
577 1377 634 1441 hoo
645 1380 707 1441 fere
720 1381 811 1442 modo
821 1381 1043 1464 propinabatur.
1073 1378 1287 1441 Reclinabntnr

90 1476 220 1555 rupinus
233 1474 374 1548 meusne
386 1475 466 1536 intra
477 1476 565 1557 cnjus
578 1476 682 1537 dentes
694 1476 928 1557 interjiciebatnr
939 1476 1076 1552 bacillus,
1084 1476 1139 1556 qni
1150 1476 1286 1559 patulum

91 1579 123 1631 et
135 1579 275 1651 apertum
288 1571 397 1633 rictum
410 1572 561 1646 retineret,
573 1580 638 1633 tum
651 1573 723 1633 verb
737 1573 854 1634 temdin
862 1573 1073 1635 infundebatur
1085 1592 1165 1655 equa
1175 1574 1285 1654 quoad,

92 1666 228 1729 distento
242 1667 336 1729 inetur
353 1667 488 1747 tympani
506 1676 621 1744 uentre,
638 1667 859 1749 preefoearetur,
876 1669 923 1731 vel
942 1668 1083 1749 pecunias
1098 1670 1287 1730 absconditas
1318 1720 1333 1749 ⁴

93 1764 252 1842 panderet.
308 1764 399 1825 Hanc
418 1771 532 1825 tantem
549 1764 796 1826 inhumanitatem
815 1764 1090 1845 immunitatemque
1108 1765 1159 1844 pio
1182 1764 1288 1825 lectori

93 1859 302 1921 detestandam
321 1860 579 1940 execrandumque
597 1860 743 1940 relinquo.
787 1859 858 1921 Hoc
876 1879 966 1931 anno,
981 1860 1035 1939 qni
1049 1858 1108 1919 fuit
1123 1859 1287 1919 multorum

93 1974 204 2029 sermo,
222 1954 299 2017 fides
315 1956 354 2017 sit
370 1975 460 2038 penes
476 1966 620 2031 auctores,
636 1955 719 2017 Galli
735 1955 929 2037 Imperatoris
948 1956 1088 2038 Effigiem
1104 1954 1236 2015 Virdnni
1254 1955 1286 2015 in

95 2072 219 2113 crucem
233 2072 285 2113 seu
297 2052 464 2133 patibulum
481 2051 760 2135 ignominiosissime
775 2052 871 2135 egisse
886 2051 1048 2113 dicnntnrr
1069 2050 1151 2131 qnod
1163 2050 1287 2131 quidem

95 2169 155 2231 ogo
170 2148 254 2209 hand
270 2168 354 2209 reor:
378 2148 454 2221 Quis
469 2149 550 2209 enim
566 2148 669 2210 credat
685 2158 799 2210 tantuna
812 2149 845 2209 in
862 2148 1035 2229 Principem
1050 2147 1162 2228 optime
1178 2144 1288 2208 (latho-

95 2244 192 2305 licnm
213 2245 365 2327 injuriam,
389 2245 409 2306 d
432 2244 518 2327 Rege
540 2243 794 2305 Christianissimo
815 2245 942 2307 subditis
961 2245 1115 2325 impunem
1134 2262 1197 2305 esse
1218 2262 1286 2324 per·

96 2340 244 2402 misaam?
266 2342 408 2404 Calendis
426 2340 505 2402 Maii
523 2362 560 2402 ex
579 2340 765 2403 Sebachianb
783 2340 915 2424 legione
932 2349 1031 2403 turma
1048 2361 1110 2402 nna
1128 2338 1287 2402 Gallorum

96 2439 190 2500 sensit
200 2439 341 2500 victricia
358 2459 459 2500 arma:
481 2437 684 2521 Lotbaringiue
702 2440 773 2500 verb
792 2438 866 2500 Dux
882 2438 1017 2500 obsidere
1033 2437 1125 2519 coepit
1141 2434 1287 2497 Ieodinm

97 2536 163 2597 sine
176 2534 276 2596 fructu
293 2544 393 2596 umen
406 2535 517 2616 aliquo,
535 2555 605 2596 curn
617 2536 698 2596 cives
714 2542 813 2596 essent
829 2543 860 2596 et
876 2535 990 2596 viribus
1008 2541 1039 2594 et
1055 2533 1115 2594 loci
1131 2532 1288 2594 securitate

98 2631 274 2712 superiores.
317 2630 437 2694 Interea
448 2632 504 2693 snb
516 2652 630 2693 nonum
639 2630 663 2693 J
664 2631 718 2692 ulii
730 2631 803 2692 Dux
815 2631 989 2693 Bernardue
998 2629 1205 2693 Wimariensis
1217 2649 1288 2690 cnm

99 2726 261 2790 Cardinale
280 2727 318 2789 de
335 2727 366 2789 la
380 2727 499 2791 Valette
518 2726 618 2804 Gallo,
633 2727 853 2789 validissimum
870 2727 1034 2789 exercitum
1050 2727 1212 2788 admovent
1229 2725 1287 2785 'l'a-

98 2823 199 2886 bernis
213 2823 366 2899 Alsaticis‚
380 2823 528 2904 simulque
542 2832 751 2898 commeatum,
764 2844 826 2904 qno
842 2823 964 2884 omnino
980 2822 1287 2902 destituebatur,!Ha·

98 2941 227 3003 ganeam
244 2922 407 2995 deducunt,
421 2921 587 3002 opportune
603 2920 736 2994 adibere,
749 2939 820 2980 oum
832 2939 943 3002 magna
955 2919 1019 2980 illic
1032 2919 1171 3001 glisceret
1183 2920 1287 2981 lamet.

100 3017 166 3078 Nos
192 3017 263 3078 verb
292 3017 527 3098 Luxenburgum
549 3035 652 3078 verens
673 3016 751 3097 jussi
774 3035 878 3077 sumna
903 3035 1036 3098 pergere,
1059 3015 1113 3076 sed
1137 3034 1208 3075 cum
1234 3035 1289 3076 nos

99 3113 229 3175 bostium
246 3113 373 3196 insignis
393 3123 494 3174 turma
511 3112 656 3193 impedire
675 3111 775 3188 vellet,
796 3111 935 3173 resolutis
954 3131 1024 3172 mox
1045 3112 1153 3174 animis
1171 3113 1204 3172 in
1220 3131 1288 3173 eam

100 3210 259 3283 movimus,
281 3222 312 3271 et
337 3208 557 3291 quamprimum
581 3209 612 3268 in
639 3208 744 3292 fugem
769 3209 962 3290 conjecimus,
987 3227 1052 3268 eam
1074 3208 1168 3269 nostri
1194 3209 1289 3270 secuti

101 3306 229 3368 suntad
248 3307 357 3368 rudere
376 3305 480 3387 templi
500 3304 637 3386 alicujus,
658 3325 696 3366 ex
714 3304 824 3385 quibus
841 3304 895 3365 illa
913 3323 973 3364 non
990 3304 1054 3364 sine
1069 3305 1216 3386 sangnine
1234 3325 1290 3366 nos

101 3401 300 3483 impugnavit,
315 3422 385 3462 cnm
399 3421 470 3464 vero
488 3421 543 3464 nos
556 3400 626 3484 igne
643 3401 754 3482 injecto
770 3409 875 3461 contra
889 3400 984 3480 ipsam
1001 3419 1157 3482 ageremm
1174 3401 1291 3474 fortius,

100 3497 177 3558 mori
187 3495 489 3578 potinsuolnitqnam
499 3517 530 3558 ee
540 3497 626 3558 nobis
636 3495 885 3576 dedere,pancnli
895 3515 932 3556 ex
942 3504 1040 3557 turma
1048 3496 1102 3557 illa
1109 3496 1292 3578 peramplum

102 3593 228 3676 ingressi
241 3611 411 3667 cavernam,
422 3593 492 3654 iude
502 3591 610 3653 aeriter
621 3591 843 3674 preliabantur,
853 3591 952 3670 quoad
964 3612 1067 3654 ornnes
1076 3593 1170 3653 vitam
1183 3593 1215 3652 in
1225 3611 1292 3651 san·

103 3689 192 3770 gnine
210 3696 368 3771 ponerent.
422 3685 493 3749 Hoc
511 3687 616 3749 eodem
638 3697 770 3769 ternpore
789 3687 874 3750 Galli
892 3687 932 3748 ad
951 3687 1093 3750 Irodinm
1108 3687 1292 3748 Polonornm
