3225 4700
487 338 902 409 ITINERARIUM.
1218 335 1279 400 411

60 489 302 566 paciscendum
316 512 348 552 se
360 493 542 555 obtulerunt.
584 492 743 555 Conclusis
752 493 847 574 pactis
861 493 1028 553 eduxerunt
1042 511 1078 551 ex
1092 489 1174 550 milla
1183 488 1278 570 quud·

62 585 245 665 ringentis,
266 608 342 667 quos
361 589 399 649 ab
419 589 507 650 initio
526 589 689 650 obsidionis
710 591 779 649 urbs
804 601 1021 662 numeraverat,
1042 585 1196 656 militibus,
1217 604 1276 644 non

64 680 141 740 nisi
155 693 302 743 sexcenta
319 685 426 765 capita,
441 687 542 747 carten
557 706 661 746 omnes
675 686 724 747 vel
740 686 851 746 morbis
864 684 912 747 vel
928 683 1013 744 clade
1031 680 1199 762 consumpti
1213 679 1276 740 fue·

65 787 162 837 rant.
207 778 381 860 Egressuris
393 802 534 842 concessa
553 792 623 843 sunt
636 783 696 842 duo
710 793 871 854 tormenta,
891 781 993 842 omnia
1011 780 1132 860 insuper
1149 777 1277 858 impedi-

69 885 189 936 menta
202 895 271 956 quas
285 877 363 937 intra
376 888 522 939 trecentos
534 900 639 940 eunus
656 888 813 949 steterunt,
822 890 916 960 atque
938 877 1180 958 Luxemburgum
1201 893 1276 954 prat·

70 970 228 1032 sidiarius
241 973 327 1033 miles
341 975 488 1036 deductus
501 986 556 1036 est.
597 975 676 1038 Cum
692 977 866 1057 presidium
879 974 1080 1056 egrederetur,
1093 980 1235 1032 steterunt
1244 970 1276 1031 in

72 1064 180 1125 armis
195 1064 290 1137 Galli,
304 1079 335 1127 et
348 1067 380 1127 iu
393 1068 513 1148 signum
528 1069 642 1130 laetitias
656 1079 701 1130 ter
713 1067 828 1129 fistulas
841 1089 909 1130 suas
922 1077 1129 1131 exonerarunt.

124 1159 284 1222 Numerus
299 1162 457 1224 Gallorum
471 1165 639 1225 occisorum
655 1165 781 1226 durante
793 1165 946 1228 obsidione
961 1175 1078 1227 nonest
1095 1165 1198 1238 initus,
1213 1187 1277 1226 eer-

78 1268 151 1317 tum
175 1267 221 1319 est
243 1259 330 1340 plura
349 1259 439 1320 fuisse
462 1261 567 1335 millia,
595 1262 634 1322 de
662 1261 841 1342 primoribus
869 1263 1034 1324 occubuere
1063 1261 1278 1323 Mareschallus

78 1354 189 1434 campi
205 1355 249 1416 Ia
258 1355 351 1428 Mon,
361 1356 502 1418 Marohio
516 1358 554 1417 de
562 1357 682 1420 Cbevre
694 1357 832 1419 similiter
843 1359 1059 1420 Mareschallus
1069 1359 1178 1439 campi,
1189 1358 1278 1418 Mon-

78 1450 168 1511 sieur
183 1451 313 1513 Gassion
327 1454 399 1532 quia
410 1473 447 1514 ex
460 1475 538 1534 equo
551 1454 755 1530 descenderat,
767 1467 797 1515 et
812 1456 871 1515 unb
883 1477 952 1517 cum
963 1457 1063 1537 pedite
1075 1455 1168 1516 milite
1179 1454 1279 1515 incur-

81 1556 179 1619 rerat,
206 1549 361 1611 mortalem
384 1549 505 1632 plagam
526 1552 651 1631 accepit.
702 1551 777 1612 Post
803 1571 953 1633 egressum
982 1553 1186 1633 Hispanorum
1212 1553 1281 1612 urbs

83 1647 226 1728 quinque
239 1646 408 1729 legionibus
421 1647 549 1709 Gallicis
558 1660 589 1709 et
601 1657 729 1727 quatuor
743 1646 942 1710 Helvetorum
957 1650 1118 1731 manipulis
1128 1660 1215 1711 aucta
1224 1659 1278 1710 est.

86 1742 286 1825 Expugnatio
305 1742 516 1806 Tbeonisvillae
539 1753 572 1805 ut
587 1744 718 1825 primum
736 1744 870 1805 Parisios
889 1747 1029 1807 nunciata
1049 1756 1102 1820 est,
1120 1745 1280 1828 magnifice

84 1839 305 1922 triumphatum
319 1850 365 1902 est
378 1840 408 1901 iu
424 1840 553 1922 Reginus
567 1839 734 1922 praesentia.

175 2286 179 2293 ,
292 2158 423 2267 ’,ιθ
479 2163 557 2293 lt*
590 2169 800 2270 W?
841 2217 899 2295 sp
985 2182 1150 2268 ’³32
1219 2214 1239 2264 ι

489 2452 681 2529 CAPUT
720 2453 892 2529 LXXV.

182 2609 233 2675 De
247 2610 526 2699 Fruneosordiensi
546 2611 729 2701 Principum
744 2614 945 2680 aestatuum
961 2612 997 2677 S.
1016 2611 1061 2676 R.
1082 2608 1210 2695 Imperii

397 2715 557 2781 Conventa
572 2727 600 2780 et
616 2718 689 2782 aliia
704 2718 861 2783 hincinde
873 2719 979 2805 gestis.

125 3067 127 3075 y
202 3007 239 3068 :g
376 2989 414 3049 de
432 2990 603 3071 principum
623 3010 658 3051 ac
676 3001 806 3051 statuum
827 2992 867 3051 ad
887 2992 940 3051 illa
958 2990 1073 3073 legatis.
1116 2990 1154 3050 In
1175 2990 1283 3070 quibus

112 3166 113 3173 ἵ
144 3168 145 3175 ¹
231 3075 239 3095 ’
266 3148 273 3158 ψ
315 3075 349 3153 5³ss
376 3088 431 3147 sub
458 3088 570 3148 exitum
594 3086 769 3148 conclusum
795 3088 875 3148 iuter
898 3098 1006 3148 caetera
1028 3086 1132 3160 luerat,
1162 3098 1195 3147 ut
1221 3106 1280 3146 non

116 3212 135 3226 Α
163 3181 189 3259 ᾗ
230 3190 258 3251 ,’
314 3189 344 3272 J*
377 3183 472 3245 multo
485 3194 551 3265 post
569 3184 796 3245 Francofurtum
812 3185 889 3246 sacri
908 3185 1038 3247 Romani
1052 3184 1177 3265 Imperii
1190 3197 1283 3246 status

117 3283 132 3332 t*
161 3267 231 3342 sb(
302 3269 344 3342 x).
377 3281 1284 3363 convocarenturproeomponendisquibusdamcontroversiis

99 3405 163 3465 qua
175 3386 193 3444 a
205 3383 337 3444 comitiis
350 3382 380 3440 in
395 3377 638 3461 opportuniorem
648 3378 749 3438 locum
764 3378 882 3458 rejectae
896 3388 988 3437 eraut.
1033 3376 1071 3437 Id
1081 3379 1161 3458 quod
1171 3378 1282 3438 factum

26 3515 27 3522 κ
98 3493 149 3541 est.
188 3477 331 3540 Collectis
345 3477 444 3556 itaque
456 3474 617 3557 potissimis
627 3473 790 3535 electorum
800 3472 986 3553 aliorumque
997 3472 1167 3554 principum
1180 3473 1284 3555 legatis

101 3586 129 3638 et
145 3574 318 3637 consiliariis
335 3574 376 3634 ad
388 3571 568 3653 vigesimum
586 3572 716 3651 primum
733 3569 886 3631 Februarii
905 3570 976 3629 anni
991 3569 1009 3631 d
1025 3569 1284 3650 sesquimillesimo

104 3672 249 3735 centesimi
263 3670 483 3752 quadragesimi
496 3668 576 3729 tertii
591 3668 622 3727 iu
636 3668 751 3729 curiam
765 3666 921 3728 convocati
937 3676 1006 3726 suut
1021 3666 1070 3727 ubi
1090 3666 1283 3747 praesentibus

107 3769 243 3832 Cesareis
256 3768 476 3842 commissoriis,
490 3764 653 3847 propositio
667 3765 697 3825 in
713 3774 884 3845 sequentem
898 3781 1015 3822 sensum
1030 3761 1110 3822 editu
1123 3774 1176 3822 est.
