3225 4700
505 307 913 387 impulsurum.
1230 333 1296 401 219

78 456 278 542 agnitusque
290 459 367 525 esti
382 458 514 545 legione
532 466 588 542 sub
603 486 665 549 qun
679 476 748 532 cute
765 468 824 531 hee
838 469 989 551 stipendis
1005 477 1126 555 meruit,
1140 478 1181 541 de
1197 481 1295 563 ipsius

77 556 194 638 cupite
215 556 314 639 prinus
338 578 458 641 quoquo
478 568 611 644 tempore
634 564 657 625 J
660 564 794 629 udicium
819 564 949 629 militure
970 568 1137 649 bubebitur,
1157 588 1189 637 et
1203 580 1295 643 morti

78 653 328 734 adjudicabitur.
371 655 466 737 Spero
486 658 519 721 id
539 678 601 721 uon
618 658 758 741 iniquum
777 660 796 725 i
814 661 869 723 sut
887 663 1074 731 Excellentie
1086 672 1223 754 eguinum
1242 674 1292 750 iri,

81 768 165 811 cnm
176 750 379 833 maximopere
387 751 610 831 dolendumsit,
618 756 700 839 quud
707 756 785 821 inter
795 757 959 823 Germunoe
967 762 1147 829 sinceritatis
1154 767 1291 832 homines

82 846 150 909 boc
163 846 245 909 tristi
258 856 425 931 temporum
434 860 514 913 stetu
527 871 564 915 eo
576 872 624 915 res
635 852 768 919 eddone
776 853 827 929 rit,
837 866 873 917 ut
880 866 985 921 conns
992 858 1085 923 fidem
1096 874 1128 926 et
1134 865 1291 947 jurumen-

83 953 160 1007 tum
175 953 238 1007 tum
251 944 339 1007 multi
349 945 371 1007 d
382 946 445 1009 suis
457 947 552 1031 siguis
562 948 739 1029 desciscant,
750 959 781 1015 st
790 970 847 1051 pgp
856 951 982 1015 libidine
991 959 1094 1020 susud
1103 960 1290 1045 basiliusque

82 1052 196 1123 perses
210 1041 419 1125 trnnsfngisnt,
429 1045 512 1126 qnod
524 1045 743 1111 Excellentism
753 1056 883 1111 rutrum
891 1047 985 1112 lstere
993 1052 1086 1115 nolui.
1128 1056 1242 1120 Dstum
1252 1080 1290 1123 ex

84 1138 211 1203 Cannis
224 1138 435 1221 Imperiulibus
451 1144 497 1205 ll.
511 1142 535 1207 J
539 1142 603 1205 unii
615 1144 709 1206 Auno
726 1145 813 1207 ictu.
881 1170 884 1177 ·

579 1240 731 1320 Officiosus
744 1242 938 1305 Excellentioe
948 1252 1051 1305 vestm
1063 1246 1171 1308 &rcus

1047 1356 1249 1422 Prooeorrrur.

616 1506 769 1591 COPIA,

115 1656 259 1714 Aliarum
275 1654 457 1714 Litterarum
475 1655 629 1717 Generalis
642 1658 761 1722 Suedicl
773 1658 919 1719 exercitu
932 1658 1058 1719 loannis
1071 1661 1211 1724 Bannirii
1222 1667 1265 1726 ud

499 1752 639 1813 Gentilem
654 1755 889 1817 Picolornr'nium.

92 1898 282 1961 Perillustris
295 1897 405 1961 Comes
417 1897 564 1979 imprimis
576 1900 760 1965 obserrsudc
775 1899 909 1964 Domine
923 1898 1081 1963 Generalis
1091 1900 1292 1966 Muresobslle

596 1994 718 2079 Campi,
733 1997 789 2061 &n
938 2034 942 2041 ·

176 2106 471 2171 ESPONSORIAE
484 2127 546 2170 suae
560 2108 756 2175 Excellentic
773 2110 897 2175 Litterae
909 2109 1049 2174 hesterno
1059 2109 1110 2173 die
1123 2120 1204 2173 reete
1216 2111 1292 2175 mibi

194 2216 265 2267 sunt
286 2204 425 2279 redditae,
446 2214 476 2266 et
501 2205 580 2269 sicut
602 2207 678 2269 mihi
702 2206 863 2291 imeginuri
882 2206 1057 2287 neutiquam
1078 2208 1172 2289 potui,
1196 2209 1291 2271 multo

95 2302 196 2365 minus
208 2300 343 2376 credere,
354 2300 550 2365 Excellentiae
563 2322 625 2367 sure
636 2305 701 2368 orbi
713 2305 862 2370 notorium
875 2302 1034 2380 sotionem,
1046 2303 1143 2384 quelis
1153 2304 1211 2368 fnit
1219 2325 1292 2368 con-

90 2401 210 2484 junctio
223 2399 379 2462 embnrnru
394 2397 576 2481 Principum
589 2402 736 2468 domuum
751 2399 983 2466 Brumriceneis
995 2410 1027 2462 et
1035 2399 1289 2484 Luneburgemb,

96 2519 131 2562 uo
146 2497 296 2572 Homines,
308 2515 376 2577 quae
389 2495 422 2556 in
437 2496 621 2578 legionibus
635 2499 829 2564 Pedestribus
839 2498 1106 2579 Equestribusqne,
1116 2499 1204 2582 signu
1213 2499 1292 2560 mili·

96 2595 174 2658 turin
194 2614 250 2677 pro
274 2593 418 2676 quelitute
440 2611 563 2655 snorum
584 2595 774 2660 servitiorum
797 2613 899 2657 seeum
922 2593 1102 2656 ducentibus
1123 2604 1154 2656 et
1179 2595 1292 2678 insigni

98 2703 242 2775 uppsrntu
254 2690 371 2766 bellico,
386 2710 439 2751 seu
453 2691 617 2773 majoribus
630 2692 786 2756 tormentis
804 2690 921 2754 bellicis
933 2690 1098 2766 instructis,
1112 2691 1290 2766 consistunt,

98 2791 176 2852 intrn
194 2787 330 2871 specium
350 2785 462 2868 integri
481 2787 601 2864 mensis,
621 2787 806 2850 innotescere
827 2807 887 2848 non
907 2787 1055 2868 potuisse:
1078 2787 1184 2848 eodem
1201 2787 1293 2848 modo

98 2888 275 2970 persnedere
288 2883 363 2946 mibi
375 2903 524 2966 mrsqusm
536 2885 621 2967 potui
634 2905 720 2950 sunm
740 2883 959 2948 Excellentium
971 2894 1034 2948 tem
1052 2885 1200 2947 nobilium
1217 2885 1292 2947 dns-

99 3005 164 3047 rum
173 2981 474 3062 Domorumlmperii
483 2981 663 3064 Principum
670 2980 947 3046 numerosissimum
956 3001 1132 3044 suoeumum
1138 2981 1293 3044 lntruncu·

99 3079 195 3143 lorum
216 3079 354 3142 eremius
371 3087 402 3142 et
418 3077 643 3162 conjunctiones
659 3079 875 3162 prndstorum,
888 3087 920 3139 et
936 3078 1002 3140 siue
1023 3078 1147 3141 licentis
1166 3077 1291 3142 Ducum

100 3197 230 3254 suorum,
244 3175 420 3260 regentium
433 3173 563 3238 militum
576 3176 766 3238 excursiones
778 3174 955 3237 hebitntsm.
997 3173 1058 3236 Sed
1067 3175 1174 3257 opinor
1182 3175 1293 3237 erroris

100 3275 196 3358 potins
212 3273 398 3357 urguendum
419 3271 649 3348 Osncellnisrn,
667 3282 720 3336 sut
743 3271 926 3352 Scriptorem
946 3271 1000 3353 qui
1020 3273 1106 3335 dutus
1125 3272 1292 3334 litterarum

102 3379 259 3454 conceptus
277 3389 434 3453 perperam
449 3368 630 3433 intellexerit
645 3380 677 3432 et
694 3369 805 3432 cbsrtae
820 3379 933 3430 temere
950 3368 1089 3432 illeverit
1132 3367 1294 3432 Praedictre
1339 3391 1343 3398 ·

102 3469 180 3530 enim
197 3468 266 3530 duae
289 3468 408 3529 Domus
424 3467 568 3548 quonium
585 3487 617 3529 se
634 3467 838 3550 Pregensibue
859 3465 1065 3542 Pectionibus,
1079 3483 1166 3546 mque
1185 3485 1222 3526 nc
1240 3463 1294 3526 slii

104 3565 259 3647 Principes
280 3583 399 3626 securos
420 3563 544 3625 minime
569 3574 787 3646 compererunt,
808 3563 847 3624 nd
870 3561 949 3622 benc
971 3561 1214 3644 conjunctionem
1232 3579 1293 3620 non

104 3662 209 3742 injuris
223 3672 252 3722 ct
266 3663 431 3724 necessario
447 3661 586 3722 adduotae
605 3671 685 3734 sunt,
700 3670 733 3720 nt
749 3659 854 3721 saltem
876 3659 1045 3738 conjunctis
1064 3677 1133 3719 cum
1154 3653 1295 3717 Suedicis
