3225 4700
318 332 381 396 228
707 320 1113 390 ITINERARIUM.

320 481 539 543 occubuerunt:
561 478 677 541 Baroni
687 477 759 539 verb
769 478 807 539 de
819 476 1008 539 Douawduo
1018 470 1414 558 gladiiiuterproellandum
1424 466 1535 548 rupti,

321 588 446 659 uterque
459 586 558 637 tamen
573 574 673 637 salvus
686 574 790 636 evasit.

364 675 436 735 Non
449 672 546 755 potuit
558 680 621 734 tam
634 671 764 754 propitio
778 669 880 732 Marte
892 668 1022 751 pugnari
1034 668 1107 748 quin
1120 675 1151 728 et
1165 666 1372 747 Hispanorum
1385 659 1535 744 plusculi

323 766 534 832 occumberent
554 777 607 831 aut
628 768 866 838 vulnerarentur,
890 768 969 828 iuter
995 765 1100 847 primae
1123 761 1309 825 auctoritatis
1335 760 1417 821 viros
1445 758 1532 817 Don

322 868 346 929 J
348 866 474 948 osephus
484 867 521 928 de
531 865 665 928 Savedra
675 863 804 926 Maistro
815 863 866 926 del
875 863 992 944 Campo
999 862 1106 924 leviter
1114 859 1263 922 sancimus
1272 867 1328 932 est,
1339 857 1534 918 Beruardus

324 963 369 1025 de.
377 963 497 1045 Burges
509 962 625 1025 duobus
639 960 769 1043 globulis
781 960 931 1041 plumbeis
941 958 1125 1020 vulneratur.
1166 955 1349 1037 capitaneus
1362 951 1532 1014 Martinus

324 1059 463 1122 Valentia
486 1057 639 1134 oooubuit,
661 1056 845 1138 capitaneus
865 1055 988 1119 Patalta
1009 1063 1145 1116 mortuus
1166 1060 1221 1129 est,
1247 1050 1320 1113 Dou
1343 1050 1534 1111 Ludovieus

325 1157 426 1237 Cayro
438 1155 562 1237 accepta
574 1162 698 1215 eruenta
710 1154 800 1236 plaga
813 1162 927 1234 eaptus,
944 1152 997 1214 sed
1009 1172 1080 1213 mox
1092 1149 1263 1232 captivitate
1275 1155 1445 1228 exemptus,
1460 1154 1534 1206 erat

325 1252 376 1315 hio
392 1253 563 1315 Ludovious
577 1251 794 1314 Gubernatoris
806 1248 1068 1311 Herreuthaleusis
1078 1248 1184 1323 Filius,
1194 1247 1320 1329 jamque
1329 1244 1531 1327 aliquamdiu

326 1349 405 1411 inter
425 1356 558 1410 mortuos
573 1348 721 1428 jacuerat,
739 1354 894 1427 vestesque
913 1346 971 1427 ipsi
987 1344 1006 1407 h
1025 1344 1172 1406 militibus
1186 1351 1283 1405 unta
1299 1342 1431 1417 fueraut,
1450 1360 1531 1401 eum

327 1465 398 1507 vero
411 1442 549 1505 nonnulli
562 1442 693 1504 militum
711 1443 912 1523 disceptarent
928 1444 967 1503 de
979 1441 1085 1524 caligis
1098 1451 1130 1504 et
1141 1441 1236 1503 ocreis
1248 1442 1323 1521 ejus,
1337 1446 1438 1500 orento
1451 1456 1531 1497 mox

327 1542 435 1623 eapite,
448 1541 516 1622 quis
528 1548 605 1601 esset
614 1540 740 1620 aperuit,
754 1540 906 1621 vitamque
915 1560 970 1621 pro
980 1538 1110 1599 militum
1118 1539 1190 1620 jure
1199 1538 1257 1599 sibi
1266 1536 1378 1598 servari
1388 1534 1528 1617 rogavit,

329 1657 421 1719 quam
436 1636 583 1697 Hollaudi
597 1636 653 1717 ipsi
667 1636 748 1718 pacti
761 1632 846 1711 sunt,'
856 1637 1067 1718 captivumque
1080 1635 1277 1709 admiserunt,
1290 1643 1380 1714 atque
1397 1633 1440 1693 ad
1451 1650 1529 1692 suos

328 1734 526 1794 abduxerunt.
569 1733 619 1795 De
631 1742 726 1796 morta
741 1732 870 1795 Comitis
884 1732 1013 1795 Heurici
1026 1732 1169 1796 casimiri
1181 1731 1294 1793 multus
1311 1730 1449 1790 omnium
1464 1728 1531 1788 init

329 1829 429 1891 luctus
447 1830 558 1912 quippe
572 1830 625 1911 qui
638 1830 724 1893 miles
737 1831 834 1892 fuerat
847 1850 908 1891 nou
920 1831 1021 1892 minus
1032 1829 1183 1891 animosus
1196 1846 1286 1909 quam
1299 1827 1444 1908 prudeus,
1457 1845 1528 1886 om-

330 1926 477 2006 nibusque
491 1926 529 1986 ob
541 1926 711 1989 comitatem
723 1926 841 1988 oharus.

372 2023 476 2105 Longo
489 2024 685 2104 auspicatiore
699 2024 800 2085 Marte
812 2024 846 2085 in
860 2022 1002 2085 Arthesia
1015 2023 1034 2086 h
1047 2022 1145 2085 Gallis
1156 2029 1323 2104 pugnatum
1337 2028 1391 2094 est,
1406 2020 1527 2080 Ducto-

331 2118 412 2179 ribus
424 2119 572 2180 exeroitus
588 2119 727 2180 Franoioi
747 2118 892 2199 Milleray
905 2128 936 2181 et
948 2119 1134 2182 chastillon:
1155 2139 1191 2179 ao
1207 2117 1278 2180 lieet
1295 2117 1381 2178 initia
1393 2116 1527 2177 Aurela·

331 2216 423 2278 tensis
436 2215 599 2277 obsidionis
609 2225 752 2297 susceptae
766 2215 872 2298 gravia
884 2224 915 2276 et
927 2215 1060 2297 litigiosa
1069 2216 1193 2291 fuerint,
1203 2214 1273 2275 finis
1282 2222 1382 2275 umen
1393 2222 1527 2295 optatus,

330 2311 427 2374 fracta
440 2311 555 2374 soilioet
567 2332 628 2375 uon
642 2313 706 2374 sine
719 2311 821 2375 labore
834 2320 865 2374 et
878 2313 1025 2397 sangnine
1036 2332 1123 2390 nuce,
1135 2312 1289 2394 respondit
1298 2310 1528 2374 difficultatibus

332 2409 429 2471 multa
441 2429 511 2471 oum
524 2409 660 2471 molestia
673 2409 841 2482 exantlatis,
854 2418 889 2472 ut
901 2430 940 2472 ex
950 2411 1142 2490 sequentibus
1155 2411 1279 2492 patebit.

374 2506 459 2568 Inter
471 2507 639 2588 praeoipuas
652 2507 802 2571 Arthesioe
816 2507 964 2570 Civitates
976 2528 1037 2569 uon
1051 2506 1189 2568 intimum
1202 2507 1259 2568 sibi
1278 2507 1378 2569 loonm
1389 2506 1526 2568 vindieat

334 2603 460 2686 insignis
473 2602 526 2663 illa
538 2603 666 2665 munitio
680 2603 856 2666 Arrelatum
870 2604 963 2679 diota,
977 2604 1089 2684 quippe
1101 2623 1172 2683 quae
1185 2603 1277 2665 totius
1291 2603 1405 2665 Patriae
1416 2612 1525 2664 metro

335 2699 412 2781 polis
424 2709 455 2762 et
467 2699 560 2761 elaris
573 2699 708 2774 habetur,
724 2709 754 2762 et
763 2719 834 2761 oum
847 2699 977 2762 multum
990 2698 1056 2761 hoeo
1070 2701 1140 2760 urbs
1155 2699 1331 2774 celebretur,
1344 2699 1451 2760 merito
1468 2699 1524 2761 sibi

335 2795 444 2858 Gallus
456 2816 522 2857 eam
535 2796 662 2857 subdere
675 2797 784 2878 saepius
797 2796 918 2857 molitus
929 2806 993 2872 est3
1015 2816 1096 2856 uuuo
1104 2796 1226 2857 demum
1239 2796 1316 2857 serio
1328 2795 1524 2879 aggrediendi

335 2894 579 2955 eommoditatem
597 2900 714 2967 neotus,
735 2893 864 2954 distento
881 2891 1044 2954 cardinale
1066 2891 1225 2974 Hispania
1240 2893 1273 2953 iu
1292 2892 1437 2954 Flandria
1453 2913 1522 2954 oum

339 2989 511 3064 Hollandis‚
540 2990 615 3050 duos
637 2987 819 3071 justissimos
845 2987 993 3050 exereitus
1019 2989 1075 3049 snb
1099 2987 1308 3050 Mnresohallis
1335 2987 1477 3068 Millerny
1494 2998 1525 3050 et

337 3086 506 3150 chastillon
519 3085 654 3167 perrupti
667 3083 808 3146 Arthesia
821 3086 862 3147 ad
882 3084 1036 3146 civitatem
1051 3084 1201 3166 applioat3
1221 3094 1312 3166 atque
1330 3093 1365 3145 ut
1381 3105 1417 3145 eo
1434 3086 1523 3146 tutius
1552 3140 1558 3152 ,

337 3202 401 3243 rem
415 3183 650 3267 aggrederentur
663 3181 695 3244 in
709 3181 842 3262 quinque
855 3179 996 3262 capitalia
1006 3182 1165 3261 quarteria,
1179 3190 1214 3242 ut
1227 3190 1348 3255 vocant,
1362 3201 1425 3242 sese
1438 3182 1524 3262 parti·

339 3287 430 3340 untur
445 3277 611 3341 chastillon
625 3279 657 3340 in
673 3277 761 3361 Pago
774 3277 914 3339 Auberth
926 3276 1094 3360 hospitatus
1106 3278 1204 3350 estin
1216 3297 1380 3360 quoquam
1397 3279 1523 3358 primum

338 3372 438 3434 nobile
451 3373 625 3436 fortalitium
638 3374 738 3436 moliri
752 3383 782 3435 et
792 3374 869 3457 erigi
877 3373 978 3454 jussit.
1013 3374 1084 3436 Non
1093 3375 1198 3456 procul
1211 3376 1249 3436 ab
1262 3395 1298 3437 eo
1312 3375 1523 3439 Maresohallns

340 3468 485 3550 Milleray
498 3470 538 3530 ad
555 3469 633 3533 latus
649 3469 816 3552 conjunxit,
830 3469 1060 3552 duplicibusque
1073 3471 1266 3533 munimentis
1279 3481 1385 3533 nonna
1400 3470 1520 3532 hostium

339 3567 486 3648 impetum
499 3566 636 3628 armarit.
678 3564 897 3627 Maresohallns
907 3586 997 3648 porro
1011 3567 1049 3629 de
1068 3567 1156 3630 Ferte
1168 3588 1271 3631 versus
1284 3568 1479 3630 camaracum
1491 3579 1522 3628 ut

339 3663 467 3726 vicinior
477 3671 553 3726 esset
566 3663 632 3724 urbi
645 3663 803 3725 stationem
813 3663 922 3742 posuit,
933 3683 1023 3744 seque
1033 3663 1128 3726 tribus
1138 3663 1287 3727 fortalitiis
1297 3663 1391 3727 multa
1401 3662 1521 3726 militnm
