3225 4700
343 341 385 406 28
717 341 1136 411 ITINERARIUM.

343 500 507 554 commeatu
518 493 606 556 stiam
620 503 650 556 et
658 493 764 556 bellico
776 504 921 577 apparatu
933 505 1048 573 onusta,
1058 515 1127 578 qna
1137 492 1239 556 omnia
1251 493 1314 554 uui
1325 509 1396 554 cum
1408 488 1526 551 civium

342 587 427 648 bouis
440 587 518 650 intra
526 609 636 671 paucas
649 589 735 652 hores
750 589 896 654 Suedicus
908 593 1055 654 exercitus
1067 591 1256 673 depraedatus
1267 598 1321 651 ost.

383 683 443 744 His
452 705 505 764 per
517 686 590 747 actis
599 686 750 748 Gusuvm
758 707 828 748 cnm
838 688 879 748 od
887 690 1022 769 tympani
1032 709 1137 750 sonum
1146 686 1382 767 depraedatorem
1394 681 1527 744 militem

341 779 361 839 l
386 781 488 860 proedi
514 781 642 844 inhiberi
663 783 810 864 jussisset,
837 795 869 846 et
894 786 1026 866 receptui
1052 786 1107 846 sub
1133 783 1222 866 poeui
1248 780 1355 862 capitis
1381 778 1528 860 clangore

341 875 475 938 buccinis
498 879 623 952 canteri,
644 878 683 940 ad
701 879 874 940 Australem
897 891 1013 960 portem
1033 880 1146 941 lautam
1166 878 1306 939 instruxit
1325 895 1455 949 omnam,
1472 873 1526 934 cui

341 970 480 1033 interesse
493 973 589 1035 voluit
606 973 795 1036 Walthorum
815 995 852 1036 ex
868 975 991 1037 vnlnere
1009 979 1154 1048 saucium,
1176 975 1315 1054 quicum
1336 969 1464 1053 pedibus
1484 969 1527 1030 ob

340 1067 492 1150 sauguinis
504 1069 617 1150 profusi
630 1071 746 1151 copiam
759 1069 919 1131 consistere
929 1091 1008 1153 aegre
1019 1083 1127 1152 posset,
1138 1072 1169 1132 in
1177 1069 1295 1131 hastilia
1308 1087 1391 1128 more
1398 1065 1527 1126 militari

338 1163 481 1240 sublatus,
490 1164 529 1226 ad
538 1165 653 1247 Regem
664 1175 708 1226 cst
715 1165 896 1244 deportatus,
908 1167 959 1228 rix
966 1177 1088 1229 venerat
1097 1169 1152 1228 sub
1161 1176 1352 1248 conspectum
1360 1159 1525 1243 Gustophi,

338 1258 439 1322 stricto
452 1280 593 1321 mucrone
606 1269 725 1342 rogatus
738 1269 782 1320 cst
800 1259 838 1320 ab
858 1260 983 1340 ipsomet
1002 1262 1167 1324 Succorum
1180 1263 1266 1344 Rege
1284 1261 1307 1323 J
1309 1260 1435 1320 uuiorno
1445 1267 1528 1319 esset

338 1374 377 1415 on
390 1355 496 1417 Senior
507 1355 721 1435 Butlerus,qui
731 1375 801 1418 cum
810 1374 841 1415 se
851 1355 874 1416 J
876 1358 1011 1419 uniorcm
1024 1358 1213 1434 emersissem
1236 1356 1344 1441 Superi
1352 1362 1526 1423 teservant,
1598 1408 1603 1423 ,

337 1450 424 1511 miles
436 1451 577 1524 moscule,
591 1452 633 1512 ait
654 1451 732 1524 Rex,
746 1451 826 1530 quod
839 1461 869 1512 te
882 1453 1027 1514 seniorem
1043 1473 1108 1515 esse
1120 1454 1291 1520 noluerunt.
1305 1451 1357 1532 qui
1370 1451 1397 1511 si
1415 1450 1526 1511 fuisses

338 1545 403 1606 baec
416 1546 471 1607 tibi
488 1546 642 1627 obtigisset
655 1547 782 1625 fortuna,
802 1557 836 1607 ut
856 1548 954 1630 Regii
973 1548 1029 1610 hac
1047 1549 1153 1610 dextri
1168 1549 1334 1618 cecidisses,
1351 1546 1526 1608 humaniter

337 1639 447 1703 dehinc
460 1652 615 1722 acceptum
631 1643 781 1725 regiorum
795 1646 981 1707 medicorum
994 1665 1074 1706 curte
1094 1644 1219 1706 sollicite
1237 1644 1396 1705 commisit.
1439 1641 1526 1703 Inte·

337 1738 395 1798 rim
408 1738 461 1817 qui
478 1737 557 1798 facti
570 1731 626 1798 tte
637 1739 723 1801 clade
740 1761 778 1802 ex
790 1740 969 1803 Ooesaricuis
982 1741 1075 1822 copiis
1088 1741 1196 1822 partim
1209 1741 1320 1812 nando,
1334 1738 1442 1821 partim
1452 1757 1523 1799 cur·

336 1833 432 1895 riculo
445 1842 566 1914 pontem
580 1835 806 1898 transmittendo
816 1845 980 1911 evaserant,
990 1857 1131 1919 magnam
1145 1835 1346 1898 Glockoviam
1358 1835 1523 1915 petierunt,

336 1931 417 1991 unde
440 1930 634 1991 Herberstein
657 1933 697 1993 ad
719 1932 870 1994 Cursarem
891 1952 1024 1994 cursores
1046 1933 1139 2008 misit,
1155 1932 1208 2013 qui
1231 1933 1351 2013 culpam
1371 1930 1468 1992 cledis
1488 1941 1521 1991 et

335 2035 429 2105 captae
444 2026 527 2086 urbis
541 2025 696 2088 Walthero
710 2028 920 2110 impingerent,
941 2038 1030 2109 atque
1052 2028 1167 2090 hostem
1187 2030 1227 2090 ad
1249 2029 1342 2110 ipsius
1360 2027 1520 2087 stationem

336 2121 475 2202 irrupisse
486 2121 790 2184 comminiscereutur.
813 2123 883 2184 Non
892 2123 980 2185 latuit
990 2123 1043 2184 illa
1052 2124 1198 2185 Waltheri
1207 2124 1356 2185 accusatio
1366 2123 1518 2184 Jacobnm

336 2216 505 2290 Butlerum,
524 2217 577 2297 qui
598 2219 636 2278 ab
657 2218 811 2279 obsidione
834 2218 1091 2301 Magdeburgensi
1111 2220 1206 2281 redux
1220 2218 1457 2301 exprobratorias
1477 2219 1518 2279 ad

335 2311 523 2374 Woltherum
539 2332 629 2394 quam
649 2335 718 2377 mox
736 2315 865 2395 scripsit,
887 2325 979 2377 totam
996 2315 1094 2377 labem
1111 2325 1142 2378 st
1155 2316 1262 2379 vitiam
1280 2314 1410 2377 civitatis
1422 2315 1454 2375 vi
1467 2335 1518 2376 ex·

334 2418 474 2491 pugnstae
488 2410 545 2491 ipsi
559 2431 713 2493 oggerens,
729 2411 819 2472 sciret
832 2411 932 2493 itaque
952 2411 1021 2493 (ait)
1034 2411 1189 2477 Walthero
1201 2410 1442 2492 respondendnm
1454 2432 1518 2473 eme

335 2505 447 2566 Caesari
469 2525 525 2587 pro
551 2514 613 2567 tam
640 2507 745 2569 infami
769 2506 864 2569 clade.
907 2509 979 2570 Non
991 2508 1062 2569 tulit
1087 2508 1229 2589 injurium
1251 2508 1347 2568 virilis
1367 2505 1518 2568 waltheri

224 2646 238 2669 .
334 2602 459 2676 animus,
474 2602 526 2663 sed
545 2604 669 2684 arreptis
690 2603 837 2665 codicillis
853 2604 1044 2667 traductoriis
1061 2605 1199 2666 Gustavo
1216 2603 1357 2685 legendas
1369 2602 1515 2677 exhibuit,
1602 2625 1603 2628 ¹

333 2698 386 2778 qni
398 2698 487 2759 simul
502 2718 537 2758 ac
551 2697 736 2761 luculentum
750 2699 964 2762 Waltherianae
977 2700 1160 2761 fortitudinis
1169 2698 1370 2761 testimonium
1380 2698 1516 2779 expediri

328 2793 428 2873 jussit,
442 2794 523 2875 qnod
543 2805 573 2856 et
588 2796 759 2877 consignari
775 2795 870 2857 voluit
886 2796 1020 2857 omnium
1037 2795 1232 2857 Gener-alium
1249 2794 1349 2877 sigillo
1366 2813 1517 2874 manuque

331 2889 450 2971 proprii
463 2891 619 2953 subscribi.
662 2892 701 2953 ln
715 2912 751 2955 eo
763 2894 925 2954 testabatur
933 2912 1052 2954 omnem
1071 2892 1192 2972 culpam
1205 2911 1265 2952 non
1279 2892 1312 2950 in
1325 2890 1424 2951 virum
1436 2892 1515 2971 vigi-

332 2984 401 3061 lem,
416 2987 469 3048 sed
482 2987 514 3047 in
531 3000 773 3051 commessatores
792 2990 919 3051 nimium
939 2989 971 3049 in
989 2996 1071 3050 tanto
1085 2988 1219 3068 periculo
1230 3006 1349 3047 secum
1362 3005 1425 3047 csse
1438 2985 1516 3045 deri·

332 3082 472 3156 vandum,
497 3084 549 3164 qui
572 3086 598 3145 si
620 3106 688 3146 cum
711 3086 868 3147 Wslthero
892 3094 1075 3167 pugnassent
1095 3086 1215 3145 strenue
1236 3102 1391 3163 nunqnam
1416 3102 1450 3142 sc
1476 3082 1514 3142 de

331 3176 470 3239 ulteriore
498 3179 610 3261 impetu
643 3182 843 3263 cogitaturum
877 3182 979 3243 fnisse.
1040 3181 1141 3253 Quum
1173 3179 1267 3241 hostis
1298 3178 1514 3239 attestationem

331 3270 480 3333 Viennam
493 3274 556 3355 ipse
564 3286 665 3356 postea
678 3277 851 3339 Waltherus
869 3276 910 3338 ad
924 3276 1137 3358 Imperatorem
1148 3275 1266 3338 detulit.
1308 3274 1370 3335 Sed
1382 3282 1413 3333 st
1423 3272 1513 3333 Fran·

331 3366 500 3430 cofnrdioui
510 3371 550 3431 ad
563 3371 694 3433 Oderam
705 3372 792 3454 peolb
801 3383 868 3455 post
874 3371 1008 3433 libellum
1017 3372 1097 3453 typis
1106 3373 1178 3434 cudi
1185 3382 1216 3432 et
1223 3370 1357 3453 evulgari
1368 3368 1511 3441 iecerunt,

330 3481 419 3544 quem
443 3464 481 3526 de
502 3465 719 3529 calamitatibus
738 3468 1032 3529 Francofurteusium
1054 3468 1240 3549 inscripsere,
1259 3468 1292 3527 in
1312 3485 1372 3546 qno
1392 3464 1512 3524 immor·

330 3559 403 3621 telos
417 3560 543 3623 Butlcro
553 3562 584 3623 in
597 3562 654 3625 hbe
668 3566 821 3627 obsidione
834 3563 937 3625 laudes
950 3564 1142 3639 adscribunt3
1163 3574 1329 3625 memorant
1337 3560 1407 3624 verb
1421 3558 1512 3620 nullis

330 3677 463 3739 nuquam
476 3658 594 3721 succulis
609 3659 767 3723 delendam
786 3659 941 3744 ignavium
959 3659 1123 3722 Cosarinni
1141 3658 1256 3734 militis,
1272 3676 1400 3739 quorum
1416 3656 1511 3738 negli-
