3225 4700
507 333 532 398 1
537 332 821 404 TINERARI
828 333 912 401 UM.
1228 342 1292 408 ³19

101 501 158 562 pro
177 483 319 547 universo
340 489 474 551 exercitu
498 510 535 552 eo
553 491 659 572 praelio
679 492 878 572 interceptum
898 491 997 554 fuisse.
1039 490 1149 555 idonei
1168 492 1289 577 insuper

100 587 192 642 testes
212 591 308 659 erant,
329 585 383 665 qui
402 587 534 650 sciebant
547 587 745 651 Camaracum
755 588 887 650 nobilem
901 590 1005 651 urbem
1017 589 1080 652 600
1092 591 1226 672 ejusdem
1238 612 1288 654 co·

99 673 174 736 loris
183 695 275 757 equos
282 698 337 759 pro
349 682 459 743 essedis
472 693 646 765 magnatum
659 705 696 747 ex
706 684 793 746 clade
801 682 960 745 Gallorum
971 685 1116 748 deductos
1129 695 1159 747 et
1167 704 1288 749 vaenum

99 769 193 833 fuisse
212 777 388 856 propositos.
431 779 508 852 Quoe
528 781 566 843 de
585 781 717 864 gregarii
735 782 840 843 militis
861 781 991 863 Hispani
1011 802 1047 844 cx
1062 784 1165 865 prada
1183 785 1287 866 partis,

100 873 176 927 tunc
188 871 329 951 temporis
348 874 442 937 relata
460 885 540 952 sunt,
564 876 630 938 aliis
646 874 848 959 particulatim
866 878 1041 959 exequenda
1062 878 1209 961 relinquo,
1231 900 1288 964 ego

102 980 152 1021 me
164 963 217 1023 nbi
229 968 496 1047 peregrinationem
513 992 621 1047 meam,
635 992 726 1053 quem
744 973 825 1035 cirea
837 972 903 1034 baec
916 982 1051 1054 tempora
1064 975 1288 1039 Zastoehaviam

102 1060 230 1142 suscepi,
252 1064 355 1142 paucis
378 1068 589 1146 perstrinxero,
610 1069 650 1130 ad
665 1068 767 1131 felices
787 1088 940 1131 successus
959 1070 1168 1133 Dorstensonii
1186 1085 1289 1138 contre

102 1154 256 1219 Caesareos
268 1159 417 1223 calamum
430 1163 598 1247 accingam.

141 1253 175 1313 A
191 1254 431 1339 multo-tempore
442 1259 647 1323 Zastoclrovioe
668 1262 815 1324 celebrem
835 1263 988 1325 audieram
1008 1282 1070 1325 esse
1089 1261 1200 1339 locum,
1216 1264 1289 1327 ima·

100 1346 172 1427 gine
187 1348 229 1408 Β.
242 1351 379 1433 Virginis
391 1362 422 1415 et
433 1356 536 1417 multis
549 1357 633 1418 miris
645 1358 770 1419 clarum.
813 1358 920 1442 Imago
936 1360 1007 1421 verb
1028 1380 1064 1421 ex
1084 1360 1290 1440 antiquissima

100 1451 182 1503 retro
194 1447 338 1508 memoria
351 1449 369 1510 d
382 1452 478 1513 sancti
492 1452 584 1515 Lucae
601 1454 742 1534 penicillo
756 1474 895 1537 expresse
912 1456 1050 1517 traditur.
1093 1456 1164 1518 Huc
1183 1456 1289 1539 religio

100 1556 149 1597 me
159 1538 304 1617 trahebat,
319 1552 349 1605 et
361 1564 431 1606 oum
444 1567 504 1609 non
517 1550 622 1629 procul
634 1568 739 1625 esserra
753 1558 928 1632 tempusque
939 1571 975 1613 ac
988 1552 1081 1613 otium
1094 1552 1288 1633 permitteret,

100 1632 249 1699 desiderio
261 1658 329 1699 meo
341 1640 517 1719 velificatus,
530 1645 588 1705 iter
599 1646 717 1727 suscepi
736 1665 846 1729 magno
866 1647 959 1707 enimi
978 1646 1038 1708 mei
1058 1649 1172 1711 solatio.
1213 1649 1289 1712 Vidi

100 1730 182 1791 enim
194 1732 360 1796 confertam
373 1740 507 1819 quotidie
526 1740 683 1803 bominum
701 1742 925 1805 multitudinem
942 1742 1014 1805 illuc
1027 1744 1237 1821 confluentem,
1258 1753 1288 1808 et

100 1825 133 1885 in
147 1829 385 1908 praesentissimis
401 1835 542 1914 periculis
559 1837 717 1899 salutarem
734 1858 821 1919 opem
840 1838 922 1899 baud
939 1839 1024 1900 irrita
1044 1859 1132 1921 prece
1153 1842 1288 1904 obtinen-

100 1932 173 1997 tem,
188 1945 258 1985 cum
276 1928 386 2006 quibus
402 1932 495 1992 sacris
513 1942 651 2014 operatus
667 1954 735 1995 mea
747 1953 865 2015 qnoque
879 1944 947 1996 vota
956 1934 1055 2017 junxi.
1098 1935 1222 1998 Substiti
1236 1958 1287 1997 eu·

100 2028 161 2079 tem
176 2020 233 2081 hoc
245 2021 305 2084 loci
317 2025 460 2105 plusculis
470 2028 586 2104 diebus,
599 2029 699 2109 quoad
708 2030 855 2091 redeundi
867 2030 900 2091 in
915 2031 1070 2093 Austriam
1083 2032 1288 2114 opportunitas

99 2136 132 2176 se
145 2116 276 2193 offerret,
290 2121 362 2185 dum
375 2126 448 2187 verb
460 2124 510 2186 hic
524 2145 573 2186 me
586 2126 717 2201 detineo,
736 2146 807 2187 cnm
823 2126 969 2209 religiosis
983 2126 1219 2189 Claremontanis
1233 2129 1288 2190 inii

99 2220 344 2297 familiaritatem,
371 2222 403 2283 in
424 2240 551 2301 quorum
572 2222 720 2285 Archivio
741 2222 981 2303 antiquissimam
1003 2222 1157 2285 historiam
1176 2226 1288 2286 servari

100 2319 243 2400 comperi,
268 2338 337 2400 quae
355 2320 443 2382 docet
459 2337 520 2399 quo
536 2319 625 2380 modo
648 2317 730 2381 dieta
746 2318 847 2400 inrogo
868 2338 906 2381 ex
924 2318 1202 2400 Hierosolymiteno
1225 2319 1288 2384 solo

100 2416 392 2498 Constantinopolim
413 2416 545 2497 primtm
570 2435 625 2497 per
643 2425 777 2478 sanctam
800 2415 950 2478 Helenam
973 2417 1082 2499 Magni
1096 2417 1287 2480 Constantini

99 2522 227 2574 matrem
240 2512 340 2576 delata
351 2513 401 2588 sit,
410 2533 447 2574 ac
459 2513 530 2574 inde
543 2533 595 2594 por
606 2513 762 2575 Prussiam
769 2512 996 2574 Zastcchoviam
1006 2514 1128 2574 tandem
1139 2521 1288 2596 manspor-

100 2617 173 2669 tata.
214 2609 267 2670 Ad
276 2608 390 2670 calcem
401 2608 492 2691 hujus
505 2608 612 2690 capitis
631 2607 783 2671 coronidis
801 2608 869 2670 loco
889 2608 988 2690 placet
1006 2617 1136 2671 attexere
1150 2629 1212 2671 rem
1225 2631 1287 2674 non

100 2705 202 2766 minus
213 2705 320 2766 miram
334 2725 425 2786 quam
437 2725 550 2779 veram,
565 2724 654 2786 quam
668 2705 750 2766 circa
767 2704 885 2766 Novum
902 2705 1036 2766 Domum
1052 2706 1211 2767 undecima
1225 2705 1289 2768 De·

99 2802 230 2864 cambris
241 2822 321 2864 anno
334 2802 448 2864 Christi
457 2803 539 2864 1642
550 2801 742 2883 spectandam
760 2800 897 2865 exhibuit
913 2801 1015 2863 multis
1027 2798 1184 2863 hominum
1198 2803 1288 2864 milli·

6 2903 9 2934 '
99 2899 166 2960 bus.
207 2899 315 2962 AEtber
332 2898 402 2962 coeli
423 2919 460 2960 eo
481 2899 532 2960 die
552 2907 617 2960 erat
638 2899 755 2973 sudum,
777 2907 807 2960 et
827 2898 898 2960 solia
915 2898 1031 2980 sphaera
1049 2898 1140 2959 nullis
1159 2898 1288 2962 nubibus

99 2997 266 3076 tegebatur,
287 3018 358 3059 cum
371 2996 468 3059 subito
485 2996 618 3058 exauditi
635 3005 706 3058 sunt
722 3013 831 3078 graves
843 2999 910 3057 aiire
924 2995 1055 3079 fragores
1071 2992 1188 3076 visique
1206 2996 1288 3078 globi

99 3112 154 3172 per
165 3093 255 3155 inane
268 3093 479 3168 discurrentes,
487 3101 518 3154 et
530 3093 563 3153 in
576 3092 675 3154 medio
688 3092 798 3154 ethere
812 3091 907 3154 multo
923 3111 994 3154 cnm
1008 3091 1105 3154 sonitu
1120 3102 1287 3173 crepantem

100 3209 173 3249 mox
185 3200 388 3254 successerunt
401 3191 530 3275 geminae
546 3200 729 3252 armatorum
743 3189 832 3264 acies,
844 3197 950 3250 contra
963 3209 995 3250 se
1012 3187 1116 3249 mutub
1130 3189 1287 3271 congredi·

100 3294 193 3361 entes,
204 3296 236 3348 et
247 3288 423 3350 alterutrum
434 3288 621 3358 lmmsentas,
629 3295 660 3347 et
671 3285 840 3348 fistularum
853 3284 1004 3346 minorum
1018 3283 1228 3366 crepitantium
1241 3305 1288 3348 so-

101 3380 169 3442 nitu
194 3383 269 3446 alter·
295 3384 422 3446 alterum
446 3390 591 3467 petentes,
617 3383 816 3444 intercinente
841 3380 996 3443 turbarum
1024 3389 1054 3443 et
1077 3390 1286 3464 tympanorum

6 3502 10 3528 a
100 3476 235 3540 classico.
276 3481 408 3543 Duravit
424 3481 509 3544 istius
526 3479 609 3541 modi
623 3479 756 3541 volitatio
771 3480 812 3541 ad
827 3487 886 3540 tres
898 3479 977 3560 ipsas
990 3477 1076 3539 horas
1089 3479 1130 3540 ad
1141 3477 1287 3558 stupenti·

99 3571 156 3635 bus
168 3574 333 3640 innumeris
345 3588 546 3661 spectatorum
559 3576 674 3639 turmis

141 3668 234 3733 Circa
245 3675 350 3741 eadem
361 3686 506 3760 tempora,
524 3695 586 3738 non
602 3672 708 3757 procul
724 3671 842 3735 Granio
859 3670 998 3734 immanis
1010 3668 1183 3754 quantitatis
1196 3669 1286 3752 piscis
