3225 4700
482 346 508 417 1
512 346 570 419 TI
573 346 795 421 Nesus!
804 349 892 419 ΠΜ.
1225 350 1285 419 103

74 502 185 577 ducta,
200 522 330 585 comque
343 502 478 580 omnino,
489 503 622 587 exceptis
634 504 768 587 partibus
781 504 1000 579 secretioribus,
1009 504 1113 577 fnisset
1124 505 1287 584 denudata,

75 612 110 661 ct
130 602 165 662 in
185 601 347 682 equuleum
367 610 500 678 extensa,
517 602 596 664 inter
615 603 714 684 prima
728 612 878 665 tormenta
895 601 941 663 nil
955 602 1118 683 quicquam
1137 605 1286 687 satiasse,

77 718 153 759 cum
167 709 268 760 autem
285 699 326 761 ad
337 698 491 783 graviores
506 720 610 781 poeuas
622 709 698 761 osset
713 699 902 773 deducenda,
916 698 1075 781 deprecata
1084 709 1139 775 est,
1154 712 1186 765 et
1195 702 1288 764 libere

78 816 113 855 se
123 794 258 857 daemoni
272 794 335 858 {ide
344 796 517 859 obstrictam
529 796 618 874 dixit,
631 815 761 877 cumque
774 815 898 878 eossape
910 797 1019 877 sepius
1028 798 1223 860 concubuisse
1232 799 1288 860 sub

80 893 185 972 specie
199 891 292 969 virili,
305 892 456 974 simulque
474 892 636 974 complices
653 912 816 973 earumque
832 893 966 954 facinora
983 893 1111 973 aperuit.
1153 894 1203 956 Ob
1219 914 1288 975 qua

80 1008 189 1049 omnes
203 988 244 1050 ad
258 1000 385 1051 mortem
397 990 545 1053 damnmse
559 990 741 1073 supplicium
755 1010 811 1071 pro
822 988 929 1051 meritc
941 990 1072 1052 luerunt.

125 1082 229 1147 Tertii
247 1085 390 1148 Jannarii
412 1087 580 1149 Dominum
600 1108 704 1149 versus
723 1086 920 1168 perreximus,
941 1086 1096 1149 Gallassus
1115 1088 1187 1150 verb
1208 1088 1290 1149 Neo·

80 1181 363 1264 brandenburgum,
386 1192 420 1244 nt
438 1184 511 1245 iude
532 1182 766 1245 Anclariensem
790 1182 987 1257 obsidionem,
1010 1202 1079 1264 qnoe
1103 1184 1167 1246 sine
1188 1184 1289 1247 fincta

81 1278 329 1352 continuabatur,
349 1278 486 1355 solveret,
508 1300 546 1342 ne
565 1279 650 1341 miles
670 1279 738 1361 plus
757 1280 830 1341 inde
849 1279 953 1340 damni
972 1280 1064 1361 quim
1085 1280 1291 1352 emolumenti,

81 1374 193 1437 adulti
199 1375 266 1456 jam
279 1374 398 1457 hyeme,
409 1385 538 1458 caperet.
573 1376 613 1438 In
626 1376 733 1441 itinere
745 1375 803 1437 hoc
817 1375 981 1457 plurimum
994 1378 1065 1457 equi
1079 1378 1173 1439 nostri
1186 1378 1291 1440 deiici-

84 1482 156 1533 ente
176 1472 297 1553 pabulo,
315 1472 359 1534 ita
378 1482 412 1535 ut
431 1494 469 1535 ne
488 1483 651 1535 stramenta
671 1474 794 1554 qnidam
814 1474 899 1553 equis
916 1473 1089 1536 reficiendis
1107 1474 1289 1550 sufficerent,

83 1570 168 1649 passi
185 1580 266 1631 sumt.
307 1570 483 1633 Accedebat
500 1570 597 1654 frigus
614 1570 858 1644 intensissimnm,
874 1571 950 1631 adeo
967 1572 1099 1633 militum
1116 1572 1291 1653 corporibus

84 1666 224 1741 noxium,
238 1674 274 1727 nt
286 1666 423 1727 nonnulli
436 1668 537 1728 statim
549 1667 744 1728 conciderent
756 1666 878 1727 monui.
911 1666 966 1728 Ad
979 1667 1109 1749 Preslyn
1124 1668 1178 1728 nbi
1191 1668 1291 1741 Quar-

85 1764 199 1823 terium
210 1761 260 1845 (ut
268 1764 390 1840 vocant)
399 1763 564 1845 principale
576 1773 640 1825 crat
652 1783 723 1825 cum
734 1763 862 1823 biduum
875 1761 1117 1836 substitissemus,
1127 1764 1205 1824 inter
1216 1764 1292 1825 offi-

86 1858 182 1919 ciales
198 1858 353 1941 plerosque
368 1860 556 1940 aliquantum
572 1858 787 1922 tumultuatum
803 1866 859 1933 est,
872 1859 956 1939 quod
969 1858 1056 1919 bouis
1070 1867 1185 1919 tanturn
1201 1858 1293 1920 lacta·

88 1964 197 2017 rentur
204 1956 314 2032 verbis,
325 1976 382 2018 nec
395 1956 438 2019 rei
451 1957 632 2037 pecuniariae
642 1956 810 2038 quidquam
823 1955 881 2016 sibi
893 1964 945 2016 aut
956 1954 1046 2016 militi
1059 1953 1203 2016 exhausto
1215 1958 1292 2035 pene

87 2052 354 2115 etuudodaretnr.
375 2053 557 2115 Merebatur
564 2055 684 2135 qnoque
692 2072 753 2114 nou
761 2050 1292 2114 obscurissermonibusGeneralium

89 2149 281 2229 quorundam
294 2150 447 2230 iniqnitas,
460 2150 514 2230 qui
528 2171 587 2225 eos,
600 2151 709 2231 quibus
722 2150 798 2211 bene
813 2148 925 2211 vellent
936 2148 977 2209 ad
992 2148 1209 2229 Imperatorem
1223 2147 1293 2210 reli·

90 2264 227 2327 quosque
238 2245 398 2328 Principes
407 2246 558 2307 mitterent
568 2245 692 2307 nuncios
702 2255 941 2328 expugnatarum
955 2245 974 2306 b
987 2266 1018 2305 se
1032 2244 1163 2320 urbium,
1177 2252 1212 2305 ut
1224 2266 1291 2307 eam

90 2363 161 2423 quae
171 2342 262 2404 militi
270 2342 430 2405 deberetur
439 2344 607 2405 mercedem
618 2343 827 2426 anticiparent,
839 2341 926 2404 miles
938 2341 1069 2417 interim,
1080 2342 1135 2422 qui
1147 2341 1294 2419 laborem,

92 2439 271 2522 mogoinem
283 2450 315 2502 et
323 2441 417 2502 vitam
429 2440 620 2522 exposuisset,
632 2451 741 2521 prater
754 2440 888 2501 miserias
901 2449 932 2501 et
944 2438 1070 2501 vulnera
1080 2439 1124 2499 nil
1136 2438 1292 2501 obtineret.

93 2536 287 2616 Responsum
304 2545 359 2612 est,
379 2557 415 2598 ea
432 2557 515 2598 nuno
534 2557 598 2598 esse
615 2547 760 2618 tempora,
780 2537 891 2618 quibus
908 2536 981 2598 satis
997 2535 1065 2596 lieri
1080 2535 1219 2596 omuibus
1232 2555 1292 2597 non

93 2642 206 2714 posset,
220 2633 245 2695 si
262 2634 443 2715 quandoque
463 2654 527 2696 sors
545 2633 650 2695 melior
666 2634 793 2696 afflasset
807 2634 977 2716 imperium,
992 2631 1057 2693 fore
1074 2631 1179 2712 utique
1192 2641 1226 2692 nt
1238 2653 1293 2714 pro

94 2729 285 2812 singolorum
299 2731 471 2792 conditione
487 2729 612 2812 praemia
628 2731 724 2791 cnivis
742 2731 985 2792 decernerentur.

138 2826 242 2888 Iberni
261 2826 353 2888 nostri
372 2847 426 2888 sua
446 2825 581 2908 hyberna
599 2827 813 2909 Meoblcbnrgi
828 2833 1024 2907 acceperunt:
1050 2825 1142 2887 distat
1159 2824 1296 2888 Mechle-

95 2923 227 3005 burgum
245 2921 306 2984 non
325 2923 384 2984 nisi
401 2922 474 2984 bord
486 2922 659 2996 Wismario,
676 2923 756 2985 unde
773 2922 877 2985 Duces
894 2921 1179 3002 Mechleburgenaes
1195 2932 1295 2985 ortum

96 3039 186 3081 sunm
198 3026 229 3079 et
242 3038 351 3080 nornen
364 3018 505 3080 traham:
524 3026 683 3079 tenuerant
695 3039 765 3080 cum
778 3019 879 3080 locum
889 3038 951 3078 non
964 3018 1059 3078 multb
1069 3025 1139 3078 ante
1151 3017 1210 3078 tria
1221 3018 1295 3080 Sue·

96 3135 202 3177 corum
218 3114 324 3190 millia,
340 3116 394 3177 sed
411 3115 431 3176 a
450 3114 748 3178 Neoclanstrcnsibns
764 3136 861 3197 nuper
877 3116 977 3176 obruti
996 3114 1181 3195 dispersique
1198 3125 1294 3192 erant,

96 3213 326 3292 eripuerautque
339 3231 441 3273 omnes
453 3213 547 3294 prope
557 3213 661 3294 Equos
673 3233 743 3273 cum
755 3212 988 3294 impedimentis.
1023 3211 1085 3272 Die
1098 3210 1203 3292 quinti
1215 3212 1296 3274 deci·

97 3309 149 3370 md
161 3309 303 3371 Januarii
317 3307 474 3370 Generalis
486 3309 616 3370 Bredarr
629 3328 699 3371 cum
711 3309 820 3370 turmis
832 3309 948 3389 aliquot
962 3308 1109 3388 Equitum
1121 3307 1153 3367 in
1166 3307 1296 3369 insulam

98 3407 175 3487 Pyll
192 3407 334 3481 excurrit,
348 3405 401 3466 sed
418 3404 535 3466 amissis
551 3405 667 3486 aliquot
678 3406 710 3466 in
731 3405 817 3486 aquis
830 3406 981 3485 equitibus
996 3405 1061 3465 sine
1078 3403 1178 3466 fructu
1194 3405 1295 3468 rediit.

99 3505 172 3566 Non
189 3503 285 3564 multb
306 3509 373 3583 post
393 3502 498 3563 eodem
520 3501 626 3563 missos
642 3511 688 3564 est
707 3523 778 3564 cum
795 3501 996 3564 selectissimis
1014 3501 1193 3582 Drngonnm
1207 3501 1297 3565 Colo·

98 3599 196 3662 uellus
209 3599 318 3675 Trono,
329 3608 364 3660 ut
376 3598 401 3659 si
415 3598 491 3679 qnid
503 3597 567 3660 illic
580 3607 763 3660 commeatus
774 3599 917 3681 reperiret
929 3598 969 3659 ad
982 3606 1082 3659 nostra
1093 3606 1190 3658 castra
1203 3598 1297 3659 dedn-

100 3707 191 3774 coret,
204 3697 261 3759 sed
272 3696 368 3758 serius
381 3695 475 3772 venit,
484 3697 550 3777 jam
563 3696 693 3759 animab
704 3695 884 3758 adversariis
894 3695 996 3759 omnia
1007 3702 1160 3775 exportata
1168 3693 1297 3771 sumt,
