<?xml version="1.0" encoding="UTF-8"?>
<!DOCTYPE html PUBLIC "-//W3C//DTD XHTML 1.0 Transitional//EN"
    "http://www.w3.org/TR/xhtml1/DTD/xhtml1-transitional.dtd">
<html xmlns="http://www.w3.org/1999/xhtml" xml:lang="en" lang="en">
 <head>
  <title>
</title>
<meta http-equiv="Content-Type" content="text/html;charset=utf-8" />
  <meta name='ocr-system' content='tesseract 3.04.00' />
  <meta name='ocr-capabilities' content='ocr_page ocr_carea ocr_par ocr_line ocrx_word'/>
</head>
<body>
  <div class='ocr_page' id='page_1' title='image "./itinerariumthom00kerngoog_0267.png"; bbox 0 0 3225 4700; ppageno 0'>
   <div class='ocr_carea' id='block_1_1' title="bbox 491 316 1284 387">
    <p class='ocr_par' dir='ltr' id='par_1_1' title="bbox 491 316 1284 387">
     <span class='ocr_line' id='line_1_1' title="bbox 491 316 1284 387; baseline 0.001 -2"><span class='ocrx_word' id='word_1_1' title='bbox 491 316 884 387; x_wconf 77' lang='lat' dir='ltr'><strong><em>lTINERARIUM.</em></strong></span> <span class='ocrx_word' id='word_1_2' title='bbox 1224 322 1284 387; x_wconf 83' lang='lat'><strong>175</strong></span> 
     </span>
    </p>
   </div>
   <div class='ocr_carea' id='block_1_2' title="bbox 89 458 1357 557">
    <p class='ocr_par' dir='ltr' id='par_1_2' title="bbox 89 458 1357 557">
     <span class='ocr_line' id='line_1_2' title="bbox 89 458 1357 557; baseline -0.002 -21"><span class='ocrx_word' id='word_1_3' title='bbox 89 478 124 537; x_wconf 91' lang='lat' dir='ltr'><strong>in</strong></span> <span class='ocrx_word' id='word_1_4' title='bbox 147 484 250 557; x_wconf 89' lang='lat' dir='ltr'><strong>ponta,</strong></span> <span class='ocrx_word' id='word_1_5' title='bbox 273 492 336 555; x_wconf 91' lang='lat' dir='ltr'><strong>quo</strong></span> <span class='ocrx_word' id='word_1_6' title='bbox 357 470 517 534; x_wconf 74' lang='lat' dir='ltr'><strong>Mosellam</strong></span> <span class='ocrx_word' id='word_1_7' title='bbox 538 470 619 534; x_wconf 81' lang='lat' dir='ltr'><strong>infra</strong></span> <span class='ocrx_word' id='word_1_8' title='bbox 638 471 768 534; x_wconf 77' lang='lat' dir='ltr'><strong>Theonis</strong></span> <span class='ocrx_word' id='word_1_9' title='bbox 786 470 900 533; x_wconf 78' lang='lat' dir='ltr'><strong>Villam</strong></span> <span class='ocrx_word' id='word_1_10' title='bbox 920 480 1074 545; x_wconf 78' lang='lat' dir='ltr'><strong>straverat,</strong></span> <span class='ocrx_word' id='word_1_11' title='bbox 1096 490 1171 553; x_wconf 92' lang='lat' dir='ltr'><strong>quos</strong></span> <span class='ocrx_word' id='word_1_12' title='bbox 1191 473 1287 534; x_wconf 88' lang='lat' dir='ltr'><strong>nostri</strong></span> <span class='ocrx_word' id='word_1_13' title='bbox 1351 458 1357 481; x_wconf 80' lang='lat'><strong><em>¹</em></strong></span> 
     </span>
    </p>
   </div>
   <div class='ocr_carea' id='block_1_3' title="bbox 90 566 1287 728">
    <p class='ocr_par' dir='ltr' id='par_1_3' title="bbox 90 566 1287 728">
     <span class='ocr_line' id='line_1_3' title="bbox 91 566 1287 653; baseline -0.003 -18"><span class='ocrx_word' id='word_1_14' title='bbox 91 580 264 653; x_wconf 89' lang='lat' dir='ltr'><strong>sequuntur</strong></span> <span class='ocrx_word' id='word_1_15' title='bbox 281 568 438 648; x_wconf 87' lang='lat' dir='ltr'><strong>multaque</strong></span> <span class='ocrx_word' id='word_1_16' title='bbox 454 576 553 651; x_wconf 76' lang='lat' dir='ltr'><strong>strage</strong></span> <span class='ocrx_word' id='word_1_17' title='bbox 573 568 719 651; x_wconf 92' lang='lat' dir='ltr'><strong>plurimos</strong></span> <span class='ocrx_word' id='word_1_18' title='bbox 738 576 874 630; x_wconf 90' lang='lat' dir='ltr'><strong>sternunt</strong></span> <span class='ocrx_word' id='word_1_19' title='bbox 892 566 1165 651; x_wconf 69' lang='lat' dir='ltr'>impedimentaque</span> <span class='ocrx_word' id='word_1_20' title='bbox 1185 569 1287 632; x_wconf 86' lang='lat' dir='ltr'><strong>omnia</strong></span> 
     </span>
     <span class='ocr_line' id='line_1_4' title="bbox 90 668 246 728; baseline -0.013 0"><span class='ocrx_word' id='word_1_21' title='bbox 90 668 246 728; x_wconf 80' lang='lat' dir='ltr'><strong>obtinent.</strong></span> 
     </span>
    </p>
   </div>
   <div class='ocr_carea' id='block_1_4' title="bbox 94 759 1289 1037">
    <p class='ocr_par' dir='ltr' id='par_1_4' title="bbox 94 759 1289 1037">
     <span class='ocr_line' id='line_1_5' title="bbox 138 759 1288 843; baseline 0.003 -20"><span class='ocrx_word' id='word_1_22' title='bbox 138 764 226 824; x_wconf 88' lang='lat' dir='ltr'><strong>Inter</strong></span> <span class='ocrx_word' id='word_1_23' title='bbox 238 761 304 823; x_wconf 74' lang='lat' dir='ltr'><strong>hoc</strong></span> <span class='ocrx_word' id='word_1_24' title='bbox 319 760 468 843; x_wconf 77' lang='lat' dir='ltr'><strong>legiones</strong></span> <span class='ocrx_word' id='word_1_25' title='bbox 480 760 550 823; x_wconf 80' lang='lat' dir='ltr'><strong>dua</strong></span> <span class='ocrx_word' id='word_1_26' title='bbox 567 760 768 823; x_wconf 85' lang='lat' dir='ltr'><strong>Navarrensis</strong></span> <span class='ocrx_word' id='word_1_27' title='bbox 781 759 897 822; x_wconf 87' lang='lat' dir='ltr'><strong>scilieet</strong></span> <span class='ocrx_word' id='word_1_28' title='bbox 908 768 939 822; x_wconf 87' lang='lat' dir='ltr'><strong>et</strong></span> <span class='ocrx_word' id='word_1_29' title='bbox 952 759 1083 822; x_wconf 88' lang='lat' dir='ltr'><strong>Borsina</strong></span> <span class='ocrx_word' id='word_1_30' title='bbox 1096 762 1221 826; x_wconf 86' lang='lat' dir='ltr'><strong>statione</strong></span> <span class='ocrx_word' id='word_1_31' title='bbox 1234 762 1288 825; x_wconf 79' lang='lat' dir='ltr'><strong>sus</strong></span> 
     </span>
     <span class='ocr_line' id='line_1_6' title="bbox 94 855 1289 938; baseline -0.002 -17"><span class='ocrx_word' id='word_1_32' title='bbox 94 858 218 921; x_wconf 70' lang='lat' dir='ltr'><strong>deserti</strong></span> <span class='ocrx_word' id='word_1_33' title='bbox 234 858 266 919; x_wconf 93' lang='lat' dir='ltr'><strong>in</strong></span> <span class='ocrx_word' id='word_1_34' title='bbox 285 855 440 938; x_wconf 77' lang='lat' dir='ltr'><strong>planitiem</strong></span> <span class='ocrx_word' id='word_1_35' title='bbox 457 875 584 938; x_wconf 71' lang='lat' dir='ltr'><strong>egressus</strong></span> <span class='ocrx_word' id='word_1_36' title='bbox 602 864 698 931; x_wconf 87' lang='lat' dir='ltr'><strong>erant,</strong></span> <span class='ocrx_word' id='word_1_37' title='bbox 711 874 787 935; x_wconf 78' lang='lat' dir='ltr'><strong>qnos</strong></span> <span class='ocrx_word' id='word_1_38' title='bbox 798 864 965 936; x_wconf 89' lang='lat' dir='ltr'><strong>opportune</strong></span> <span class='ocrx_word' id='word_1_39' title='bbox 978 858 1166 938; x_wconf 77' lang='lat' dir='ltr'><strong>conspicatus</strong></span> <span class='ocrx_word' id='word_1_40' title='bbox 1179 858 1289 921; x_wconf 83' lang='lat' dir='ltr'><strong>Comes</strong></span> 
     </span>
     <span class='ocr_line' id='line_1_7' title="bbox 95 950 1289 1037; baseline -0.001 -20"><span class='ocrx_word' id='word_1_41' title='bbox 95 956 139 1018; x_wconf 89' lang='lat' dir='ltr'><strong>de</strong></span> <span class='ocrx_word' id='word_1_42' title='bbox 153 955 235 1035; x_wconf 78' lang='lat' dir='ltr'><strong>Snys</strong></span> <span class='ocrx_word' id='word_1_43' title='bbox 243 973 314 1015; x_wconf 87' lang='lat' dir='ltr'><strong>oum</strong></span> <span class='ocrx_word' id='word_1_44' title='bbox 328 952 530 1035; x_wconf 89' lang='lat' dir='ltr'><strong>Rippergensi</strong></span> <span class='ocrx_word' id='word_1_45' title='bbox 543 950 689 1033; x_wconf 70' lang='lat' dir='ltr'><strong>legione,</strong></span> <span class='ocrx_word' id='word_1_46' title='bbox 699 959 730 1011; x_wconf 89' lang='lat' dir='ltr'><strong>et</strong></span> <span class='ocrx_word' id='word_1_47' title='bbox 739 950 834 1013; x_wconf 86' lang='lat' dir='ltr'><strong>tribus</strong></span> <span class='ocrx_word' id='word_1_48' title='bbox 847 952 1008 1034; x_wconf 77' lang='lat' dir='ltr'><strong>manipulis</strong></span> <span class='ocrx_word' id='word_1_49' title='bbox 1018 953 1149 1034; x_wconf 79' lang='lat' dir='ltr'><strong>antiquae</strong></span> <span class='ocrx_word' id='word_1_50' title='bbox 1162 954 1289 1037; x_wconf 80' lang='lat' dir='ltr'><strong>legionis</strong></span> 
     </span>
    </p>
   </div>
   <div class='ocr_carea' id='block_1_5' title="bbox 6 1047 1303 3733">
    <p class='ocr_par' dir='ltr' id='par_1_5' title="bbox 95 1047 1291 1496">
     <span class='ocr_line' id='line_1_8' title="bbox 95 1047 1288 1130; baseline 0 -17"><span class='ocrx_word' id='word_1_51' title='bbox 95 1049 311 1113; x_wconf 80' lang='lat' dir='ltr'><strong>Picolomiuiue</strong></span> <span class='ocrx_word' id='word_1_52' title='bbox 328 1048 406 1110; x_wconf 88' lang='lat' dir='ltr'><strong>duee</strong></span> <span class='ocrx_word' id='word_1_53' title='bbox 428 1048 549 1111; x_wconf 76' lang='lat' dir='ltr'><strong>comita</strong></span> <span class='ocrx_word' id='word_1_54' title='bbox 568 1048 681 1110; x_wconf 75' lang='lat' dir='ltr'><strong>Petaso</strong></span> <span class='ocrx_word' id='word_1_55' title='bbox 700 1068 755 1130; x_wconf 89' lang='lat' dir='ltr'><strong>per</strong></span> <span class='ocrx_word' id='word_1_56' title='bbox 775 1047 877 1110; x_wconf 80' lang='lat' dir='ltr'><strong>vineto</strong></span> <span class='ocrx_word' id='word_1_57' title='bbox 893 1068 995 1124; x_wconf 90' lang='lat' dir='ltr'><strong>ruens,</strong></span> <span class='ocrx_word' id='word_1_58' title='bbox 1012 1049 1093 1112; x_wconf 81' lang='lat' dir='ltr'><strong>viam</strong></span> <span class='ocrx_word' id='word_1_59' title='bbox 1112 1050 1288 1127; x_wconf 76' lang='lat' dir='ltr'><strong>interclusit,</strong></span> 
     </span>
     <span class='ocr_line' id='line_1_9' title="bbox 95 1144 1289 1227; baseline -0.001 -18"><span class='ocrx_word' id='word_1_60' title='bbox 95 1166 262 1227; x_wconf 86' lang='lat' dir='ltr'><strong>omnesque</strong></span> <span class='ocrx_word' id='word_1_61' title='bbox 283 1144 405 1207; x_wconf 84' lang='lat' dir='ltr'><strong>cecidit.</strong></span> <span class='ocrx_word' id='word_1_62' title='bbox 445 1144 658 1225; x_wconf 82' lang='lat' dir='ltr'><strong>Continuoque</strong></span> <span class='ocrx_word' id='word_1_63' title='bbox 678 1144 712 1205; x_wconf 89' lang='lat' dir='ltr'><strong>in</strong></span> <span class='ocrx_word' id='word_1_64' title='bbox 732 1144 823 1206; x_wconf 85' lang='lat' dir='ltr'><strong>aliem</strong></span> <span class='ocrx_word' id='word_1_65' title='bbox 844 1145 1044 1207; x_wconf 88' lang='lat' dir='ltr'><strong>munitionem</strong></span> <span class='ocrx_word' id='word_1_66' title='bbox 1065 1145 1191 1221; x_wconf 87' lang='lat' dir='ltr'><strong>irruens,</strong></span> <span class='ocrx_word' id='word_1_67' title='bbox 1214 1148 1289 1209; x_wconf 81' lang='lat' dir='ltr'><strong>dues</strong></span> 
     </span>
     <span class='ocr_line' id='line_1_10' title="bbox 96 1239 1289 1323; baseline 0.001 -18"><span class='ocrx_word' id='word_1_68' title='bbox 96 1244 213 1305; x_wconf 88' lang='lat' dir='ltr'><strong>ibidem</strong></span> <span class='ocrx_word' id='word_1_69' title='bbox 226 1241 387 1323; x_wconf 79' lang='lat' dir='ltr'><strong>Legiones,</strong></span> <span class='ocrx_word' id='word_1_70' title='bbox 401 1241 447 1303; x_wconf 93' lang='lat' dir='ltr'><strong>nil</strong></span> <span class='ocrx_word' id='word_1_71' title='bbox 459 1241 560 1303; x_wconf 87' lang='lat' dir='ltr'><strong>minus</strong></span> <span class='ocrx_word' id='word_1_72' title='bbox 572 1260 663 1321; x_wconf 85' lang='lat' dir='ltr'><strong>quam</strong></span> <span class='ocrx_word' id='word_1_73' title='bbox 676 1240 716 1302; x_wconf 93' lang='lat' dir='ltr'><strong>de</strong></span> <span class='ocrx_word' id='word_1_74' title='bbox 728 1239 812 1303; x_wconf 88' lang='lat' dir='ltr'><strong>hoste</strong></span> <span class='ocrx_word' id='word_1_75' title='bbox 827 1242 1003 1323; x_wconf 71' lang='lat' dir='ltr'><strong>cog&#39;tantes,</strong></span> <span class='ocrx_word' id='word_1_76' title='bbox 1024 1242 1175 1305; x_wconf 81' lang='lat' dir='ltr'><strong>contrivit.</strong></span> <span class='ocrx_word' id='word_1_77' title='bbox 1217 1242 1289 1306; x_wconf 91' lang='lat' dir='ltr'><strong>Hoc</strong></span> 
     </span>
     <span class='ocr_line' id='line_1_11' title="bbox 97 1336 1291 1422; baseline 0 -21"><span class='ocrx_word' id='word_1_78' title='bbox 97 1341 166 1421; x_wconf 91' lang='lat' dir='ltr'><strong>ipso</strong></span> <span class='ocrx_word' id='word_1_79' title='bbox 183 1338 251 1400; x_wconf 88' lang='lat' dir='ltr'><strong>loeo</strong></span> <span class='ocrx_word' id='word_1_80' title='bbox 270 1337 353 1398; x_wconf 83' lang='lat' dir='ltr'><strong>Boro</strong></span> <span class='ocrx_word' id='word_1_81' title='bbox 365 1338 405 1399; x_wconf 93' lang='lat' dir='ltr'><strong>de</strong></span> <span class='ocrx_word' id='word_1_82' title='bbox 423 1338 611 1420; x_wconf 87' lang='lat' dir='ltr'><strong>Beauregart</strong></span> <span class='ocrx_word' id='word_1_83' title='bbox 626 1347 696 1399; x_wconf 90' lang='lat' dir='ltr'><strong>ants</strong></span> <span class='ocrx_word' id='word_1_84' title='bbox 713 1336 845 1398; x_wconf 76' lang='lat' dir='ltr'><strong>medinm</strong></span> <span class='ocrx_word' id='word_1_85' title='bbox 863 1336 983 1399; x_wconf 82' lang='lat' dir='ltr'><strong>circiter</strong></span> <span class='ocrx_word' id='word_1_86' title='bbox 1001 1339 1106 1401; x_wconf 89' lang='lat' dir='ltr'><strong>horam</strong></span> <span class='ocrx_word' id='word_1_87' title='bbox 1124 1350 1240 1422; x_wconf 85' lang='lat' dir='ltr'><strong>captus,</strong></span> <span class='ocrx_word' id='word_1_88' title='bbox 1259 1340 1291 1401; x_wconf 90' lang='lat' dir='ltr'><strong>in</strong></span> 
     </span>
     <span class='ocr_line' id='line_1_12' title="bbox 100 1434 385 1496; baseline 0 0"><span class='ocrx_word' id='word_1_89' title='bbox 100 1436 270 1496; x_wconf 87' lang='lat' dir='ltr'><strong>libertatem</strong></span> <span class='ocrx_word' id='word_1_90' title='bbox 283 1434 385 1496; x_wconf 88' lang='lat' dir='ltr'><strong>rediit.</strong></span> 
     </span>
    </p>

    <p class='ocr_par' dir='ltr' id='par_1_6' title="bbox 6 1530 1301 3533">
     <span class='ocr_line' id='line_1_13' title="bbox 142 1530 1290 1612; baseline 0.002 -19"><span class='ocrx_word' id='word_1_91' title='bbox 142 1531 246 1593; x_wconf 84' lang='lat' dir='ltr'><strong>Rebus</strong></span> <span class='ocrx_word' id='word_1_92' title='bbox 267 1530 378 1591; x_wconf 87' lang='lat' dir='ltr'><strong>nostris</strong></span> <span class='ocrx_word' id='word_1_93' title='bbox 397 1530 430 1592; x_wconf 89' lang='lat' dir='ltr'><strong>in</strong></span> <span class='ocrx_word' id='word_1_94' title='bbox 450 1530 532 1592; x_wconf 89' lang='lat' dir='ltr'><strong>huno</strong></span> <span class='ocrx_word' id='word_1_95' title='bbox 550 1531 674 1593; x_wconf 89' lang='lat' dir='ltr'><strong>modum</strong></span> <span class='ocrx_word' id='word_1_96' title='bbox 695 1530 924 1612; x_wconf 87' lang='lat' dir='ltr'><strong>procedentibus</strong></span> <span class='ocrx_word' id='word_1_97' title='bbox 941 1532 1081 1595; x_wconf 84' lang='lat' dir='ltr'><strong>Murohio</strong></span> <span class='ocrx_word' id='word_1_98' title='bbox 1099 1533 1138 1595; x_wconf 91' lang='lat' dir='ltr'><strong>de</strong></span> <span class='ocrx_word' id='word_1_99' title='bbox 1156 1532 1290 1611; x_wconf 86' lang='lat' dir='ltr'><strong>Oaretto,</strong></span> 
     </span>
     <span class='ocr_line' id='line_1_14' title="bbox 101 1626 1292 1709; baseline 0.003 -20"><span class='ocrx_word' id='word_1_100' title='bbox 101 1626 252 1709; x_wconf 86' lang='lat' dir='ltr'><strong>reliquam</strong></span> <span class='ocrx_word' id='word_1_101' title='bbox 269 1626 419 1688; x_wconf 83' lang='lat' dir='ltr'><strong>exercitus</strong></span> <span class='ocrx_word' id='word_1_102' title='bbox 436 1638 553 1707; x_wconf 84' lang='lat' dir='ltr'><strong>partem</strong></span> <span class='ocrx_word' id='word_1_103' title='bbox 569 1626 669 1689; x_wconf 88' lang='lat' dir='ltr'><strong>adbuc</strong></span> <span class='ocrx_word' id='word_1_104' title='bbox 686 1626 812 1708; x_wconf 79' lang='lat' dir='ltr'><strong>integris</strong></span> <span class='ocrx_word' id='word_1_105' title='bbox 827 1626 942 1688; x_wconf 84' lang='lat' dir='ltr'><strong>viribus</strong></span> <span class='ocrx_word' id='word_1_106' title='bbox 957 1648 1060 1690; x_wconf 90' lang='lat' dir='ltr'><strong>secum</strong></span> <span class='ocrx_word' id='word_1_107' title='bbox 1076 1631 1230 1707; x_wconf 79' lang='lat' dir='ltr'><strong>retinebat,</strong></span> <span class='ocrx_word' id='word_1_108' title='bbox 1246 1630 1292 1692; x_wconf 90' lang='lat' dir='ltr'><strong>in·</strong></span> 
     </span>
     <span class='ocr_line' id='line_1_15' title="bbox 100 1721 1291 1808; baseline 0.002 -22"><span class='ocrx_word' id='word_1_109' title='bbox 100 1732 204 1786; x_wconf 83' lang='lat' dir='ltr'><strong>tentus</strong></span> <span class='ocrx_word' id='word_1_110' title='bbox 215 1724 249 1784; x_wconf 92' lang='lat' dir='ltr'><strong>in</strong></span> <span class='ocrx_word' id='word_1_111' title='bbox 258 1742 380 1784; x_wconf 89' lang='lat' dir='ltr'><strong>omnem</strong></span> <span class='ocrx_word' id='word_1_112' title='bbox 392 1722 489 1784; x_wconf 81' lang='lat' dir='ltr'><strong>eleum</strong></span> <span class='ocrx_word' id='word_1_113' title='bbox 499 1732 531 1785; x_wconf 90' lang='lat' dir='ltr'><strong>et</strong></span> <span class='ocrx_word' id='word_1_114' title='bbox 541 1721 735 1785; x_wconf 89' lang='lat' dir='ltr'><strong>Picolominii</strong></span> <span class='ocrx_word' id='word_1_115' title='bbox 748 1722 884 1803; x_wconf 89' lang='lat' dir='ltr'><strong>imperia,</strong></span> <span class='ocrx_word' id='word_1_116' title='bbox 894 1722 913 1784; x_wconf 79' lang='lat' dir='ltr'><strong>d</strong></span> <span class='ocrx_word' id='word_1_117' title='bbox 922 1743 981 1804; x_wconf 88' lang='lat' dir='ltr'><strong>quc</strong></span> <span class='ocrx_word' id='word_1_118' title='bbox 991 1725 1135 1808; x_wconf 81' lang='lat' dir='ltr'><strong>evestigio</strong></span> <span class='ocrx_word' id='word_1_119' title='bbox 1145 1728 1291 1788; x_wconf 88' lang='lat' dir='ltr'><strong>nuncium</strong></span> 
     </span>
     <span class='ocr_line' id='line_1_16' title="bbox 103 1818 1295 1901; baseline 0.003 -20"><span class='ocrx_word' id='word_1_120' title='bbox 103 1820 222 1900; x_wconf 85' lang='lat' dir='ltr'><strong>accepit</strong></span> <span class='ocrx_word' id='word_1_121' title='bbox 234 1818 273 1881; x_wconf 85' lang='lat' dir='ltr'><strong>de</strong></span> <span class='ocrx_word' id='word_1_122' title='bbox 289 1819 502 1899; x_wconf 82' lang='lat' dir='ltr'><strong>promovendis</strong></span> <span class='ocrx_word' id='word_1_123' title='bbox 513 1819 609 1901; x_wconf 92' lang='lat' dir='ltr'><strong>copiis</strong></span> <span class='ocrx_word' id='word_1_124' title='bbox 622 1828 653 1880; x_wconf 90' lang='lat' dir='ltr'><strong>et</strong></span> <span class='ocrx_word' id='word_1_125' title='bbox 665 1819 870 1901; x_wconf 88' lang='lat' dir='ltr'><strong>persequendo</strong></span> <span class='ocrx_word' id='word_1_126' title='bbox 882 1818 983 1881; x_wconf 82' lang='lat' dir='ltr'><strong>hoste:</strong></span> <span class='ocrx_word' id='word_1_127' title='bbox 1008 1839 1078 1881; x_wconf 86' lang='lat' dir='ltr'><strong>eum</strong></span> <span class='ocrx_word' id='word_1_128' title='bbox 1093 1821 1174 1882; x_wconf 88' lang='lat' dir='ltr'><strong>enim</strong></span> <span class='ocrx_word' id='word_1_129' title='bbox 1187 1842 1219 1884; x_wconf 90' lang='lat' dir='ltr'><strong>se</strong></span> <span class='ocrx_word' id='word_1_130' title='bbox 1232 1832 1295 1884; x_wconf 90' lang='lat' dir='ltr'><strong>tur·</strong></span> 
     </span>
     <span class='ocr_line' id='line_1_17' title="bbox 104 1913 1295 1998; baseline 0 -20"><span class='ocrx_word' id='word_1_131' title='bbox 104 1937 166 1978; x_wconf 81' lang='lat' dir='ltr'><strong>moe</strong></span> <span class='ocrx_word' id='word_1_132' title='bbox 179 1916 323 1998; x_wconf 77' lang='lat' dir='ltr'><strong>pluscule</strong></span> <span class='ocrx_word' id='word_1_133' title='bbox 333 1915 456 1977; x_wconf 84' lang='lat' dir='ltr'><strong>hostiles</strong></span> <span class='ocrx_word' id='word_1_134' title='bbox 469 1936 507 1977; x_wconf 83' lang='lat' dir='ltr'><strong>ex</strong></span> <span class='ocrx_word' id='word_1_135' title='bbox 519 1916 593 1998; x_wconf 79' lang='lat' dir='ltr'><strong>fuga</strong></span> <span class='ocrx_word' id='word_1_136' title='bbox 602 1913 826 1996; x_wconf 84' lang='lat' dir='ltr'><strong>recollegissent</strong></span> <span class='ocrx_word' id='word_1_137' title='bbox 838 1934 874 1975; x_wconf 90' lang='lat' dir='ltr'><strong>ec</strong></span> <span class='ocrx_word' id='word_1_138' title='bbox 886 1934 940 1995; x_wconf 87' lang='lat' dir='ltr'><strong>per</strong></span> <span class='ocrx_word' id='word_1_139' title='bbox 953 1914 1046 1975; x_wconf 90' lang='lat' dir='ltr'><strong>alium</strong></span> <span class='ocrx_word' id='word_1_140' title='bbox 1058 1924 1180 1997; x_wconf 84' lang='lat' dir='ltr'><strong>pontem</strong></span> <span class='ocrx_word' id='word_1_141' title='bbox 1194 1918 1295 1978; x_wconf 87' lang='lat' dir='ltr'><strong>denuo</strong></span> 
     </span>
     <span class='ocr_line' id='line_1_18' title="bbox 106 2010 1294 2095; baseline 0.002 -22"><span class='ocrx_word' id='word_1_142' title='bbox 106 2022 288 2095; x_wconf 75' lang='lat' dir='ltr'><strong>pugnatura</strong></span> <span class='ocrx_word' id='word_1_143' title='bbox 300 2012 443 2085; x_wconf 85' lang='lat' dir='ltr'><strong>redirent,</strong></span> <span class='ocrx_word' id='word_1_144' title='bbox 453 2012 485 2072; x_wconf 93' lang='lat' dir='ltr'><strong>in</strong></span> <span class='ocrx_word' id='word_1_145' title='bbox 500 2030 551 2073; x_wconf 88' lang='lat' dir='ltr'><strong>eas</strong></span> <span class='ocrx_word' id='word_1_146' title='bbox 564 2010 703 2073; x_wconf 84' lang='lat' dir='ltr'><strong>Marobio</strong></span> <span class='ocrx_word' id='word_1_147' title='bbox 716 2012 755 2072; x_wconf 91' lang='lat' dir='ltr'><strong>de</strong></span> <span class='ocrx_word' id='word_1_148' title='bbox 766 2010 872 2072; x_wconf 85' lang='lat' dir='ltr'><strong>Grana</strong></span> <span class='ocrx_word' id='word_1_149' title='bbox 884 2010 928 2072; x_wconf 91' lang='lat' dir='ltr'><strong>ire</strong></span> <span class='ocrx_word' id='word_1_150' title='bbox 933 2012 1037 2092; x_wconf 84' lang='lat' dir='ltr'><strong>jussus</strong></span> <span class='ocrx_word' id='word_1_151' title='bbox 1050 2020 1105 2073; x_wconf 89' lang='lat' dir='ltr'><strong>est.</strong></span> <span class='ocrx_word' id='word_1_152' title='bbox 1133 2011 1213 2074; x_wconf 82' lang='lat' dir='ltr'><strong>Cum</strong></span> <span class='ocrx_word' id='word_1_153' title='bbox 1224 2032 1294 2075; x_wconf 87' lang='lat' dir='ltr'><strong>vero</strong></span> 
     </span>
     <span class='ocr_line' id='line_1_19' title="bbox 105 2106 1296 2189; baseline 0.001 -19"><span class='ocrx_word' id='word_1_154' title='bbox 105 2108 262 2189; x_wconf 71' lang='lat' dir='ltr'><strong>praedictae</strong></span> <span class='ocrx_word' id='word_1_155' title='bbox 270 2108 392 2171; x_wconf 89' lang='lat' dir='ltr'><strong>hostiles</strong></span> <span class='ocrx_word' id='word_1_156' title='bbox 401 2117 510 2170; x_wconf 73' lang='lat' dir='ltr'><strong>turmae</strong></span> <span class='ocrx_word' id='word_1_157' title='bbox 519 2108 620 2169; x_wconf 88' lang='lat' dir='ltr'><strong>locum</strong></span> <span class='ocrx_word' id='word_1_158' title='bbox 630 2106 782 2168; x_wconf 88' lang='lat' dir='ltr'><strong>munitum</strong></span> <span class='ocrx_word' id='word_1_159' title='bbox 791 2117 996 2188; x_wconf 72' lang='lat' dir='ltr'><strong>occupassent,</strong></span> <span class='ocrx_word' id='word_1_160' title='bbox 1007 2116 1134 2189; x_wconf 90' lang='lat' dir='ltr'><strong>quatuor</strong></span> <span class='ocrx_word' id='word_1_161' title='bbox 1141 2111 1296 2171; x_wconf 85' lang='lat' dir='ltr'><strong>tormentis</strong></span> 
     </span>
     <span class='ocr_line' id='line_1_20' title="bbox 106 2202 1295 2287; baseline 0.003 -21"><span class='ocrx_word' id='word_1_162' title='bbox 106 2204 272 2287; x_wconf 88' lang='lat' dir='ltr'><strong>majoribus</strong></span> <span class='ocrx_word' id='word_1_163' title='bbox 289 2204 406 2267; x_wconf 88' lang='lat' dir='ltr'><strong>bellicis</strong></span> <span class='ocrx_word' id='word_1_164' title='bbox 427 2203 541 2266; x_wconf 90' lang='lat' dir='ltr'><strong>bostem</strong></span> <span class='ocrx_word' id='word_1_165' title='bbox 557 2203 600 2265; x_wconf 90' lang='lat' dir='ltr'><strong>ita</strong></span> <span class='ocrx_word' id='word_1_166' title='bbox 616 2202 782 2278; x_wconf 81' lang='lat' dir='ltr'><strong>enervavit,</strong></span> <span class='ocrx_word' id='word_1_167' title='bbox 797 2212 833 2265; x_wconf 87' lang='lat' dir='ltr'><strong>nt</strong></span> <span class='ocrx_word' id='word_1_168' title='bbox 849 2204 1010 2285; x_wconf 90' lang='lat' dir='ltr'><strong>desperatis</strong></span> <span class='ocrx_word' id='word_1_169' title='bbox 1027 2204 1115 2266; x_wconf 89' lang='lat' dir='ltr'><strong>rebus</strong></span> <span class='ocrx_word' id='word_1_170' title='bbox 1132 2204 1164 2265; x_wconf 90' lang='lat' dir='ltr'><strong>in</strong></span> <span class='ocrx_word' id='word_1_171' title='bbox 1180 2216 1295 2269; x_wconf 86' lang='lat' dir='ltr'><strong>nostros</strong></span> 
     </span>
     <span class='ocr_line' id='line_1_21' title="bbox 108 2298 1293 2383; baseline 0.002 -19"><span class='ocrx_word' id='word_1_172' title='bbox 108 2322 148 2364; x_wconf 82' lang='lat' dir='ltr'><strong>ex</strong></span> <span class='ocrx_word' id='word_1_173' title='bbox 165 2301 320 2383; x_wconf 86' lang='lat' dir='ltr'><strong>desperato</strong></span> <span class='ocrx_word' id='word_1_174' title='bbox 338 2300 383 2363; x_wconf 90' lang='lat' dir='ltr'><strong>ire</strong></span> <span class='ocrx_word' id='word_1_175' title='bbox 400 2307 431 2363; x_wconf 89' lang='lat' dir='ltr'><strong>et</strong></span> <span class='ocrx_word' id='word_1_176' title='bbox 447 2298 577 2383; x_wconf 89' lang='lat' dir='ltr'><strong>gloriose</strong></span> <span class='ocrx_word' id='word_1_177' title='bbox 593 2298 672 2361; x_wconf 87' lang='lat' dir='ltr'><strong>mori</strong></span> <span class='ocrx_word' id='word_1_178' title='bbox 690 2299 896 2362; x_wconf 79' lang='lat' dir='ltr'><strong>decreverint:</strong></span> <span class='ocrx_word' id='word_1_179' title='bbox 916 2310 951 2362; x_wconf 93' lang='lat' dir='ltr'><strong>ut</strong></span> <span class='ocrx_word' id='word_1_180' title='bbox 969 2321 1041 2364; x_wconf 84' lang='lat' dir='ltr'><strong>vero</strong></span> <span class='ocrx_word' id='word_1_181' title='bbox 1061 2302 1184 2365; x_wconf 88' lang='lat' dir='ltr'><strong>tutiores</strong></span> <span class='ocrx_word' id='word_1_182' title='bbox 1205 2304 1293 2382; x_wconf 89' lang='lat' dir='ltr'><strong>irent,</strong></span> 
     </span>
     <span class='ocr_line' id='line_1_22' title="bbox 107 2396 1295 2481; baseline 0.003 -21"><span class='ocrx_word' id='word_1_183' title='bbox 107 2397 220 2460; x_wconf 68' lang='lat' dir='ltr'><strong>mmm</strong></span> <span class='ocrx_word' id='word_1_184' title='bbox 232 2396 386 2478; x_wconf 81' lang='lat' dir='ltr'><strong>quandem</strong></span> <span class='ocrx_word' id='word_1_185' title='bbox 402 2396 617 2458; x_wconf 88' lang='lat' dir='ltr'><strong>inscenderunt</strong></span> <span class='ocrx_word' id='word_1_186' title='bbox 628 2417 667 2457; x_wconf 88' lang='lat' dir='ltr'><strong>ne</strong></span> <span class='ocrx_word' id='word_1_187' title='bbox 678 2396 835 2458; x_wconf 89' lang='lat' dir='ltr'><strong>tormentis</strong></span> <span class='ocrx_word' id='word_1_188' title='bbox 848 2405 945 2458; x_wconf 89' lang='lat' dir='ltr'><strong>essent</strong></span> <span class='ocrx_word' id='word_1_189' title='bbox 962 2399 1100 2478; x_wconf 82' lang='lat' dir='ltr'><strong>expositi,</strong></span> <span class='ocrx_word' id='word_1_190' title='bbox 1114 2419 1182 2481; x_wconf 80' lang='lat' dir='ltr'><strong>quae</strong></span> <span class='ocrx_word' id='word_1_191' title='bbox 1196 2409 1295 2463; x_wconf 80' lang='lat' dir='ltr'><strong>tamen</strong></span> 
     </span>
     <span class='ocr_line' id='line_1_23' title="bbox 109 2490 1297 2578; baseline 0.003 -23"><span class='ocrx_word' id='word_1_192' title='bbox 109 2493 229 2556; x_wconf 86' lang='lat' dir='ltr'><strong>cautela</strong></span> <span class='ocrx_word' id='word_1_193' title='bbox 240 2513 347 2574; x_wconf 86' lang='lat' dir='ltr'><strong>perum</strong></span> <span class='ocrx_word' id='word_1_194' title='bbox 362 2492 433 2574; x_wconf 88' lang='lat' dir='ltr'><strong>ipsis</strong></span> <span class='ocrx_word' id='word_1_195' title='bbox 445 2492 569 2574; x_wconf 85' lang='lat' dir='ltr'><strong>profuit,</strong></span> <span class='ocrx_word' id='word_1_196' title='bbox 582 2491 691 2554; x_wconf 88' lang='lat' dir='ltr'><strong>iterum</strong></span> <span class='ocrx_word' id='word_1_197' title='bbox 704 2491 786 2553; x_wconf 91' lang='lat' dir='ltr'><strong>enim</strong></span> <span class='ocrx_word' id='word_1_198' title='bbox 799 2490 859 2552; x_wconf 89' lang='lat' dir='ltr'><strong>alio</strong></span> <span class='ocrx_word' id='word_1_199' title='bbox 872 2493 933 2552; x_wconf 90' lang='lat' dir='ltr'><strong>duo</strong></span> <span class='ocrx_word' id='word_1_200' title='bbox 946 2501 1095 2556; x_wconf 89' lang='lat' dir='ltr'><strong>tormenta</strong></span> <span class='ocrx_word' id='word_1_201' title='bbox 1106 2495 1223 2558; x_wconf 90' lang='lat' dir='ltr'><strong>minora</strong></span> <span class='ocrx_word' id='word_1_202' title='bbox 1235 2497 1297 2578; x_wconf 88' lang='lat' dir='ltr'><strong>pri·</strong></span> 
     </span>
     <span class='ocr_line' id='line_1_24' title="bbox 6 2581 1298 2671; baseline 0.004 -20"><span class='ocrx_word' id='word_1_203' title='bbox 6 2604 13 2623; x_wconf 87' lang='lat'>’</span> <span class='ocrx_word' id='word_1_204' title='bbox 110 2589 214 2652; x_wconf 89' lang='lat' dir='ltr'><strong>oribus</strong></span> <span class='ocrx_word' id='word_1_205' title='bbox 230 2589 264 2650; x_wconf 91' lang='lat' dir='ltr'><strong>in</strong></span> <span class='ocrx_word' id='word_1_206' title='bbox 281 2581 474 2651; x_wconf 84' lang='lat' dir='ltr'><strong>commodum</strong></span> <span class='ocrx_word' id='word_1_207' title='bbox 492 2587 593 2651; x_wconf 87' lang='lat' dir='ltr'><strong>locum</strong></span> <span class='ocrx_word' id='word_1_208' title='bbox 611 2589 743 2650; x_wconf 85' lang='lat' dir='ltr'><strong>deducta</strong></span> <span class='ocrx_word' id='word_1_209' title='bbox 756 2596 837 2662; x_wconf 89' lang='lat' dir='ltr'><strong>sunt,</strong></span> <span class='ocrx_word' id='word_1_210' title='bbox 857 2588 1098 2671; x_wconf 81' lang='lat' dir='ltr'><strong>legionibusque</strong></span> <span class='ocrx_word' id='word_1_211' title='bbox 1115 2593 1225 2655; x_wconf 91' lang='lat' dir='ltr'><strong>nostris</strong></span> <span class='ocrx_word' id='word_1_212' title='bbox 1242 2595 1298 2656; x_wconf 91' lang='lat' dir='ltr'><strong>sub</strong></span> 
     </span>
     <span class='ocr_line' id='line_1_25' title="bbox 112 2683 1298 2766; baseline 0.005 -20"><span class='ocrx_word' id='word_1_213' title='bbox 112 2685 253 2746; x_wconf 90' lang='lat' dir='ltr'><strong>Ducibus</strong></span> <span class='ocrx_word' id='word_1_214' title='bbox 272 2684 447 2746; x_wconf 86' lang='lat' dir='ltr'><strong>Florentino</strong></span> <span class='ocrx_word' id='word_1_215' title='bbox 464 2683 602 2766; x_wconf 91' lang='lat' dir='ltr'><strong>Beoqnio</strong></span> <span class='ocrx_word' id='word_1_216' title='bbox 619 2683 670 2746; x_wconf 88' lang='lat' dir='ltr'><strong>cui</strong></span> <span class='ocrx_word' id='word_1_217' title='bbox 689 2693 816 2765; x_wconf 73' lang='lat' dir='ltr'><strong>preerat</strong></span> <span class='ocrx_word' id='word_1_218' title='bbox 837 2683 1029 2766; x_wconf 87' lang='lat' dir='ltr'><strong>Francipani,</strong></span> <span class='ocrx_word' id='word_1_219' title='bbox 1049 2685 1190 2763; x_wconf 82' lang='lat' dir='ltr'><strong>Sevellio,</strong></span> <span class='ocrx_word' id='word_1_220' title='bbox 1211 2690 1250 2751; x_wconf 89' lang='lat' dir='ltr'><strong>de</strong></span> <span class='ocrx_word' id='word_1_221' title='bbox 1267 2691 1298 2752; x_wconf 90' lang='lat' dir='ltr'><strong>la</strong></span> 
     </span>
     <span class='ocr_line' id='line_1_26' title="bbox 112 2779 1298 2862; baseline 0.003 -18"><span class='ocrx_word' id='word_1_222' title='bbox 112 2781 205 2844; x_wconf 81' lang='lat' dir='ltr'><strong>Fossa</strong></span> <span class='ocrx_word' id='word_1_223' title='bbox 227 2780 279 2842; x_wconf 89' lang='lat' dir='ltr'><strong>oui</strong></span> <span class='ocrx_word' id='word_1_224' title='bbox 299 2779 466 2862; x_wconf 80' lang='lat' dir='ltr'><strong>imperabat</strong></span> <span class='ocrx_word' id='word_1_225' title='bbox 486 2779 636 2843; x_wconf 87' lang='lat' dir='ltr'><strong>Colonelli</strong></span> <span class='ocrx_word' id='word_1_226' title='bbox 656 2779 787 2842; x_wconf 85' lang='lat' dir='ltr'><strong>vicarius</strong></span> <span class='ocrx_word' id='word_1_227' title='bbox 808 2779 854 2842; x_wconf 84' lang='lat' dir='ltr'><strong>Ia</strong></span> <span class='ocrx_word' id='word_1_228' title='bbox 876 2780 1010 2857; x_wconf 85' lang='lat' dir='ltr'><strong>Mortuo,</strong></span> <span class='ocrx_word' id='word_1_229' title='bbox 1034 2784 1074 2845; x_wconf 88' lang='lat' dir='ltr'><strong>ed</strong></span> <span class='ocrx_word' id='word_1_230' title='bbox 1097 2783 1234 2847; x_wconf 88' lang='lat' dir='ltr'><strong>dextram</strong></span> <span class='ocrx_word' id='word_1_231' title='bbox 1254 2787 1298 2848; x_wconf 88' lang='lat' dir='ltr'><strong>ire</strong></span> 
     </span>
     <span class='ocr_line' id='line_1_27' title="bbox 107 2874 1298 2959; baseline 0.005 -21"><span class='ocrx_word' id='word_1_232' title='bbox 107 2877 213 2959; x_wconf 90' lang='lat' dir='ltr'><strong>jussis,</strong></span> <span class='ocrx_word' id='word_1_233' title='bbox 236 2877 276 2938; x_wconf 86' lang='lat' dir='ltr'><strong>ad</strong></span> <span class='ocrx_word' id='word_1_234' title='bbox 295 2876 447 2938; x_wconf 84' lang='lat' dir='ltr'><strong>sinistram</strong></span> <span class='ocrx_word' id='word_1_235' title='bbox 464 2897 537 2938; x_wconf 87' lang='lat' dir='ltr'><strong>vero</strong></span> <span class='ocrx_word' id='word_1_236' title='bbox 555 2875 725 2958; x_wconf 84' lang='lat' dir='ltr'><strong>legionibus</strong></span> <span class='ocrx_word' id='word_1_237' title='bbox 742 2874 776 2936; x_wconf 90' lang='lat' dir='ltr'><strong>di</strong></span> <span class='ocrx_word' id='word_1_238' title='bbox 795 2874 896 2950; x_wconf 87' lang='lat' dir='ltr'><strong>More,</strong></span> <span class='ocrx_word' id='word_1_239' title='bbox 920 2877 1065 2952; x_wconf 89' lang='lat' dir='ltr'><strong>Bedensi,</strong></span> <span class='ocrx_word' id='word_1_240' title='bbox 1085 2879 1298 2959; x_wconf 86' lang='lat' dir='ltr'><strong>Fernamontii,</strong></span> 
     </span>
     <span class='ocr_line' id='line_1_28' title="bbox 113 2971 1300 3058; baseline 0.005 -23"><span class='ocrx_word' id='word_1_241' title='bbox 113 2971 285 3035; x_wconf 82' lang='lat' dir='ltr'><strong>Adelsbofii</strong></span> <span class='ocrx_word' id='word_1_242' title='bbox 308 2981 338 3035; x_wconf 89' lang='lat' dir='ltr'><strong>et</strong></span> <span class='ocrx_word' id='word_1_243' title='bbox 361 2973 513 3047; x_wconf 81' lang='lat' dir='ltr'><strong>Matthoei,</strong></span> <span class='ocrx_word' id='word_1_244' title='bbox 536 2972 637 3034; x_wconf 82' lang='lat' dir='ltr'><strong>serius</strong></span> <span class='ocrx_word' id='word_1_245' title='bbox 656 2991 747 3052; x_wconf 86' lang='lat' dir='ltr'><strong>quam</strong></span> <span class='ocrx_word' id='word_1_246' title='bbox 770 2979 858 3033; x_wconf 83' lang='lat' dir='ltr'><strong>entes</strong></span> <span class='ocrx_word' id='word_1_247' title='bbox 880 2993 1034 3054; x_wconf 87' lang='lat' dir='ltr'><strong>nunqnam</strong></span> <span class='ocrx_word' id='word_1_248' title='bbox 1056 2985 1222 3058; x_wconf 87' lang='lat' dir='ltr'><strong>pugnatum</strong></span> <span class='ocrx_word' id='word_1_249' title='bbox 1246 2991 1300 3050; x_wconf 87' lang='lat' dir='ltr'><strong>est,</strong></span> 
     </span>
     <span class='ocr_line' id='line_1_29' title="bbox 113 3065 1299 3153; baseline 0.007 -23"><span class='ocrx_word' id='word_1_250' title='bbox 113 3069 244 3130; x_wconf 85' lang='lat' dir='ltr'><strong>maxime</strong></span> <span class='ocrx_word' id='word_1_251' title='bbox 257 3088 328 3141; x_wconf 86' lang='lat' dir='ltr'><strong>oum</strong></span> <span class='ocrx_word' id='word_1_252' title='bbox 341 3067 463 3130; x_wconf 88' lang='lat' dir='ltr'><strong>hostiles</strong></span> <span class='ocrx_word' id='word_1_253' title='bbox 477 3066 612 3148; x_wconf 77' lang='lat' dir='ltr'><strong>reliquie</strong></span> <span class='ocrx_word' id='word_1_254' title='bbox 624 3087 727 3129; x_wconf 89' lang='lat' dir='ltr'><strong>omnes</strong></span> <span class='ocrx_word' id='word_1_255' title='bbox 740 3065 885 3149; x_wconf 87' lang='lat' dir='ltr'><strong>peulatim</strong></span> <span class='ocrx_word' id='word_1_256' title='bbox 894 3088 926 3130; x_wconf 91' lang='lat' dir='ltr'><strong>se</strong></span> <span class='ocrx_word' id='word_1_257' title='bbox 936 3089 997 3131; x_wconf 89' lang='lat' dir='ltr'><strong>uua</strong></span> <span class='ocrx_word' id='word_1_258' title='bbox 1006 3070 1205 3153; x_wconf 88' lang='lat' dir='ltr'><strong>collegissent.</strong></span> <span class='ocrx_word' id='word_1_259' title='bbox 1235 3075 1299 3138; x_wconf 89' lang='lat' dir='ltr'><strong>Hic</strong></span> 
     </span>
     <span class='ocr_line' id='line_1_30' title="bbox 114 3162 1299 3248; baseline 0.004 -22"><span class='ocrx_word' id='word_1_260' title='bbox 114 3165 219 3241; x_wconf 87' lang='lat' dir='ltr'><strong>nostri,</strong></span> <span class='ocrx_word' id='word_1_261' title='bbox 233 3184 304 3226; x_wconf 89' lang='lat' dir='ltr'><strong>cum</strong></span> <span class='ocrx_word' id='word_1_262' title='bbox 317 3184 349 3224; x_wconf 90' lang='lat' dir='ltr'><strong>se</strong></span> <span class='ocrx_word' id='word_1_263' title='bbox 362 3163 477 3226; x_wconf 85' lang='lat' dir='ltr'><strong>bostem</strong></span> <span class='ocrx_word' id='word_1_264' title='bbox 493 3164 611 3244; x_wconf 88' lang='lat' dir='ltr'><strong>penitus</strong></span> <span class='ocrx_word' id='word_1_265' title='bbox 627 3162 746 3224; x_wconf 89' lang='lat' dir='ltr'><strong>abolere</strong></span> <span class='ocrx_word' id='word_1_266' title='bbox 758 3182 820 3224; x_wconf 91' lang='lat' dir='ltr'><strong>non</strong></span> <span class='ocrx_word' id='word_1_267' title='bbox 839 3182 934 3244; x_wconf 87' lang='lat' dir='ltr'><strong>posse,</strong></span> <span class='ocrx_word' id='word_1_268' title='bbox 951 3165 1010 3226; x_wconf 90' lang='lat' dir='ltr'><strong>nisi</strong></span> <span class='ocrx_word' id='word_1_269' title='bbox 1025 3173 1195 3230; x_wconf 86' lang='lat' dir='ltr'><strong>transcensa</strong></span> <span class='ocrx_word' id='word_1_270' title='bbox 1212 3171 1299 3248; x_wconf 82' lang='lat' dir='ltr'><strong>fossa,</strong></span> 
     </span>
     <span class='ocr_line' id='line_1_31' title="bbox 113 3259 1301 3341; baseline 0.005 -19"><span class='ocrx_word' id='word_1_271' title='bbox 113 3259 264 3334; x_wconf 78' lang='lat' dir='ltr'><strong>viderent,</strong></span> <span class='ocrx_word' id='word_1_272' title='bbox 278 3260 311 3320; x_wconf 93' lang='lat' dir='ltr'><strong>in</strong></span> <span class='ocrx_word' id='word_1_273' title='bbox 324 3279 418 3340; x_wconf 87' lang='lat' dir='ltr'><strong>aquas</strong></span> <span class='ocrx_word' id='word_1_274' title='bbox 430 3279 494 3322; x_wconf 88' lang='lat' dir='ltr'><strong>sese</strong></span> <span class='ocrx_word' id='word_1_275' title='bbox 506 3260 699 3321; x_wconf 86' lang='lat' dir='ltr'><strong>humerorum</strong></span> <span class='ocrx_word' id='word_1_276' title='bbox 715 3269 803 3322; x_wconf 87' lang='lat' dir='ltr'><strong>tenus</strong></span> <span class='ocrx_word' id='word_1_277' title='bbox 820 3259 1008 3341; x_wconf 75' lang='lat' dir='ltr'><strong>precedente</strong></span> <span class='ocrx_word' id='word_1_278' title='bbox 1023 3271 1054 3324; x_wconf 90' lang='lat' dir='ltr'><strong>et</strong></span> <span class='ocrx_word' id='word_1_279' title='bbox 1066 3263 1217 3327; x_wconf 88' lang='lat' dir='ltr'><strong>animante</strong></span> <span class='ocrx_word' id='word_1_280' title='bbox 1232 3287 1301 3328; x_wconf 89' lang='lat' dir='ltr'><strong>suos</strong></span> 
     </span>
     <span class='ocr_line' id='line_1_32' title="bbox 117 3353 1301 3444; baseline 0.007 -27"><span class='ocrx_word' id='word_1_281' title='bbox 117 3355 239 3417; x_wconf 84' lang='lat' dir='ltr'><strong>Barone</strong></span> <span class='ocrx_word' id='word_1_282' title='bbox 251 3356 290 3417; x_wconf 85' lang='lat' dir='ltr'><strong>de</strong></span> <span class='ocrx_word' id='word_1_283' title='bbox 304 3355 384 3436; x_wconf 80' lang='lat' dir='ltr'><strong>soye</strong></span> <span class='ocrx_word' id='word_1_284' title='bbox 397 3355 576 3438; x_wconf 86' lang='lat' dir='ltr'><strong>injecerunt,</strong></span> <span class='ocrx_word' id='word_1_285' title='bbox 588 3362 620 3415; x_wconf 92' lang='lat' dir='ltr'><strong>et</strong></span> <span class='ocrx_word' id='word_1_286' title='bbox 629 3353 661 3414; x_wconf 92' lang='lat' dir='ltr'><strong>in</strong></span> <span class='ocrx_word' id='word_1_287' title='bbox 674 3353 799 3416; x_wconf 89' lang='lat' dir='ltr'><strong>alteram</strong></span> <span class='ocrx_word' id='word_1_288' title='bbox 812 3364 927 3436; x_wconf 84' lang='lat' dir='ltr'><strong>partem</strong></span> <span class='ocrx_word' id='word_1_289' title='bbox 940 3355 1022 3418; x_wconf 90' lang='lat' dir='ltr'><strong>enixi</strong></span> <span class='ocrx_word' id='word_1_290' title='bbox 1032 3369 1112 3426; x_wconf 88' lang='lat' dir='ltr'><strong>sunt,</strong></span> <span class='ocrx_word' id='word_1_291' title='bbox 1123 3361 1301 3444; x_wconf 87' lang='lat' dir='ltr'><strong>ensibusque</strong></span> 
     </span>
     <span class='ocr_line' id='line_1_33' title="bbox 116 3460 520 3533; baseline -0.005 -19"><span class='ocrx_word' id='word_1_292' title='bbox 116 3471 181 3514; x_wconf 91' lang='lat' dir='ltr'><strong>rem</strong></span> <span class='ocrx_word' id='word_1_293' title='bbox 194 3471 354 3533; x_wconf 89' lang='lat' dir='ltr'><strong>perurgere</strong></span> <span class='ocrx_word' id='word_1_294' title='bbox 366 3460 520 3532; x_wconf 88' lang='lat' dir='ltr'><strong>ceperunt.</strong></span> 
     </span>
    </p>

    <p class='ocr_par' dir='ltr' id='par_1_7' title="bbox 118 3546 1303 3733">
     <span class='ocr_line' id='line_1_34' title="bbox 158 3546 1303 3634; baseline 0.009 -27"><span class='ocrx_word' id='word_1_295' title='bbox 158 3547 243 3619; x_wconf 82' lang='lat' dir='ltr'><strong>Quid</strong></span> <span class='ocrx_word' id='word_1_296' title='bbox 262 3546 313 3608; x_wconf 92' lang='lat' dir='ltr'><strong>hio</strong></span> <span class='ocrx_word' id='word_1_297' title='bbox 334 3546 467 3608; x_wconf 85' lang='lat' dir='ltr'><strong>facerent</strong></span> <span class='ocrx_word' id='word_1_298' title='bbox 487 3546 594 3608; x_wconf 79' lang='lat' dir='ltr'><strong>Galli?</strong></span> <span class='ocrx_word' id='word_1_299' title='bbox 613 3567 684 3609; x_wconf 92' lang='lat' dir='ltr'><strong>cum</strong></span> <span class='ocrx_word' id='word_1_300' title='bbox 704 3567 736 3608; x_wconf 92' lang='lat' dir='ltr'><strong>se</strong></span> <span class='ocrx_word' id='word_1_301' title='bbox 755 3546 913 3609; x_wconf 84' lang='lat' dir='ltr'><strong>inferiores</strong></span> <span class='ocrx_word' id='word_1_302' title='bbox 930 3568 993 3610; x_wconf 92' lang='lat' dir='ltr'><strong>esse</strong></span> <span class='ocrx_word' id='word_1_303' title='bbox 1006 3549 1144 3614; x_wconf 80' lang='lat' dir='ltr'><strong>viderent</strong></span> <span class='ocrx_word' id='word_1_304' title='bbox 1160 3573 1250 3634; x_wconf 88' lang='lat' dir='ltr'><strong>quam</strong></span> <span class='ocrx_word' id='word_1_305' title='bbox 1268 3567 1303 3617; x_wconf 92' lang='lat' dir='ltr'><strong>ut</strong></span> 
     </span>
     <span class='ocr_line' id='line_1_35' title="bbox 118 3641 1302 3733; baseline 0.006 -29"><span class='ocrx_word' id='word_1_306' title='bbox 118 3644 264 3725; x_wconf 88' lang='lat' dir='ltr'><strong>impetum</strong></span> <span class='ocrx_word' id='word_1_307' title='bbox 277 3651 411 3704; x_wconf 91' lang='lat' dir='ltr'><strong>nostrum</strong></span> <span class='ocrx_word' id='word_1_308' title='bbox 420 3641 610 3719; x_wconf 91' lang='lat' dir='ltr'><strong>sustinerent,</strong></span> <span class='ocrx_word' id='word_1_309' title='bbox 620 3643 652 3704; x_wconf 95' lang='lat' dir='ltr'><strong>in</strong></span> <span class='ocrx_word' id='word_1_310' title='bbox 663 3643 766 3726; x_wconf 79' lang='lat' dir='ltr'><strong>iugem</strong></span> <span class='ocrx_word' id='word_1_311' title='bbox 777 3643 884 3706; x_wconf 83' lang='lat' dir='ltr'><strong>iterum</strong></span> <span class='ocrx_word' id='word_1_312' title='bbox 896 3663 927 3706; x_wconf 90' lang='lat' dir='ltr'><strong>se</strong></span> <span class='ocrx_word' id='word_1_313' title='bbox 937 3641 1116 3722; x_wconf 84' lang='lat' dir='ltr'><strong>effuderunt,</strong></span> <span class='ocrx_word' id='word_1_314' title='bbox 1126 3649 1302 3733; x_wconf 90' lang='lat' dir='ltr'><strong>concitoque</strong></span> 
     </span>
    </p>
   </div>
   <div class='ocr_carea' id='block_1_6' title="bbox 0 0 1644 4700">
    <p class='ocr_par' dir='ltr' id='par_1_8' title="bbox 0 0 1644 4700">
     <span class='ocr_line' id='line_1_36' title="bbox 0 0 1644 4700; baseline 0 0"><span class='ocrx_word' id='word_1_315' title='bbox 0 0 1644 4700; x_wconf 95' lang='lat' dir='ltr'><strong> </strong></span> 
     </span>
    </p>
   </div>
  </div>
 </body>
</html>
