3225 4700
350 326 411 390 176
732 325 755 390 1
762 322 822 391 TI
828 322 1050 392 NERARI
1060 322 1146 391 UM.

348 478 424 559 pede
437 496 528 558 quam
541 497 611 538 mox
626 476 725 539 Metus
739 496 771 538 sa
783 478 911 560 propriae
925 475 1057 540 infamias
1071 476 1197 539 nuncios
1210 484 1240 538 ct
1253 474 1348 539 cladis
1361 472 1578 537 luculentis-

347 574 431 635 simae
444 584 556 635 metm
568 572 793 635 transtulerunt.

390 671 463 732 Dici
480 670 585 751 nequit
599 669 718 750 quantis
734 667 844 730 animis
865 668 1008 731 Generali
1027 668 1136 751 Campi
1155 667 1374 731 Marescballus
1393 666 1573 728 Octavius

349 765 508 828 Parnasius
520 766 630 828 Comes
642 763 860 826 Pieolomiuius
870 783 940 826 cum
956 764 1099 825 Generali
1110 764 1285 848 vigiliarum
1297 764 1461 825 Praefecto
1475 762 1571 824 Bec-
1585 798 1586 873 q

346 862 419 944 quio
431 862 489 923 boc
502 862 656 944 negotium
670 860 866 941 susceperint,
878 860 1092 941 consiliisque,
1107 860 1157 922 bic
1167 861 1291 943 quidem
1305 881 1409 922 amore
1424 860 1565 942 patrius,
1585 876 1586 929 l

346 958 398 1020 ille
410 956 619 1040 amplificandi
632 977 743 1019 nomen
756 968 787 1018 et
800 956 928 1039 gloriam
943 958 1189 1039 conspiraverint.
1585 956 1586 961 ’

388 1056 437 1116 Ex
449 1055 550 1117 hostili
568 1054 633 1115 acie
646 1054 851 1115 occubuerunt
865 1052 974 1114 Comes
990 1052 1092 1115 Sancti
1107 1052 1209 1124 Pauli,
1226 1050 1385 1115 Generalis
1400 1052 1562 1113 Franciae

348 1150 567 1212 Mareschallus
576 1151 615 1212 de
625 1148 806 1224 Cbaumont,
819 1148 940 1229 duoque
949 1148 1001 1209 alii
1014 1148 1174 1230 praecipuus
1188 1147 1373 1211 auctoritatis
1383 1148 1560 1218 officiales,
1585 1204 1586 1251 q

346 1266 417 1307 cum
435 1244 531 1307 multu
548 1243 702 1307 nobilitate
720 1242 841 1305 Gallicd
859 1263 896 1304 ex
915 1242 1093 1305 Oaesarianis
1114 1245 1182 1305 Deo
1200 1244 1243 1305 ita
1259 1244 1436 1305 fortnuante
1456 1264 1559 1305 nemo
1585 1254 1586 1329 l

347 1362 426 1403 unus
448 1360 657 1421 supremorum
680 1348 851 1421 peremptus
876 1348 930 1415 est,
954 1360 1092 1419 unusque
1116 1340 1197 1403 solus
1223 1339 1365 1403 Marcbio
1390 1341 1557 1422 Gonzaga
1585 1330 1586 1381 l

346 1437 464 1497 dnobus
482 1434 613 1517 globulis
629 1435 802 1496 vulneratus
818 1444 873 1509 est,
888 1456 944 1497 nec
957 1456 995 1497 ex
1009 1436 1154 1519 gregariis
1167 1436 1291 1518 quidem
1307 1436 1460 1499 militibus
1477 1458 1554 1518 per-
1585 1436 1586 1441 ’

346 1531 416 1591 iisse
429 1539 573 1611 putantur
589 1551 681 1612 snpra
698 1532 896 1614 octingentos,
911 1552 982 1593 cum
996 1532 1134 1595 Gallicus
1150 1543 1255 1596 contra
1271 1534 1424 1615 peditatus
1441 1536 1552 1597 omnis

346 1648 465 1707 pessum
478 1626 558 1699 ierit,
569 1647 607 1687 ex
619 1647 679 1707 qno
691 1647 744 1689 sex
757 1627 917 1689 minimum
932 1628 1029 1689 millia
1044 1640 1170 1692 mortem
1187 1632 1350 1713 oppetiere,
1367 1632 1450 1713 capti
1467 1654 1549 1693 vero

345 1724 386 1784 ad
396 1723 456 1784 tria
462 1722 558 1783 millia
566 1722 645 1784 inter
653 1743 728 1803 qnos
737 1724 863 1786 trecenti
872 1725 1007 1787 officiarii
1018 1725 1139 1807 ipseque
1147 1726 1365 1807 campiductor
1374 1728 1546 1789 Gallorum
1585 1790 1586 1813 q

346 1818 505 1881 Monsieur
517 1818 556 1879 de
571 1818 748 1899 Fecquieres
762 1822 928 1882 secundum
942 1820 1096 1883 brachium
1109 1822 1248 1885 dextrum
1261 1824 1447 1885 vulneratus.

385 1918 434 1978 Ex
447 1917 513 1977 viro
525 1914 586 1975 fide
599 1914 787 1996 dignissimo,
799 1916 854 1997 qui
868 1916 949 1979 cladi
961 1916 1032 1980 buic
1045 1928 1191 1999 spectator
1202 1918 1301 1981 adfuit
1313 1921 1429 2002 accepi,
1441 1922 1541 1982 nomi·
1585 1920 1586 2001 l

344 2022 449 2075 natum
460 2014 527 2093 jam
541 2010 721 2072 &uenalem
736 2010 914 2092 Fecquieres
932 2021 996 2074 tam
1013 2014 1145 2095 graviter
1158 2014 1283 2077 sensisse
1297 2014 1374 2076 banc
1389 2026 1537 2098 stragem,
1585 2028 1586 2031 ’

343 2119 379 2171 nt
390 2107 599 2171 deficientibus
612 2105 725 2167 viribus
737 2115 768 2167 et
780 2107 893 2182 animo,
907 2128 963 2169 nec
977 2109 1067 2189 pedes
1079 2109 1219 2172 incedere
1231 2112 1374 2192 potuerit,
1384 2132 1443 2174 nec
1456 2133 1537 2194 equo
1585 2100 1586 2187 l

344 2202 425 2279 vehi,
440 2203 520 2265 unde
532 2201 704 2263 lintamina
716 2201 838 2263 obvolvi
850 2212 880 2265 et
893 2203 912 2264 d
926 2205 1123 2284 quaternione
1139 2206 1271 2269 militurn
1283 2207 1413 2269 Theonis
1429 2209 1534 2271 villam
1585 2210 1586 2281 i

345 2297 491 2380 asportari
503 2297 640 2360 debuerit
653 2299 704 2359 ubi
719 2298 813 2360 multo
823 2308 956 2382 tempore
971 2300 1091 2364 tristitid
1104 2311 1134 2364 et
1147 2303 1249 2365 inedid
1258 2324 1290 2366 sc
1301 2304 1378 2367 adeo
1391 2304 1530 2382 coniecit,

345 2395 429 2457 utin
446 2394 624 2476 languorem
644 2393 786 2457 inciderit
805 2396 970 2458 admodum
992 2397 1202 2478 periculosum,
1221 2421 1260 2461 er
1277 2420 1339 2481 qno
1359 2401 1448 2464 etiam
1470 2422 1529 2464 non
1585 2403 1586 2482 l

344 2491 441 2552 multo
455 2498 522 2570 post
536 2499 659 2571 putatur
672 2491 857 2553 occubuisse.
1585 2501 1586 2576 g

385 2586 482 2667 Super
491 2584 548 2646 bac
560 2585 688 2647 victoria
697 2586 766 2648 Deo
779 2587 893 2668 optimo
908 2587 1050 2663 maximo,
1067 2588 1201 2652 Domino
1215 2591 1411 2656 Exercituum
1423 2603 1454 2657 et
1466 2594 1526 2656 Re·

343 2702 417 2764 gum
435 2681 576 2743 domitori
590 2681 816 2759 Potentissimo‚
834 2704 888 2766 per
905 2693 1000 2746 totum
1019 2683 1162 2768 Belgium
1180 2706 1216 2748 ae
1237 2688 1392 2750 Ducatum
1411 2690 1525 2752 Lnxen·
1585 2697 1586 2742 l

343 2779 523 2860 burgensem
532 2777 722 2858 amplissime
733 2789 804 2841 sunt
812 2781 938 2842 redditae
947 2782 1062 2863 gratiss,
1073 2783 1293 2866 magnificeque
1300 2787 1406 2850 festivo
1413 2789 1523 2872 ignium
1585 2773 1586 2838 l

342 2873 547 2938 artificialium
560 2874 729 2956 splendore,
742 2874 868 2957 aliisque
882 2877 981 2940 modis
994 2877 1221 2960 triumphatum.
1585 2877 1586 2888 ’
