3225 4700
495 358 518 423 I
526 356 903 424 TINERARIUM.
1231 353 1294 417 329

133 504 195 567 His
211 506 381 570 constitutis
394 510 518 593 Anglias
536 533 589 572 rex
605 512 835 592 Edenburgnm,
856 510 965 571 Scotiae
975 507 1172 590 Metropolim
1192 506 1292 568 solen·

86 601 169 663 niter
196 603 348 685 ingressus
375 614 428 679 est,
450 616 481 668 ct
503 608 666 691 magnifice
687 609 799 672 ibidem
821 617 973 689 acceptus.
1016 606 1148 667 Londini
1168 624 1287 685 quoque

86 702 263 779 sumptuose
276 702 493 784 triumphatum
511 706 550 766 ob
567 706 728 767 stabilitam
748 726 863 789 pacem,
886 703 1015 785 publicae
1029 703 1101 763 item
1120 702 1152 762 in
1166 701 1287 783 templis

85 795 253 875 gratiaram
268 798 400 860 actiones
412 800 547 877 indicta,
559 802 624 862 dies
636 801 705 863 festi
716 802 855 875 instituti,
867 801 952 883 ignes
964 798 1064 859 festivi
1081 798 1213 872 excitati,
1227 806 1287 859 tor·

87 902 193 953 menta
209 894 323 975 majora
338 897 441 957 omnia
456 896 586 979 explosa
629 898 758 980 Insuper
771 900 862 959 ctiam
876 898 895 959 d
908 896 994 978 Rege
1010 896 1116 957 missus
1137 894 1287 955 Dominus

89 986 324 1067 Hamelthonus‚
335 993 387 1073 qui
400 1014 455 1055 suo
468 994 588 1055 nomine
598 1014 711 1055 novum
722 994 1091 1075 fidelitatisjuramentnm
1104 991 1136 1053 in
1147 991 1285 1052 omnibus

88 1086 308 1148 munitionibus
324 1098 355 1149 et
367 1091 511 1171 portubus
523 1090 633 1153 S'cotiae
646 1092 804 1172 acciperet.

133 1181 271 1245 Substitit
280 1186 396 1247 interea
408 1187 471 1268 ipse
486 1188 553 1249 Rex
565 1188 744 1271 Edenburgi
756 1188 873 1249 dictum
884 1184 1085 1248 comitiorum
1100 1184 1181 1247 diem
1195 1186 1284 1247 avide

87 1289 259 1359 expectans
303 1281 344 1343 Et
363 1284 506 1364 quoniam
526 1285 617 1346 etiam
638 1286 677 1346 de
693 1284 789 1346 milite
810 1304 865 1345 suo
883 1283 1104 1344 exauctorando
1123 1282 1283 1365 cogitabat,

90 1374 251 1437 Generalis
269 1378 399 1441 Ieslaus
417 1379 629 1442 instantissime
643 1381 662 1442 d
676 1381 762 1463 Rege
784 1381 914 1462 petebat,
932 1388 966 1440 ut
983 1379 1041 1440 sibi
1059 1378 1153 1461 copiae
1171 1377 1286 1458 aliquot

88 1472 220 1534 millium
235 1474 424 1536 traderentur
433 1496 488 1557 pro
497 1476 644 1538 Palatinis
652 1477 822 1539 comitibus
834 1478 866 1537 in
878 1475 1076 1538 Hollandiam
1087 1474 1284 1536 deducendes.

128 1568 208 1631 Haec
219 1571 292 1632 dum
301 1583 446 1655 geruntur
454 1575 723 1656 intercsesa‚quod
730 1575 827 1649 aium,
837 1582 867 1634 et
875 1581 1022 1654 porrecta,
1032 1574 1102 1635 Eris
1111 1572 1285 1634 tractatibus

89 1666 174 1746 pacis
189 1666 366 1741 intercessit,
381 1689 519 1751 novaque
534 1670 660 1732 dissidia
673 1671 777 1733 movit.

132 1765 247 1826 Verbm
261 1767 352 1828 etiam
366 1769 439 1828 verb
452 1767 537 1829 Secti
547 1768 626 1829 elam
640 1768 782 1850 primum,
797 1788 866 1830 mox
881 1766 1034 1849 propalam
1045 1765 1285 1848 significantibus

88 1861 191 1923 verbis
204 1863 360 1943 protestati
372 1873 453 1936 sunt,
465 1885 496 1925 se
510 1884 566 1925 nec
579 1863 673 1925 latum
688 1884 820 1946 unguem
834 1864 853 1925 d
867 1863 1113 1945 praesensionibus
1126 1870 1156 1923 ct
1163 1863 1284 1942 juribus

89 1958 154 2021 suis
176 1960 370 2021 discessuros.
412 1960 513 2033 Quem
537 1961 569 2021 in
587 1959 691 2032 finem,
713 1960 842 2022 rationes
862 1960 1055 2022 dissidiorum
1076 1959 1185 2040 scripto
1205 1979 1286 2019 corn·

90 2054 173 2136 plexi
186 2066 268 2128 sunt,
285 2057 370 2137 quod
388 2058 580 2119 manifestum
593 2058 741 2139 appellare
755 2058 878 2139 placuit,
893 2079 928 2119 ac
942 2058 1021 2139 typis
1035 2055 1206 2137 vulgarunt,
1224 2075 1285 2135 quo

91 2173 148 2213 suo
166 2152 244 2213 bello
258 2154 366 2234 justas,
388 2174 495 2233 parum
516 2154 626 2216 solidas
645 2165 757 2229 minen,
778 2176 883 2217 causas
903 2154 1129 2237 praestruebant.
1170 2152 1287 2214 Contra

92 2248 151 2310 hoc
163 2250 353 2312 manifestum
364 2250 432 2311 Rex
445 2251 528 2312 alind
542 2252 687 2333 scriptum
701 2252 751 2313 edi
757 2252 858 2333 jussit,
872 2252 973 2332 inquo
984 2251 1089 2312 Scotos
1100 2248 1285 2311 contumacis

91 2347 305 2410 inobedientiae
324 2359 354 2410 et
371 2348 538 2429 praefractae
552 2348 724 2412 rebellionis
738 2349 908 2412 accusabat.
950 2347 1153 2410 Monebantur
1166 2367 1285 2429 quoqne

91 2466 195 2506 omnes
206 2445 301 2527 Regis
313 2445 436 2520 subditi,
451 2466 489 2506 ne
502 2444 626 2507 rebelles
639 2447 694 2508 sub
707 2467 797 2527 poena
810 2446 945 2508 criminis
957 2446 1036 2507 laesae
1051 2445 1218 2526 Majestatis
1231 2464 1284 2505 au·

92 2543 205 2618 dirent,
225 2543 326 2604 necin
344 2542 470 2603 minimo
487 2562 590 2603 eorum
607 2543 741 2604 consiliis
753 2544 940 2618 accederent,
958 2543 1020 2603 imo
1036 2542 1171 2603 omnium
1190 2540 1285 2603 rebel-

91 2640 166 2701 lium
181 2640 301 2721 acripta,
315 2640 395 2700 unde
409 2639 547 2718 conquiri
560 2649 690 2721 possem,
703 2639 950 2722 adMagistratus
961 2639 1110 2722 legitimos
1124 2639 1287 2714 deferrent,

92 2747 129 2797 nt
141 2757 232 2797 mann
241 2735 403 2798 carnificis
416 2735 538 2817 publica
549 2736 675 2797 infamia
687 2737 823 2798 comburi
836 2744 964 2819 possent.
995 2736 1147 2797 Accendit
1157 2735 1214 2798 hoc
1229 2736 1286 2796 im·

92 2835 210 2916 perium
224 2833 319 2916 Regis
331 2853 424 2894 noras
437 2832 550 2893 irarum
563 2832 653 2906 seces,
674 2854 742 2914 quae
755 2833 788 2894 in
802 2842 919 2895 tantum
933 2834 1017 2896 brevi
1030 2834 1171 2915 temporis
1184 2834 1287 2915 spacio

92 2932 251 2991 excrevere
265 2929 450 3001 incendium,
464 2938 500 2989 nt
513 2927 597 2990 nulla
609 2930 735 2992 mitioris
747 2930 842 2991 animi
855 2950 934 3010 aqua
946 2930 1093 3011 restingui
1106 2951 1192 3012 posse
1201 2931 1287 2992 vide·

92 3035 183 3087 retur.
225 3025 310 3098 Quin
331 3036 361 3086 et
378 3045 471 3086 novas
491 3025 563 3086 belli
581 3027 739 3087 saevissimi
761 3026 879 3088 favillas
896 3027 928 3088 in
948 3027 1080 3088 vicinam
1095 3027 1286 3108 Hyberniam

12 3112 13 3119 ἵ
90 3135 300 3198 exonerarunt,
321 3123 394 3184 dum
414 3123 655 3207 Dnblingensem
675 3123 805 3184 insulam
826 3123 994 3204 Hyberniae
1013 3123 1100 3186 facile
1120 3124 1286 3205 principem

12 3252 13 3263 κ
92 3221 266 3283 invaserunt
279 3231 310 3281 et
322 3231 475 3302 spectante
489 3221 555 3302 ejus
571 3220 737 3302 Metropoli
751 3218 920 3302 Dublinga,
938 3239 1029 3280 naves
1048 3221 1196 3301 quasdam
1210 3241 1294 3305 mer-¹

93 3319 232 3391 catorias,
255 3318 348 3379 divite
362 3337 460 3378 merce
478 3327 610 3392 onustas,
628 3336 681 3398 per
695 3337 847 3378 summum
861 3315 957 3377 scelus
975 3327 1005 3377 et
1021 3327 1155 3398 apertam
1172 3318 1288 3384 violen-

92 3413 167 3472 tiam
180 3412 365 3493 eripuerunt.
408 3409 500 3470 Hanc
519 3409 661 3491 injuriam
676 3410 734 3470 sibi
751 3408 836 3471 nulla
857 3409 969 3490 praevia
986 3410 1140 3471 occasione
1162 3411 1287 3486 illatam,

91 3508 279 3590 gravissime,
292 3515 326 3568 ut
339 3527 392 3588 par
406 3516 482 3578 erat,
496 3508 614 3568 sensere
624 3506 777 3588 Hyberni,
794 3506 848 3566 sed
861 3526 899 3567 ne
917 3505 1106 3588 gravioribus
1121 3507 1168 3568 usi
1180 3508 1289 3570 mediis

91 3605 278 3678 viderentur,
299 3604 325 3666 si
346 3605 409 3665 vim
428 3605 471 3678 vi,
489 3604 572 3684 qnod
589 3604 661 3684 jure
683 3612 831 3685 poterant,
853 3601 1042 3683 repulissent,
1064 3602 1200 3685 querelas
1220 3624 1289 3666 snas

92 3701 223 3783 primdm
236 3701 319 3782 apud
329 3701 447 3783 Regem
456 3700 668 3782 deposuerunt.
710 3698 773 3771 Qui
786 3709 911 3762 evocato
923 3697 1051 3781 Proregi
1064 3699 1196 3762 delectus
1209 3700 1290 3764 mili·

697 3817 718 3857 o
733 3817 754 3856 u
