3225 4700
366 346 408 411 64
759 340 1170 411 ITINERARIUM.

363 504 455 559 tatem
462 494 799 569 munitamsedcasari
807 497 1595 581 rebellemmetimusvineasqueomnasperdimus.

366 590 451 653 Huic
460 591 623 655 calamitati
632 612 752 655 causam
761 594 890 675 praebuit
901 594 1063 657 infidelitas
1071 595 1161 677 hujus
1170 594 1264 667 urbis,
1273 616 1345 657 cuna
1354 596 1435 657 enim
1446 596 1593 658 Saeuus

362 688 557 770 undiquaque
572 709 669 771 nuper
686 700 879 773 grmsaretun,
895 692 962 773 ipsa
978 691 1167 755 colonellum
1183 712 1271 755 suum
1287 710 1377 773 quem
1392 691 1592 774 Imperator

364 804 434 846 cum
446 794 558 867 septem
569 786 703 867 peditum
714 786 886 849 cohortibus
895 787 1139 851 indefensionem
1148 787 1237 870 bajus
1246 787 1306 850 loci
1315 788 1448 864 miserat,
1456 788 1590 851 adaltd

363 892 450 944 nocte
463 881 626 945 trucidavit
638 882 812 963 hostemque
825 884 905 945 iutra
916 882 1029 945 moeuia
1039 883 1160 966 recepit.
1190 882 1267 945 Mox
1280 884 1390 946 iterum
1402 884 1589 947 divisimus

361 978 537 1053 exercitum,
548 980 634 1062 cujus
645 999 736 1041 unam
751 988 866 1061 partem
878 980 952 1041 Dux
964 980 1167 1063 Iotharingiae
1177 980 1223 1059 (in
1232 984 1319 1064 cujus
1327 981 1470 1042 comitatu
1475 990 1587 1041 erant

306 1059 307 1067 ¹
363 1075 446 1136 Baro
460 1076 498 1137 de
513 1074 592 1151 Suis,
607 1086 637 1137 et
651 1076 760 1155 Mercy
773 1074 862 1135 ambo
875 1076 1028 1158 generales
1041 1075 1177 1157 praelecti
1188 1076 1374 1160 vigiliarum)
1386 1097 1441 1159 per
1453 1077 1531 1138 avia
1542 1086 1586 1137 et

362 1172 461 1248 davia,
478 1172 645 1253 multasque
663 1171 802 1252 ambages
816 1190 852 1231 ac
864 1171 930 1232 vias
946 1181 1043 1233 arctm
1058 1172 1274 1254 impeditasque
1289 1173 1580 1235 Ramiromuudam

362 1268 514 1329 civitatem
534 1268 665 1348 amplam
685 1275 715 1328 et
734 1265 937 1329 mercimoniis
956 1266 1067 1329 claram
1087 1268 1230 1330 deduxit:
1258 1270 1394 1331 Alteram
1411 1290 1486 1333 vero
1506 1271 1535 1333 J
1536 1292 1581 1331 o·

361 1384 454 1425 annes
475 1362 629 1424 Wartbius
651 1382 722 1423 cum
739 1362 929 1445 septuaginta
946 1363 1065 1425 vexillis
1082 1365 1229 1445 equitum,
1247 1385 1303 1448 per
1320 1365 1411 1427 aliam
1429 1366 1515 1428 riam
1533 1368 1576 1427 in

364 1458 589 1541 lutharingiam
604 1458 732 1540 praeivit.
775 1458 919 1520 Mirabile
930 1458 987 1521 boc
1000 1460 1033 1520 in
1049 1460 1155 1523 itinere
1168 1460 1371 1543 spectaculum
1387 1464 1578 1545 prabebant

360 1562 478 1615 montes
491 1554 628 1635 superius
643 1554 763 1616 nivibus
780 1554 907 1630 horridi,
921 1555 954 1615 in
966 1555 1067 1617 medio
1083 1566 1185 1639 segete
1201 1558 1322 1631 diuites,
1331 1559 1363 1621 iu
1374 1560 1451 1641 pede
1469 1561 1575 1642 pratis

360 1660 391 1711 et
402 1650 554 1711 arboribus
567 1649 718 1712 florentes.
750 1650 813 1713 Vix
825 1651 858 1713 in
870 1650 1095 1733 Iotbaringiam
1108 1653 1216 1733 pedem
1230 1654 1434 1731 intuleramus,
1444 1676 1520 1717 cum
1530 1658 1571 1716 in

359 1746 459 1826 primo
475 1746 561 1808 adita
579 1746 618 1807 da
638 1746 771 1828 quinque
788 1747 925 1830 peditum
944 1747 1103 1810 Gallorum
1126 1749 1299 1813 cohortibus
1317 1751 1349 1812 in
1366 1752 1469 1814 vicino
1492 1753 1571 1815 loco

359 1841 492 1923 praesidii
511 1842 601 1904 canat
620 1843 871 1905 commorantium
890 1864 1059 1919 monemur,
1077 1845 1110 1905 iu
1130 1866 1205 1926 qnos
1224 1847 1299 1908 dnm
1316 1868 1400 1910 arma
1417 1849 1568 1929 expedire

360 1938 517 2000 statuimus
530 1938 569 1999 de
577 1948 679 2001 nostro
692 1938 825 2001 adventu
834 1940 976 2001 certiores
988 1940 1072 2014 sacti,
1081 1940 1209 2005 viriliter
1220 1963 1252 2004 se
1261 1943 1347 2004 nobis
1359 1954 1519 2026 opponunt
1531 1956 1568 2007 et

360 2034 392 2094 in
408 2034 564 2097 Scirmeclx
576 2054 671 2116 usque
684 2034 833 2116 repellunt
843 2035 896 2097 ubi
910 2036 1009 2117 ipsum
1022 2037 1157 2099 triduum
1170 2039 1335 2123 exegimus.

400 2131 520 2194 Interea
530 2154 593 2195 ram
606 2133 732 2195 feliciter
741 2133 805 2215 agit
819 2133 985 2209 Gadasena,
996 2133 1085 2214 Spirb
1097 2135 1179 2197 enim
1191 2146 1221 2197 et
1231 2136 1420 2197 Manheimio
1432 2137 1563 2219 potitur,

359 2228 539 2310 expulsoque
559 2250 595 2291 ex
615 2228 706 2290 variis
725 2229 850 2290 urbibus
866 2229 1061 2291 Wimariensi
1080 2232 1229 2311 praesidio,
1245 2232 1361 2295 fortitm
1379 2233 1560 2315 triumphat.

314 2365 316 2370 -
360 2323 469 2397 Quoad
480 2325 555 2388 Dux
568 2324 743 2388 Beruardns
753 2324 919 2387 Wimarius
928 2346 961 2388 se
973 2326 1013 2389 de
1023 2346 1103 2389 noro
1114 2326 1259 2410 colligens
1270 2338 1375 2391 contra
1384 2329 1560 2393 fflmum

360 2420 552 2505 Mogontiam
569 2431 642 2484 tunc
660 2421 857 2498 obsidentem,
874 2441 945 2484 cum
963 2423 1100 2485 omnibus
1120 2423 1215 2506 copiis
1232 2425 1298 2501 ivit,
1318 2427 1357 2487 iis
1373 2427 1461 2488 etiam
1480 2447 1559 2509 quas

358 2537 460 2580 recens
486 2519 519 2578 in
542 2517 686 2580 auxilium
711 2517 922 2580 Wimariensis
945 2520 962 2579 e
988 2517 1098 2580 Galliis
1125 2521 1290 2585 adduxerat
1315 2522 1488 2586 cardinalis
1512 2525 1559 2585 Ia

358 2613 487 2691 Valettc,
502 2613 533 2676 bi
549 2615 718 2698 conjunctis
731 2615 846 2676 viribus
862 2617 900 2676 ab
916 2615 1070 2678 obsidione
1087 2616 1272 2701 Mogontinb
1285 2617 1456 2682 Galhssum
1469 2641 1556 2703 repu-

356 2708 468 2773 lerunt.
501 2710 573 2773 Hoc
585 2721 719 2792 tempore
731 2711 765 2771 in
779 2711 872 2773 fidem
886 2711 1014 2774 cesara
1027 2712 1143 2774 rediere
1155 2734 1194 2775 ex
1208 2715 1418 2798 Imperialibus
1432 2718 1555 2779 urbibus

359 2807 570 2891 Nommberga,
586 2807 690 2885 Ulmu,
705 2818 736 2870 et
748 2807 965 2870 Francofordia
976 2809 1016 2871 ad
1030 2810 1181 2872 Moenum.

398 2905 509 2968 Noster
519 2905 592 2966 verb
602 2904 758 2968 Wertbias
771 2904 844 2970 alibi
857 2925 918 2967 non
930 2905 1064 2977 feriatur,
1078 2907 1132 2968 sed
1146 2916 1210 2970 tum
1223 2907 1304 2969 felici
1316 2928 1393 2971 ausu
1404 2909 1437 2970 in
1448 2910 1552 2973 Gallos

356 3009 467 3074 movet,
478 3001 539 3062 uni
551 2999 715 3082 eidemque
728 2999 831 3083 pugnt
840 3001 948 3064 vicena
959 3002 1040 3063 triam
1051 3003 1162 3065 vexilla
1174 3003 1253 3066 hosti
1264 3007 1364 3087 eripit,
1374 3007 1550 3069 Vico-colo-

356 3095 468 3158 nellum
481 3117 575 3159 unum
585 3107 617 3159 et
629 3098 803 3179 praefecmm
813 3098 926 3181 vigiliis
938 3119 1034 3161 unum
1046 3099 1147 3181 capit3
1168 3111 1281 3162 etcum
1294 3102 1427 3165 audisset
1436 3104 1550 3166 Mares

356 3191 487 3254 challum
509 3193 547 3254 dc
571 3193 616 3256 Ia
638 3194 731 3257 Forco
753 3195 890 3270 Gallum,
909 3205 1014 3258 contra
1036 3207 1152 3260 nosnos
1169 3199 1307 3274 movisse,
1324 3219 1415 3279 qnam
1433 3221 1503 3263 mox
1519 3222 1547 3262 se

355 3287 477 3368 reliquae
491 3289 638 3351 exercitus
651 3291 729 3372 parti
742 3291 858 3353 scilicet
870 3292 1027 3374 peditatai,
1041 3293 1094 3373 qui
1107 3294 1147 3356 ad
1163 3294 1302 3356 duodena
1314 3296 1446 3359 militum
1458 3297 1547 3359 millia

352 3405 385 3448 se
399 3385 589 3462 extendebat,
603 3387 772 3471 conjungit.

394 3481 461 3542 Nec
481 3479 582 3542 minus
600 3480 715 3545 fortiter
735 3482 974 3546 Piccolominius
991 3486 1032 3547 ad
1053 3485 1220 3550 Insaniam
1239 3509 1305 3550 rem
1323 3499 1430 3552 contm
1445 3490 1545 3552 Gallos

353 3576 440 3658 gerit,¹
461 3576 579 3655 donjus
598 3577 751 3642 obsidione
771 3579 888 3642 bostem
906 3580 939 3641 vi
962 3581 1082 3664 repulit,
1106 3583 1139 3643 in
1158 3584 1220 3664 qut
1241 3585 1433 3667 expeditione
1454 3588 1545 3648 Iova-

352 3673 468 3736 aienses
481 3674 608 3738 studiosi
621 3684 652 3738 at
664 3675 796 3759 religiosi
809 3677 963 3741 rariorum
975 3679 1118 3742 ordinum
1130 3700 1199 3744 euos
1211 3681 1302 3744 etiam
1314 3683 1432 3747 animm
1446 3694 1546 3748 conus
