3225 4700
1319 937 1704 1015 CAPUT
1778 933 2274 1011 XXXVIII.

1169 1138 1274 1205 De
1306 1135 1541 1204 Itinere
1567 1147 1779 1202 nostro
1805 1159 2014 1203 versus
2039 1135 2431 1202 Bohemiam.

653 1353 665 1385 ἰ
781 1317 873 1425 :ff
962 1317 1125 1393 Α,
1170 1340 1603 1404 DISCESSU
1631 1348 1836 1400 nostro
1862 1359 1937 1400 ex
1964 1338 2354 1411 Wetteravia,
2376 1355 2496 1396 non
2524 1332 2762 1415 magnis
2788 1330 3043 1393 itineri-

651 1490 652 1493 ,
757 1477 789 1489 --
963 1397 1114 1525 ’θῇ
1181 1440 1313 1514 bus,
1342 1439 1421 1499 ad
1450 1434 2042 1498 Excellentissimum
2071 1433 2408 1495 Dominum
2438 1429 2802 1493 Generalem
2828 1428 3043 1488 Exer-

637 1533 649 1562 “
717 1528 729 1537 ”’
773 1529 791 1554 '
880 1545 942 1610 Ἃ*
962 1598 966 1602 ,
990 1497 1106 1582 *³3
1184 1536 1341 1598 citus
1368 1532 1635 1597 Caesarei
1662 1530 2134 1593 Mareschallum
2159 1529 2460 1592 Comitem
2487 1529 2566 1589 de
2591 1525 2896 1599 Hatzfeld‚
2916 1524 3040 1604 qui

637 1626 689 1698 3¹.
765 1631 829 1698 π’,
869 1658 898 1682 κ*
931 1671 943 1705 4
995 1643 1022 1709 2.
1066 1622 1114 1698 Τ,
1180 1652 1365 1713 prope
1392 1631 1540 1693 t'unc
1567 1630 1791 1704 aberat,
1820 1629 1972 1690 itum
2001 1636 2112 1701 est,
2131 1625 2545 1708 expectatique
2564 1623 2839 1684 venimus
2865 1622 3044 1682 sicut

902 1722 914 1758 ³
940 1714 954 1722 '⁸
998 1718 1026 1726 “
1058 1738 1062 1746 ”
1120 1746 1122 1749 ·
1181 1738 1242 1789 ct
1276 1727 1409 1788 aliae
1444 1726 1714 1809 legiones
1751 1744 1901 1805 quas
1935 1723 2112 1786 avide
2148 1722 2432 1785 advenire
2465 1720 2762 1801 cupiebat.
2846 1717 3036 1778 Hinc

630 1844 752 1885 non
788 1823 979 1884 multo
1005 1833 1140 1905 post
1165 1825 1231 1886 in
1262 1825 1582 1886 Franciam
1610 1822 1991 1885 Orientalem
2019 1819 2443 1903 (Franconiam
2476 1816 2661 1898 vulgo
2686 1815 3035 1897 appellant)

633 1919 1021 1999 perreximus,
1046 1927 1115 1982 ut
1131 1921 1273 1982 iude
1286 1922 1466 2002 juxta
1484 1940 1609 1981 suae
1635 1918 1974 2028 Maiestatis
1994 1914 2324 1980 Caesareae'
2306 1913 2559 1993 1mperia
2574 1914 2637 1973 in
2659 1912 3029 1974 Bohemiam

637 2019 784 2097 (quo
812 2016 1143 2078 Bannirius
1169 2036 1309 2077 cum
1335 2015 1473 2075 totis
1500 2014 1625 2075 suis
1652 2013 1929 2075 viribus
1910 2033 1998 2074 ire
2026 2011 2366 2084 videbatur)
2394 2012 2770 2072 duceremur.

721 2110 964 2173 Interea.
987 2132 1194 2173 recens
1221 2112 1286 2172 in
1311 2110 1535 2172 finibus
1565 2108 1877 2171 Bohemiae
1905 2118 2113 2191 captus
2140 2108 2435 2188 Princeps
2456 2105 2771 2167 Palatinus
2793 2104 3035 2165 Rober-

639 2217 759 2279 tus,
778 2207 855 2268 de
874 2227 993 2287 quo
1020 2228 1200 2290 supra
1225 2206 1591 2268 mentionem
1618 2204 1891 2279 fecimus,
1916 2205 1981 2264 in
1999 2204 2308 2266 Austriam
2329 2201 2579 2286 appulit,
2603 2201 3034 2282 Lynciumque

640 2303 778 2366 forti
794 2303 1054 2365 militum
1076 2315 1135 2367 et
1154 2302 1373 2366 selecta
1392 2322 1598 2375 manu,
1616 2301 1834 2384 partim
1851 2301 2003 2363 salvi
2019 2302 2352 2364 conductus
2369 2299 2522 2375 loco,
2548 2299 2762 2383 partim
2783 2297 3035 2360 honoris

640 2421 786 2483 crgo
812 2401 1119 2481 adjuncta,
1150 2401 1474 2482 perductus
1499 2408 1609 2477 est,
1636 2419 1756 2481 quo
1775 2397 1906 2461 loco
1933 2397 2221 2461 habitatio
2248 2396 2572 2479 magnifica
2591 2405 2944 2478 expurgata,
2970 2406 3038 2457 et

644 2507 711 2558 ut
719 2497 912 2558 talem
931 2497 1283 2578 Principem
1303 2497 1553 2558 decebat
1578 2495 2008 2578 peristromatis
2035 2495 2386 2575 reliquoque
2412 2492 2582 2555 cultu
2606 2493 2900 2554 adornata
2920 2504 3034 2554 est.

728 2593 856 2655 Sub
899 2592 1027 2654 haec
1072 2603 1340 2674 tempora
1382 2593 1583 2668 etiam,
1635 2593 1731 2654 vel
1779 2591 1958 2673 paulo
2006 2600 2144 2653 ante
2189 2600 2397 2672 captus
2441 2610 2631 2670 nuper
2676 2588 3035 2651 Colonellus

650 2689 1050 2765 Krichbaum,
1080 2689 1185 2770 qui
1215 2688 1410 2750 Sueco
1437 2699 1646 2751 contra
1672 2687 1974 2750 Caesarem
2001 2697 2298 2749 meruerat
2323 2687 2518 2769 capite
2544 2688 2799 2749 Viennae
2831 2687 3038 2748 minu-

647 2798 743 2848 tus
768 2795 894 2863 est;
937 2787 1221 2867 quoniam
1247 2784 1389 2846 vero
1418 2786 1527 2846 sub
1554 2783 1739 2846 finem
1766 2784 1911 2846 vitae
1938 2785 2017 2846 ad
2044 2783 2435 2845 orthodoxam
2461 2783 2798 2848 Ecclesiam
2828 2807 3035 2847 rever·

647 2893 823 2958 terat,
842 2883 1233 2944 conveniente
1250 2891 1541 2962 apparatu
1560 2879 1827 2960 sepultus
1841 2889 1948 2955 est,
1966 2880 2141 2961 eique
2161 2881 2282 2941 ritu
2300 2879 2614 2942 Catholico
2629 2890 3032 2963 parentatum.

732 2979 908 3041 Sueci
933 2978 1175 3040 interim
1202 2978 1311 3038 sub
1338 2975 1666 3038 Colonellis
1685 2974 2170 3058 Coningsmarck
2189 2985 2250 3036 et
2270 2976 2479 3037 Braeta
2502 2977 2847 3050 militantes,
2874 2978 3036 3038 male

649 3074 1079 3156 Westphaliam
1108 3074 1456 3148 tractabant,
1486 3073 1592 3154 qui
1620 3073 1799 3134 etiam
1825 3093 1938 3134 nec
1964 3071 2148 3133 sacris
2175 3072 2406 3152 deoque
2432 3072 2650 3136 dicatis
2687 3074 2860 3136 tectis
2895 3094 3037 3155 par·

652 3170 886 3243 cebant,
927 3169 1216 3253 sacrilege
1250 3170 1378 3231 sine
1413 3169 1743 3231 sufficiente
1781 3188 1962 3229 causa
1996 3167 2415 3243 incinerantes,
2453 3168 2768 3232 Nobilium
2793 3189 3039 3251 quoque

651 3286 818 3326 arces
862 3265 1396 3346 depopulabantur,
1442 3265 1764 3347 abigebant
1803 3264 2094 3326 immanes
2141 3284 2420 3346 pecorum
2466 3286 2701 3349 greges,
2743 3268 3040 3348 exprime-

650 3362 911 3442 bantque
938 3361 975 3422 a
1004 3362 1288 3423 Dominis
1314 3381 1595 3443 pecorum
1625 3380 1906 3442 magnam
1932 3361 2205 3442 pecuniae
2232 3361 2379 3421 vim.
2439 3359 2622 3433 Quod
2643 3363 2746 3424 ubi
2773 3363 3039 3424 innotuit

655 3456 941 3518 Generali
975 3456 1374 3519 Mareschallo
1410 3457 1605 3536 campi
1637 3455 1905 3516 Domino
1934 3456 2162 3518 Baroni
2189 3456 2266 3519 de
2296 3457 2716 3534 Liittersheim,
2755 3458 2924 3519 misit
2957 3458 3036 3519 de

652 3552 965 3616 Praefectis
999 3553 1270 3634 equitum
1302 3572 1546 3614 suorum
1589 3551 2037 3628 nonncminem,
2075 3552 2275 3614 virum
2312 3574 2590 3636 sagacem
2626 3563 2687 3616 et
2722 3552 3035 3636 magnani-

646 3669 815 3712 mum
842 3670 982 3712 cum
1004 3649 1382 3732 septuaginta
1405 3647 1706 3728 equitibus
1733 3646 2123 3729 exploratum,
2159 3669 2237 3710 an
2271 3669 2346 3711 ex
2377 3649 2733 3714 latrunculis
2767 3649 2889 3712 illis
2923 3648 3035 3709 ali-

3188 465 3199 638 ’ἱ
