3225 4700
498 342 894 412 ITINERARIUM.
1227 345 1287 414 189

94 514 229 577 cumque
245 494 358 579 effugio
375 494 476 558 nullus
488 497 617 578 amplius
633 505 747 579 pateret
759 496 865 573 exitus,
880 514 974 573 arma,
988 496 1069 576 quod
1084 504 1215 559 sensatae
1231 497 1288 559 mi·

93 592 166 654 lites
184 594 283 669 decet,
304 601 477 673 posuerunt,
493 613 532 654 ua
546 612 607 674 qua
622 594 698 655 forte
714 593 809 655 vitam
822 601 853 655 et
864 592 1042 675 sanguinem
1057 600 1168 655 temere
1181 594 1289 675 prode-

93 687 179 769 gisse
198 696 393 771 arguerentur
402 710 414 764 3
437 688 538 769 itaque
555 689 703 751 voluntati
721 688 881 751 Gallorum
898 708 961 749 sese
979 687 1144 750 reluctante
1163 690 1287 769 quidem

92 783 200 846 animo
211 784 420 866 permiserunt,
430 784 522 846 solius
530 785 602 847 vita
611 776 848 847 incolumitatim
861 783 1051 866 sequentibus
1064 784 1287 849 conditionibus

93 880 294 959 paciscentes.

138 975 170 1035 Ι.
191 975 237 1037 Ut
247 974 456 1037 Prmsidiarius
464 974 551 1037 miles
563 976 675 1057 absque
687 976 813 1038 sarcinis
824 986 855 1038 et
864 976 954 1038 armis
963 975 1025 1038 solo
1038 976 1148 1038 bacillo
1157 977 1287 1042 candido

94 1069 260 1132 instructus
272 1070 346 1132 urbe
359 1070 525 1133 excederet.

138 1166 188 1227 ΙΙ.
210 1167 257 1228 Ut
270 1164 470 1228 Gubernatori
481 1175 513 1229 et
524 1166 660 1228 officiatis
676 1168 804 1230 liberum
816 1175 892 1229 esset
903 1166 1074 1231 lateralibus
1087 1188 1119 1229 se
1131 1168 1287 1249 accingere

93 1261 199 1337 armis,
212 1262 267 1323 sed
275 1262 365 1343 juxta
378 1261 564 1324 Perillustris
577 1261 731 1345 Principis
744 1262 872 1326 Conduei
885 1263 1036 1326 victoriosi
1050 1264 1148 1326 Ducis
1164 1265 1288 1325 arbitra·

94 1367 165 1419 tum
175 1356 207 1417 iu
221 1356 357 1418 custodia
368 1367 400 1420 et
411 1357 543 1419 vinculis
556 1368 753 1420 remanerent.

137 1451 207 1512 111.
228 1453 275 1514 Ut
296 1452 454 1535 agrientes
474 1454 552 1515 siem
574 1463 604 1516 et
619 1454 769 1530 mulieres,
789 1452 901 1536 aliique
922 1455 1081 1529 excessuri,
1102 1455 1210 1517 secure
1223 1454 1288 1517 sine

94 1548 169 1611 dolo
182 1548 293 1610 maloi
307 1548 406 1611 Gallis
423 1547 663 1632 Perpignianum
680 1571 751 1612 cum
770 1550 853 1613 salvo
873 1552 1025 1614 conductu
1045 1552 1285 1615 dimitterentur:

94 1644 328 1722 caverentverb,
340 1665 379 1707 ua
389 1655 494 1708 contra
502 1656 590 1729 pacta
598 1647 675 1709 ullas
684 1647 816 1710 occultas
826 1649 956 1710 sarcinas
965 1668 1157 1730 quascunque
1165 1649 1287 1711 demum

94 1765 200 1807 secum
216 1755 413 1827 asportarent.

139 1840 373 1903 conditionibus
388 1840 470 1902 hisce
483 1840 635 1922 utrimque
651 1840 898 1921 subscripserunt,
912 1860 949 1901 er
962 1848 1045 1922 parte
1058 1838 1181 1919 quidem
1193 1838 1287 1901 victo·

94 1938 246 1998 riosorum
265 1936 424 1999 Gallorum
443 1936 517 1998 Dux
538 1936 691 1998 Haurious
711 1936 914 2011 Bourbouius,
935 1955 972 1995 ex
992 1934 1197 2015 Hispanorum
1215 1953 1287 1994 vero

94 2032 183 2094 vieta
194 2041 312 2094 caterva
326 2032 398 2094 Dou
413 2030 548 2094 Micha'el
564 2032 744 2094 laurentius
760 2032 864 2094 Bravo
879 2030 961 2093 urbis
976 2028 1066 2111 paulo
1081 2038 1150 2091 ante
1169 2028 1287 2091 Guber-

96 2136 199 2189 nator.

141 2226 209 2288 Nec
221 2224 317 2287 multo
329 2234 397 2307 post
412 2224 642 2309 sanguinolenta
657 2244 760 2306 pugna
774 2224 807 2285 in
821 2224 897 2285 mari
910 2243 1029 2305 quoque
1037 2222 1121 2285 ‚inter
1135 2221 1287 2304 Hispanos

95 2332 129 2385 et
142 2322 313 2386 Hcllandos
325 2331 468 2384 certatum
481 2332 537 2398 est,
551 2320 646 2384 multo
658 2321 880 2384 Hcllandorum
895 2320 1105 2396 emolumento,
1116 2339 1169 2401 per
1179 2320 1288 2404 exiguo

97 2439 170 2481 veru
181 2417 386 2500 Hispanorum
400 2419 567 2481 commodo.
595 2418 756 2480 Certamen
768 2425 868 2478 autem
878 2417 960 2499 apud
971 2418 1110 2478 Duroues
1118 2415 1289 2498 Anglorum

96 2516 227 2597 contigit
238 2515 326 2576 classi
343 2513 534 2577 Hollaudicoe
551 2522 677 2595 praeerat
690 2514 843 2575 Martinus
858 2511 1025 2594 Herpcrtus
1038 2513 1150 2593 Tromp
1161 2512 1210 2573 vir
1225 2533 1288 2574 ma-

92 2611 171 2693 joris
183 2610 317 2671 audaciae
324 2627 417 2691 quam
427 2609 642 2690 animi,quie1
652 2608 813 2690 improviso
823 2608 855 2669 in
865 2608 1067 2670 adversariam
1079 2608 1287 2689 Hispanorum

96 2707 223 2767 clamem
235 2706 333 2782 irruit,
348 2726 384 2767 ac
398 2713 460 2767 tam
471 2713 626 2767 constante
639 2725 675 2766 aa
687 2705 839 2786 pertinace
853 2725 956 2787 pugna
968 2705 1143 2782 decertavit,
1155 2714 1189 2766 ut
1202 2706 1287 2788 prius

95 2801 197 2885 pulvis
214 2801 423 2863 tormentarins
435 2800 626 2881 plumbaiqua
638 2799 753 2883 globuli
765 2803 927 2864 onerandis
938 2802 1096 2884 catapultis
1107 2821 1198 2884 quam
1211 2823 1288 2884 prue-

94 2897 192 2960 liaudi
212 2898 302 2959 ardor
323 2897 422 2978 ipsum
439 2895 613 2973 deficerent,
635 2907 816 2979 coactimque
837 2906 940 2978 postea
957 2898 996 2960 sit
1014 2896 1119 2960 Calata
1137 2897 1287 2960 deiectum

95 2992 321 3056 armamentarii
334 2992 481 3073 supplere.
513 2992 626 3054 Classis
636 2992 786 3074 Hispana,
800 3013 869 3075 quas
883 2994 944 3056 lere
957 2994 1120 3076 majoribus
1134 2993 1287 3056 Gulleoni·

95 3091 164 3166 bns,
184 3099 219 3151 ut
238 3099 358 3160 vocant,
379 3087 543 3161 constabat,
565 3089 690 3149 adversa
708 3095 866 3150 ventorum
880 3089 911 3150 vi
924 3089 943 3150 d
958 3089 1179 3152 Dunkirchano
1199 3101 1288 3172 portu

94 3185 320 3268 prohibebatur,
341 3183 421 3245 unde
442 3182 483 3243 ad
505 3181 701 3262 Duyneusem
723 3182 872 3244 divertere
893 3184 993 3264 quoad
1012 3192 1171 3266 tempestas
1193 3187 1287 3250 desar-

95 3283 208 3354 viisset,
229 3281 390 3361 mitiorque
409 3297 484 3340 aura
504 3278 627 3339 carbasa
642 3277 829 3359 dignaretur,
848 3278 985 3355 debebat,
1003 3280 1057 3341 sed
1072 3301 1128 3342 nec
1141 3281 1209 3344 istic
1222 3291 1288 3346 tuta

94 3379 134 3439 ab
148 3375 335 3438 infestatione
350 3374 573 3437 Hcllandorum
586 3373 728 3448 substitit,
742 3373 825 3434 varie
838 3373 919 3434 enim
933 3393 1034 3455 sparsa
1049 3384 1094 3437 est
1108 3377 1152 3438 ita
1165 3387 1198 3439 ut
1214 3399 1287 3460 pau-

94 3471 174 3534 cnlaa
194 3491 285 3534 naves
305 3479 463 3532 ventorum
482 3469 628 3550 impetum
649 3469 798 3542 eluctata,
819 3469 1029 3531 Dunkircham
1053 3471 1174 3534 tandem
1192 3474 1288 3535 cladis

94 3566 216 3629 nuncies
228 3587 310 3649 segre
319 3565 508 3648 appulerunt,
518 3584 587 3644 quae
595 3565 636 3626 ad
645 3574 773 3645 quatuor
785 3563 991 3647 Hispanorum
1001 3566 1097 3628 millia
1110 3567 1286 3630 selectorum

93 3665 227 3727 militum
243 3683 345 3728 secum
358 3661 519 3737 ducebant,
535 3661 575 3722 ad
587 3681 661 3743 quos
683 3661 884 3743 inspiciendos
903 3661 1073 3726 Cardiualis
1090 3663 1195 3726 Infans
1213 3663 1286 3727 His·
