3225 4700
511 300 916 411 rumusculum.
1259 353 1319 416 179

108 488 196 549 riam
207 489 291 551 urbis
299 490 469 553 Ecclesiam
479 502 547 553 octo
558 493 726 575 capitanei,
738 497 792 577 qui
802 496 893 559 funus
906 500 923 559 l
938 518 1028 561 curru
1040 509 1226 578 exemerunt,
1237 524 1273 565 so
1285 504 1317 564 in

109 582 237 645 Sacello
252 586 384 666 quodam
402 588 546 669 tantisper
564 591 777 671 deposuerunt,
798 594 895 655 donec
912 594 1000 676 copia
1017 595 1103 657 lieret
1115 595 1263 659 avehendi
1277 599 1317 659 ad

108 700 188 742 eum
195 682 294 743 locum
306 684 359 744 ubi
369 682 681 747 Saxo-Wimarienses
689 688 809 768 sepeliri
820 700 1045 752 consueverant.
1075 692 1151 753 Mox
1160 693 1314 755 concione

111 777 176 857 ipsi
190 778 386 839 Parentstum
400 780 522 841 estsine
536 780 604 858 ullis
620 782 700 843 ultre
717 784 905 860 ceremoniis,
927 806 1024 865 neque
1038 787 1120 848 enim
1135 788 1313 850 Lutherenis

115 874 262 935 Sectsriis
274 874 319 935 fas
330 885 375 937 est
387 874 462 936 alias
479 877 620 957 exequias
637 878 798 952 celebrare,
819 881 930 960 quippe
949 882 1001 960 qui
1020 882 1070 963 pia
1088 904 1143 963 pro
1163 884 1313 945 defunctis

113 969 262 1052 suffragia
282 972 320 1033 ab
337 972 421 1033 omni
441 982 521 1035 retro
537 974 707 1055 posteritate
720 974 739 1035 d
752 974 1000 1056 Religiosissimis
1022 978 1184 1061 majoribus
1203 980 1313 1041 nostris

113 1066 236 1141 usitata,
250 1068 288 1127 ab
304 1088 384 1128 nove
396 1068 535 1132 Ecclesia
547 1090 603 1133 sua
619 1080 766 1133 aeternnm
784 1072 1033 1152 proscripserunt,
1052 1087 1212 1137 asserentes
1229 1076 1313 1138 nullo

112 1162 267 1225 defunctis
279 1163 298 1225 d
310 1164 482 1227 viventibus
495 1165 630 1229 exsoluta
641 1177 712 1229 vota
724 1169 875 1249 prodesse,
889 1169 1010 1229 credam
1029 1170 1062 1230 id
1080 1170 1220 1249 equidem
1233 1172 1260 1234 si
1272 1172 1313 1235 de

112 1258 265 1322 lraereticis
277 1261 311 1322 id
324 1270 469 1337 asserant,
482 1282 591 1346 negem
604 1284 677 1325 vero
689 1264 716 1325 si
728 1264 768 1327 de
781 1264 956 1327 orthodoxis
968 1286 1066 1327 sermo
1078 1266 1127 1329 sit.

153 1356 308 1418 Vicesimus
316 1357 478 1441 hujusdem
490 1368 700 1421 testamentum
714 1381 767 1422 sen
779 1360 887 1423 ultima
899 1361 1036 1424 voluntas
1051 1362 1149 1424 Ducis
1162 1361 1312 1447 resignata

108 1460 169 1525 est,
181 1472 244 1535 qus
255 1452 374 1535 legebat
386 1454 544 1517 Colonello
558 1455 688 1517 Oeheim
705 1464 740 1517 ut
758 1457 912 1519 Directori
930 1459 1079 1520 exercitus
1098 1466 1128 1521 et
1146 1458 1312 1542 Rehlingio

108 1570 170 1610 cen
183 1550 336 1612 Anemuri
348 1551 475 1635 singulis
487 1553 596 1615 vicena
606 1553 704 1615 millia
716 1553 935 1635 Imperialium.
956 1554 1070 1617 Comiti
1081 1554 1230 1616 Nessovio
1238 1574 1311 1617 vero

107 1664 170 1707 cen
183 1646 339 1724 Generali,
359 1648 502 1711 Erlnchio
518 1659 549 1712 et
566 1650 658 1713 Rosa
676 1650 785 1731 cuique
802 1650 942 1713 duodena
962 1649 1059 1713 millis
1077 1650 1307 1732 Impericlium:

110 1742 300 1806 Praedicenti
312 1764 367 1806 suo
378 1752 525 1826 quaterno
536 1746 634 1808 millis
647 1746 878 1828 Imperislium3
899 1746 1019 1809 Aulicis
1029 1747 1101 1809 item
1114 1767 1168 1827 pro
1179 1767 1234 1809 suo
1243 1746 1309 1809 cni-

106 1859 171 1920 que
187 1858 313 1903 munere
331 1851 444 1903 certam
464 1844 602 1925 munire
623 1864 783 1907 mmmam.
826 1844 938 1907 Debita
955 1843 994 1925 (si
1012 1863 1081 1925 qnae
1098 1842 1209 1919 forent)
1229 1842 1305 1905 solvi

107 1936 209 1998 voluit
230 1957 269 1998 ex
290 1937 427 2018 cymeliis
450 1940 598 2021 rebusque
620 1939 773 2021 preciosis.
816 1939 951 2023 Singulis
975 1940 1047 2001 item
1070 1936 1235 1999 Colonellis
1256 1958 1309 1999 sex

107 2032 210 2093 millia
230 2033 438 2114 Imperialium
461 2036 569 2097 eodem
588 2044 766 2097 testamento
788 2036 1011 2099 transcribebat.
1054 2032 1198 2097 Genereli
1217 2054 1307 2116 porro

108 2128 284 2212 vigiliarum
295 2128 445 2193 Praefecto
458 2130 611 2203 Erlechio‚
624 2132 704 2193 sicut
716 2140 747 2193 et
762 2130 927 2195 Colonellis
944 2130 1083 2207 Oeheim,
1104 2131 1261 2209 nassovio,
1277 2141 1307 2194 et

109 2228 202 2289 Rosa
214 2227 379 2289 exercitum
393 2248 463 2289 cum
476 2228 602 2310 imperio
617 2227 853 2299 commendavit,
866 2228 966 2309 quood
983 2226 1122 2291 Franciae
1137 2237 1167 2291 et
1188 2228 1305 2291 Sueciae

108 2324 211 2409 Reges
223 2325 263 2388 ds
279 2334 351 2409 apta
367 2345 494 2408 persons
510 2326 551 2388 ed
570 2324 786 2389 Generalstnm
802 2324 1008 2408 providerent,
1030 2323 1140 2405 quibus
1157 2333 1187 2388 et
1203 2324 1305 2388 moxd

105 2431 171 2484 toto
183 2421 317 2484 exercitu
325 2422 473 2504 juratum,
482 2423 633 2503 militique
642 2423 825 2503 stipendium
837 2430 1023 2483 menstruum
1033 2419 1172 2483 solutum.
1187 2421 1304 2484 Eodem

105 2527 241 2599 tempore
261 2519 344 2580 misit
365 2519 549 2581 Francorum
567 2519 637 2580 Rex
655 2519 803 2600 Iaegntum
828 2517 1000 2592 Brisaeum‚
1018 2518 1071 2598 qui
1091 2537 1243 2598 supremos
1264 2519 1305 2580 ad

106 2615 255 2677 unitatem
267 2614 482 2689 cohortaretur,
491 2615 741 2698 polliceretnrque
750 2613 930 2676 sufficientia
938 2613 1050 2676 auxilia
1060 2621 1165 2676 contra
1175 2611 1302 2690 hostem,

105 2711 215 2772 tamin
228 2732 262 2774 rc
273 2712 447 2795 pecuniaria
458 2733 550 2794 quam
567 2711 772 2786 frumentaria,
790 2731 826 2772 ac
847 2711 928 2772 intre
944 2721 1085 2793 quartum
1102 2719 1133 2772 et
1150 2710 1303 2772 decimum

105 2807 189 2869 diem
206 2818 330 2870 centum
345 2829 503 2872 aureorum
519 2808 617 2872 millis
631 2817 736 2890 persta
753 2807 883 2889 pecunia
895 2806 1092 2880 numeranda,
1106 2805 1302 2887 promitteret.

106 2904 195 2968 Mors
215 2904 282 2966 luec
299 2906 398 2968 Ducis
416 2927 559 2989 magnam
579 2905 734 2968 tristitiam
751 2913 782 2966 et
799 2903 945 2985 plurimos
966 2911 1063 2964 motus
1083 2902 1218 2964 causavit
1238 2911 1301 2965 tam

104 3001 185 3063 inter
200 3001 311 3064 milites
326 3011 356 3064 et
368 3001 443 3064 fidei
458 3011 622 3077 consortes,
637 3021 728 3082 quam
746 3000 825 3061 inter
843 2997 1044 3060 confmderata
1058 2997 1169 3060 Gallim
1182 3007 1212 3060 et
1226 2999 1300 3061 Sue-

104 3099 162 3160 cioe
179 3117 282 3180 regua.
323 3100 392 3162 Rex
410 3098 546 3161 Francioe
566 3119 637 3162 oum
658 3107 720 3160 tota
738 3096 808 3158 aula
823 3094 907 3178 pullo
923 3095 1036 3156 amictu
1052 3095 1206 3156 interitum
1216 3096 1299 3164 ,tanti

103 3203 226 3278 tamque
245 3196 304 3259 sibi
320 3195 449 3279 proficui
468 3192 730 3277 Principisluxit,
749 3192 890 3271 misitque
909 3189 1024 3252 nobiles
1043 3190 1199 3272 variasque
1216 3191 1298 3275 lege·

102 3291 201 3356 tiones
213 3294 252 3356 de
264 3294 354 3356 rebus
366 3291 475 3356 summi
489 3291 632 3355 momenti
645 3309 716 3353 cum
729 3287 979 3350 Wimeriensibus
991 3285 1185 3350 consulturos.
