3225 4700
488 316 889 385 ITINERARIUM.
1218 315 1281 381 409

63 469 193 549 primis
205 469 288 532 fortis
302 481 331 532 et
344 470 512 547 bellicosus,
527 470 581 550 qui
594 470 632 530 ad
645 480 783 532 octavum
797 471 948 532 decimum
972 471 1052 534 Maii
1066 469 1209 532 inclinato
1217 469 1281 550 jem

65 567 123 627 ad
146 587 286 628 occasum
307 568 357 628 die
382 567 587 649 Hispanorum
609 567 750 628 stationes
769 568 900 649 primbm
923 577 968 629 est
988 587 1146 651 aggressus
1170 585 1281 648 magno

65 664 188 724 animo
203 673 232 724 et
244 663 420 725 fortitudine
434 663 575 740 mirabili,
590 664 642 725 sed
657 663 754 725 Ducis
767 665 806 725 de
822 664 906 726 Melo
918 664 1067 727 industria
1080 673 1110 726 et
1123 662 1281 726 commoda

68 759 281 841 dispositione
302 760 411 843 magui
434 761 594 823 Gallorum
618 761 705 822 clade
725 761 861 841 repulsus
882 771 934 823 est.
975 760 1045 822 Non
1072 761 1138 821 ideo
1164 758 1280 820 destitit

68 857 234 938 gloriosus
246 857 460 940 Campiductor
473 858 674 940 Anguiuaens,
688 858 739 937 qui
753 878 863 918 noram
876 859 1099 940 impressionem
1114 857 1214 918 animo
1228 875 1276 916 co-

68 955 207 1034 quebat,
221 975 311 1036 quam
324 967 442 1036 postero
456 955 506 1017 die
522 966 556 1016 ut
568 955 700 1036 primum
714 953 896 1016 dilucescere
910 955 1003 1036 coepit
1015 955 1071 1014 sub
1084 955 1201 1015 tertiam
1215 973 1277 1012 ma-

70 1051 224 1127 tutinam,
239 1061 343 1112 auctus
360 1053 445 1113 novis
459 1051 564 1133 copiis,
578 1051 743 1132 majoribus
755 1070 846 1132 quam
862 1071 993 1132 unquam
1009 1059 1078 1111 ante
1092 1050 1202 1110 animis
1215 1069 1277 1110 sus-

70 1149 175 1229 cepit,
190 1159 219 1210 et
233 1148 379 1230 impetum
399 1149 556 1211 renovarit
573 1161 633 1210 tam
647 1148 727 1210 felici
743 1169 882 1210 successu
899 1158 933 1209 ut
952 1158 981 1209 et
997 1148 1022 1208 si
1038 1147 1197 1208 fortissime
1216 1165 1280 1206 sese

72 1255 271 1326 opponerent
289 1246 431 1328 Hispani,
449 1256 547 1308 tamen
568 1247 674 1308 cedere
691 1245 812 1306 tandem
834 1246 929 1306 coacti
949 1245 1020 1317 sint,
1042 1263 1078 1304 ac
1099 1241 1275 1304 effusissima

71 1342 158 1424 fugi
171 1343 275 1404 dilabi.
310 1344 518 1425 Sequebantur
527 1342 675 1425 fugientes
684 1341 783 1404 hostes
795 1342 878 1403 Galli
888 1351 971 1402 teuto
980 1341 1093 1423 impetu
1102 1349 1135 1400 ut
1145 1339 1276 1423 legiones

72 1440 251 1521 praecipuas
269 1441 400 1502 maxime
420 1441 583 1521 Hispanas,
604 1440 707 1512 Italas,
724 1450 755 1500 et
774 1437 958 1522 Burgundas
978 1437 1179 1499 internecione
1196 1434 1275 1497 dele·

75 1547 150 1599 rent
172 1537 248 1598 adeo
275 1549 308 1600 ut
334 1538 421 1619 pauci
448 1535 657 1618 superfuerint.
699 1535 821 1598 Cecidit
843 1556 879 1598 ex
906 1535 1113 1617 Hispanorum
1141 1533 1275 1615 pertibus

75 1633 196 1696 Comes
210 1634 363 1695 Fontanus
375 1633 443 1714 (qui
456 1633 584 1716 gloriose
597 1633 672 1694 mori
686 1633 778 1714 quim
791 1632 938 1715 inglorius
950 1634 1044 1694 vitam
1057 1631 1171 1713 pacisci
1184 1628 1275 1690 male·

75 1731 148 1808 bat)
169 1731 315 1793 unicum
337 1731 457 1792 Comite
473 1729 617 1801 villulae,
640 1729 774 1790 Domino
794 1730 929 1790 Antonio
949 1728 1110 1790 Velandia.
1152 1726 1275 1788 Occiso-

79 1849 152 1888 rum
172 1849 314 1889 numerus
331 1848 367 1888 ex
383 1840 509 1908 utraque
525 1837 609 1907 parte
624 1828 733 1887 verene
746 1847 785 1886 an
803 1825 875 1890 ficte
890 1847 950 1887 uon
968 1845 1061 1908 arguo
1082 1825 1121 1886 ad
1137 1823 1276 1885 duodena

77 1923 181 1986 millia
193 1925 357 1986 excrevisse
371 1924 534 1985 estimatus
546 1932 598 1984 est
639 1921 710 1983 Hoc
724 1933 839 1983 certum
856 1921 1010 2004 Hispanos
1023 1923 1117 1983 victos
1131 1921 1231 1995 fuisse,
1247 1933 1277 1982 et

78 2021 250 2083 victoribus
276 2041 396 2083 omnem
429 2020 571 2082 bellicum
599 2028 785 2101 apparatum,
815 2020 1040 2100 impedimenta,
1069 2027 1274 2098 tormentaque

80 2119 229 2178 omniaac
237 2118 348 2179 vexilla
357 2130 419 2180 tam
432 2117 582 2198 equestria
590 2137 680 2197 quam
693 2117 843 2198 pedestria
853 2117 1015 2190 dimisisse;
1038 2137 1074 2177 ex
1087 2115 1180 2198 signis
1193 2116 1273 2176 certe

82 2214 218 2276 Parisios
235 2215 332 2276 delata
346 2225 414 2276 sunt
433 2225 554 2276 centum
571 2215 694 2275 omnino
712 2221 744 2274 et
755 2213 908 2296 octoginta
929 2214 980 2274 ubi
1000 2215 1068 2276 Deo
1086 2213 1222 2274 solennes
1241 2211 1271 2272 in

82 2311 150 2374 aetle
164 2311 300 2395 principe
313 2313 419 2395 gratie
432 2321 503 2375 sunt
515 2311 634 2373 habitae.

125 2410 295 2471 Praemissis
317 2408 364 2471 bis
385 2409 523 2492 propitiae
545 2409 673 2470 fortunae
696 2408 874 2491 prodromis,
895 2409 1020 2471 victoria
1045 2410 1271 2491 Auguineusem

83 2508 193 2568 ducem
212 2506 252 2567 ad
271 2506 426 2568 ulteriores
443 2526 615 2588 progressus
634 2505 810 2580 stimulavit,
830 2506 884 2587 qui
904 2506 1008 2589 gloria
1028 2507 1193 2586 obsequens
1212 2524 1272 2565 nou

82 2602 180 2664 multb
193 2613 260 2685 post
274 2602 506 2665 'l'beonisvillam
521 2601 660 2663 infestare
677 2602 842 2663 constituit.
886 2602 962 2664 Erat
975 2601 1178 2664 Theonisvilla
1190 2621 1272 2663 com·

84 2698 174 2781 plexu
199 2700 322 2779 quidem
348 2709 485 2782 angusta,
512 2699 565 2759 sed
593 2698 651 2759 situ
670 2706 701 2758 et
721 2698 888 2761 munitione
912 2718 1053 2780 perquam
1075 2709 1211 2781 auguste,
1237 2718 1273 2760 ae

85 2797 162 2856 inter
188 2795 449 2879 Luxenburgensis
470 2796 597 2857 ducatus
624 2794 810 2855 nobilissima
832 2794 984 2868 fortalitia,
1007 2796 1141 2868 visenda,
1170 2796 1199 2857 iu
1227 2817 1271 2858 se·

83 2892 206 2953 milunae
216 2891 341 2951 formam
354 2892 652 2972 exedifieamquam
662 2910 699 2951 ex
713 2910 775 2950 uua
787 2901 870 2971 parte
884 2904 990 2954 natura
1002 2891 1137 2954 Mosella
1148 2893 1270 2968 alluvio,

83 3010 120 3051 cx
133 2987 226 3050 alteri
239 3008 292 3049 arx
307 2989 500 3051 munimentis
513 2990 725 3051 robustissimis
731 2990 820 3070 juxta
833 3000 863 3050 et
877 2989 1026 3052 latissimis
1039 2990 1125 3051 fossis
1140 2990 1218 3071 aqui
1232 2992 1271 3053 ed

86 3085 199 3147 hastilis
215 3084 404 3146 altitudinem
419 3087 534 3147 refertis
552 3096 717 3169 opportune
730 3086 881 3149 cinxerat:
901 3106 970 3168 quae
983 3088 1055 3167 quia
1067 3106 1159 3169 prope
1180 3087 1272 3151 Metis

84 3183 194 3250 aberet,
209 3180 392 3262 jampridem
405 3182 508 3242 orexin
530 3182 688 3244 Gallorum
701 3194 868 3259 exacuerat,
889 3184 1125 3263 industriamque
1144 3194 1174 3245 et
1193 3196 1272 3247 artes

85 3279 199 3362 pridem
219 3288 251 3339 et
269 3288 443 3339 exercuerat
462 3290 494 3339 et
516 3278 652 3341 eluserat
695 3279 787 3341 Hauc
808 3280 901 3362 igitur
920 3300 988 3343 cum
1010 3300 1118 3342 norem
1141 3281 1268 3343 millium

85 3376 214 3437 exercitu
224 3374 356 3436 adoritur
365 3375 565 3457 Anguinoeus,
580 3395 616 3437 ac
629 3377 726 3458 primo
738 3376 863 3457 quidem
873 3376 1028 3438 Virtouem
1040 3377 1172 3460 ignobile
1186 3379 1269 3460 oppi-

19 3500 23 3513 ·
87 3473 156 3534 dum
170 3472 355 3555 aggreditur,
370 3472 473 3533 etsiue
489 3491 600 3553 magno
612 3481 721 3533 conatu
735 3472 889 3554 intercipit
903 3482 987 3534 sexto
1001 3474 1119 3534 decimo
1132 3474 1155 3536 J
1158 3474 1221 3535 unii
1234 3494 1270 3537 ac

86 3570 200 3631 decimo
218 3580 327 3631 octavo
345 3568 480 3650 ejusdem
497 3580 596 3628 castra
614 3578 646 3629 et
662 3568 848 3630 obsidionem
867 3570 906 3630 ad
925 3570 1020 3650 ipsam
1038 3569 1269 3635 'l'beonisrillam

652 3668 671 3724 3
691 3684 712 3725 e
