3225 4700
496 347 522 414 I
528 345 812 415 TINERARI
818 349 905 416 ΠΜ.
1232 345 1296 411 387

71 498 300 581 gradiendum
313 520 376 562 esse
390 500 538 581 usquead
549 519 662 584 pagum
677 499 855 576 Nevlriroh‚
866 498 947 562 unde
961 499 1124 560 emiserunt
1135 495 1251 578 aliquos
1261 505 1295 558 ut

71 596 232 676 captivos
244 595 361 678 aliquot
373 597 568 672 adducerent,
584 617 621 658 ex
640 597 751 678 quibus
762 605 922 678 postquam
936 605 1143 678 cognoverunt
1156 594 1233 656 nihil
1245 596 1292 656 in·

70 693 230 754 notuisse
250 693 288 754 de
308 692 441 754 adventu
457 692 832 756 Bavaro-Coesarianorum
850 693 881 754 in
902 692 1006 754 castris
1025 692 1213 764 adversariis,
1228 693 1293 774 ipsa

73 789 239 869 praetoria
251 799 351 851 eastra
364 790 460 871 primi)
473 788 609 851 omnium
621 790 828 872 aggredienda
846 789 1053 864 decreverunt,
1068 790 1151 870 qnod
1165 789 1292 851 feliciter

73 898 116 948 et
132 887 261 948 nemine
272 906 392 967 prorsus
405 887 580 948 advertente
591 887 727 969 contigit
769 887 925 949 Werthius
935 907 1007 948 cum
1017 886 1183 968 prodromis
1196 886 1292 968 copiis

74 983 229 1064 primum
243 983 331 1044 duxit
343 1003 451 1065 agmen
465 1003 596 1064 quocum
606 991 689 1044 recta
698 984 739 1045 ad
750 984 817 1065 ipsa
829 993 978 1045 tormenta
990 983 1109 1045 hostilia
1129 984 1289 1065 promovit,

74 1082 194 1162 iisqne
206 1082 317 1162 potitus
330 1090 386 1153 est,
400 1081 538 1142 omnibns
551 1080 623 1154 illia,
636 1081 689 1162 qui
703 1082 742 1142 ad
754 1080 807 1142 illa
817 1081 1014 1154 excubabant,
1029 1081 1132 1156 caesis5
1155 1081 1289 1161 reliquus

77 1176 218 1240 interim
237 1178 387 1239 exercitus
407 1175 581 1259 Tutlingam
604 1176 709 1252 cinxit,
730 1187 761 1239 et
780 1175 971 1258 generalibus
991 1176 1130 1238 omnibns
1149 1177 1202 1257 qui
1222 1177 1289 1240 istic

78 1284 300 1337 convenerant
312 1293 465 1356 egreswm
478 1273 626 1355 praecidit.

136 1371 219 1433 Haec
232 1371 334 1432 omnia
345 1369 418 1431 licet
429 1369 494 1430 sine
507 1390 618 1452 magno
627 1370 760 1431 tumultu
772 1371 952 1453 gerebantur
966 1390 1026 1431 non
1036 1379 1175 1452 poterant
1187 1379 1289 1431 tamen

80 1469 151 1532 diu
163 1468 256 1529 latere
270 1465 451 1529 Generalem
464 1465 546 1528 Rosa
558 1465 611 1546 qui
624 1487 695 1527 cum
709 1466 879 1548 aliquorum
890 1477 1108 1529 tormentorum
1121 1468 1288 1548 strepitum,

81 1586 165 1646 quse
178 1566 218 1628 de
232 1563 389 1625 Bavaricis
399 1563 524 1643 quidam
536 1563 654 1644 injussu
667 1564 780 1625 ducum
793 1562 963 1644 importune
977 1574 1208 1627 exoneraverant
1221 1584 1289 1646 per-

81 1663 232 1745 cepisset,
255 1679 429 1743 progreasus
451 1659 573 1740 quidem
595 1659 697 1742 aliquo
719 1680 814 1740 usqne
836 1679 906 1720 cnm
926 1661 987 1721 suis
1007 1661 1100 1742 copiis
1120 1677 1154 1724 ut
1173 1663 1290 1725 videret

83 1759 173 1841 qnid
187 1768 334 1840 ageretur,
347 1756 400 1818 sed
410 1765 445 1817 ut
457 1755 581 1837 plenum
594 1754 724 1818 hostium
737 1776 860 1817 suornm
873 1775 981 1838 agmen
995 1755 1028 1816 in
1038 1759 1152 1839 campis
1163 1763 1287 1836 notavit,

85 1856 195 1918 noluit
211 1855 273 1916 suis
290 1853 378 1915 rebus
397 1853 510 1928 deesse,
524 1851 629 1935 fugam
642 1853 770 1934 arripuit
787 1852 863 1914 etin
878 1861 978 1913 tntum
991 1873 1022 1913 se
1037 1856 1245 1936 comportavit,
1259 1867 1290 1918 et

84 1954 167 2015 licet
186 1950 376 2012 Hataseldius
393 1949 544 2030 equitatus
561 1959 675 2030 partem
693 1948 812 2029 insequi
827 1947 961 2029 jusserit,
983 1967 1045 2008 non
1065 1958 1109 2009 est
1128 1960 1287 2013 assecutus.

86 2049 222 2112 Meliori
240 2048 360 2109 fortuna
378 2043 544 2127 Sporckius
556 2045 703 2126 pugnavit
718 2054 826 2106 contra
838 2045 943 2105 decem
960 2042 1093 2125 legiones
1108 2045 1288 2110 Wimarien·

84 2168 158 2209 sest
191 2145 366 2227 Moringam
384 2141 445 2204 illue
459 2143 666 2223 properabant,
681 2141 714 2200 in
726 2160 800 2221 quas
816 2139 978 2222 majoribus
991 2141 1099 2202 animis
1112 2162 1203 2223 quam
1217 2145 1289 2205 viri·

86 2247 150 2306 bus
173 2243 270 2317 irruit,
291 2251 322 2302 et
340 2239 525 2321 potissimam
546 2248 662 2319 partem
684 2238 795 2299 cecidit
817 2236 946 2298 obtentis
965 2237 1083 2299 vexillis
1103 2241 1288 2320 equestribus

87 2356 174 2418 octo,
188 2339 387 2420 omnibusque
400 2334 629 2418 impedimentis.

133 2438 288 2520 Tntlingre
308 2437 409 2515 itaque
425 2453 529 2494 omnes
548 2431 703 2514 generales
724 2432 847 2513 dempto
864 2432 946 2493 Rosa
965 2432 1122 2515 intercepti
1135 2442 1214 2508 sunt,
1234 2434 1286 2495 ob·

88 2546 179 2598 tenta
197 2532 308 2595 vexilla
326 2531 465 2613 plurima,
489 2528 705 2609 impedimenta
724 2547 816 2608 prope
840 2528 941 2588 omnia
961 2529 1022 2590 und
1044 2550 1115 2591 cum
1135 2539 1287 2592 menstruo

89 2630 244 2713 stipendio
255 2629 348 2691 totius
357 2625 505 2688 exercitus
518 2636 549 2686 et
558 2634 701 2706 argentea
710 2622 915 2705 suppellectile
927 2636 1048 2687 centum
1060 2626 1192 2687 millibus
1202 2647 1288 2689 coro-

91 2736 237 2789 natorum
254 2725 402 2787 aestimata
419 2742 455 2782 ac
474 2731 556 2782 veste
576 2720 674 2781 omnis
693 2720 813 2803 generis
830 2721 974 2801 preciosa.
1018 2721 1195 2783 Occisornm
1217 2722 1288 2785 iniri

90 2845 155 2885 non
169 2822 267 2905 potuit
279 2840 430 2890 numerus,
445 2828 515 2879 sunt
524 2830 623 2880 tamen
636 2818 690 2899 qni
704 2817 854 2879 aestiment
865 2818 1039 2880 occubuisse
1051 2818 1137 2880 facile
1149 2818 1287 2882 termille

92 2921 277 3003 quingentos
286 2941 297 2994 3
329 2938 365 2978 ac
388 2917 467 2978 inter
488 2914 541 2976 bos
564 2914 640 2976 duas
663 2913 797 2995 legiones
822 2912 1022 2975 Roberiananr
1043 2924 1074 2977 et
1097 2915 1286 2976 Mazarinam
1360 2968 1362 2973 .

90 3018 215 3099 penitus
233 3016 377 3078 concisas.
419 3012 617 3093 Captivorum
637 3030 796 3071 numerum
817 3029 869 3071 sex
887 3009 984 3071 millia
1000 3030 1152 3092 superasse
1170 3022 1286 3092 putant,

92 3126 206 3198 preter
218 3114 453 3195 quadringentos
467 3108 571 3190 magni
584 3106 715 3168 nominis
727 3118 759 3167 et
770 3105 935 3168 nobilitatis
948 3106 1029 3169 viros
1043 3110 1074 3166 in
1088 3106 1196 3187 quibus
1212 3107 1288 3169 duos

92 3213 175 3274 filios
189 3208 383 3272 Mareschalli
397 3208 434 3268 de
446 3205 526 3267 Vitri
536 3204 627 3265 fuisse
641 3212 787 3278 asserunt,
798 3203 852 3284 qui
862 3203 967 3284 praelio
979 3202 1149 3265 adfuerunt.
1193 3203 1289 3266 Haud

92 3310 248 3393 ingratum
261 3306 324 3368 fore
338 3304 441 3386 putavi
455 3303 481 3365 si
494 3303 553 3364 huc
567 3310 756 3363 annecterem
765 3302 985 3383 praecipuorum
997 3301 1184 3381 captivorum
1197 3302 1288 3383 sylla·

93 3410 178 3470 bum.

131 3504 179 3564 Ex
194 3500 394 3564 Ranzovienis
412 3499 506 3581 igitur
523 3506 629 3578 captus
642 3505 687 3557 est
701 3497 765 3578 ipse
781 3495 929 3577 imprimis
948 3495 1155 3576 campiductor
1169 3495 1288 3557 Ranzo·

94 3603 160 3663 vins
177 3599 225 3661 vir
241 3618 364 3680 corpore
381 3596 505 3678 quidem
520 3592 639 3668 mutilo,
658 3592 769 3673 quippe
787 3593 841 3671 qui
861 3592 952 3653 unico
971 3600 1090 3653 tautum
1108 3592 1205 3668 nomo,
1227 3612 1288 3653 uno

94 3696 218 3759 brachio
230 3704 260 3757 et
275 3714 335 3755 uno
348 3693 425 3774 pede
439 3690 534 3753 utitur
544 3690 598 3751 sed
608 3688 710 3750 animo
724 3689 841 3772 integro
854 3699 884 3750 et
894 3688 1027 3759 militari,
1044 3688 1126 3751 Baro
1139 3689 1175 3751 de
1186 3688 1288 3769 Syml,
