3225 4700
344 345 407 410 292
731 342 1148 411 ITINERARIUM.

347 495 556 558 nonneminem
569 495 696 558 sollicite
709 495 742 559 id
755 507 911 578 expectare
924 499 1068 575 intellexi,
1086 499 1215 583 paucula
1231 499 1371 580 quaedam
1389 516 1463 578 quse
1480 496 1542 556 ori·

348 593 448 674 ginem
464 593 627 654 stemmatis
644 604 829 654 concernunt
846 595 886 656 ad
903 595 1015 656 calcem
1032 596 1123 677 hujus
1141 596 1201 656 mei
1220 595 1367 656 itinerarii
1378 593 1540 675 adjiciam.

348 689 379 748 Si
397 709 495 770 parcas
514 690 607 752 vitam
628 689 702 751 mibi
723 700 892 772 prorogent,
910 693 1068 772 superique
1086 691 1268 753 ineolumem
1281 692 1320 752 ad
1332 689 1410 750 mes
1424 687 1543 769 patrios

348 785 503 856 reducant,
516 786 568 847 ubi
582 785 696 846 calamo
708 806 814 848 vacare
827 787 948 849 liberius
960 787 1073 864 licebit,
1088 786 1266 849 satisfaciam
1284 806 1322 846 ex
1336 786 1454 867 integro
1469 805 1542 866 pro·

347 880 444 941 missis
457 881 540 944 meis.
583 880 702 942 Interea
713 880 795 943 bisce
809 892 966 945 contentus
978 883 1077 946 fruere
1090 894 1121 946 et
1133 882 1211 945 vale.

389 976 600 1039 Butlerianum
614 976 747 1038 Stemma
759 978 890 1059 primum
903 1000 991 1041 suum
1004 989 1102 1040 ortum
1115 979 1231 1042 duxitb
1243 979 1267 1041 J
1268 979 1362 1040 acobo
1380 978 1406 1038 Ι.
1425 977 1483 1058 qui
1503 977 1542 1037 ab

349 1071 492 1134 Eduardo
512 1073 580 1134 III.
601 1073 718 1162 comipis
733 1072 877 1134 honorem
895 1085 926 1136 et
938 1075 1206 1137 nomenclationem
1220 1075 1349 1137 obtinuit
1358 1076 1454 1136 Anno
1467 1072 1540 1134 mil·

347 1170 452 1231 lesimo
471 1169 679 1232 trecentesimo
697 1169 947 1253 quinquagesimo
964 1181 1079 1253 quarto.
1125 1172 1218 1233 Unde
1235 1191 1374 1232 suooesm
1391 1170 1539 1250 temporis

347 1267 575 1346 quatuordecim
587 1266 708 1328 familiae
722 1286 777 1327 ceu
792 1266 864 1327 nori
876 1287 914 1328 ex
926 1267 1027 1348 stipite
1039 1267 1153 1328 surculi
1166 1268 1406 1348 protuberarunt.
1428 1266 1540 1326 Prima

347 1361 406 1424 fuit
420 1362 549 1423 Baronis
562 1363 600 1424 de
612 1363 803 1443 Donboyna:
825 1363 957 1425 secunda
967 1364 1096 1424 Baronis
1110 1363 1148 1424 de
1166 1363 1318 1425 Cabirus:
1338 1363 1428 1424 tertia
1444 1362 1539 1422 Viae·

347 1457 476 1519 Comitis
496 1459 534 1519 de
562 1459 757 1540 Mongareta:
793 1469 901 1540 quarta
927 1459 1084 1521 Edmnndi
1109 1459 1217 1521 Butler
1241 1460 1350 1540 equitis
1374 1459 1472 1519 aurati
1498 1460 1538 1520 de

347 1555 456 1629 Tullio,
477 1555 563 1634 cnjus
582 1552 663 1615 iilius
681 1553 871 1616 Tbeobaldus
889 1555 1032 1617 Butlerus
1054 1554 1256 1618 Viae-Comes
1279 1554 1439 1616 Isabellum
1463 1561 1537 1616 vere

347 1648 455 1709 bellam
475 1649 596 1710 Thomsa
615 1650 708 1732 Nigri
727 1651 849 1713 Butleri
870 1652 997 1715 Comitis
1019 1651 1151 1714 Palatini
1169 1652 1403 1733 Tipperariensis
1427 1652 1536 1724 filiam,

346 1745 482 1827 legitimo
496 1746 679 1807 matrimonii
692 1767 781 1820 nexu,
796 1748 968 1810 felicissimo
980 1748 1129 1810 connubio
1142 1749 1200 1810 sibi
1211 1749 1381 1831 copulavit3
1402 1749 1460 1809 boo
1470 1748 1537 1809 solo

346 1840 480 1902 infelices
489 1842 631 1924 conjuges
639 1843 812 1922 quodnan
820 1844 920 1906 sobole
929 1855 1065 1927 suscepta
1074 1855 1199 1908 mortem
1211 1845 1399 1928 oppetieriut.
1420 1845 1538 1916 Quinta

346 1939 566 2001 Viae-Comitis
590 1940 628 2002 de
654 1941 828 2003 Iuberrina:
861 1952 946 2003 sextu
965 1943 1004 2003 ds
1023 1942 1134 2004 Jechia
1152 1962 1220 2023 quae
1242 1943 1315 2004 olim
1341 1941 1537 2003 celeberrima

346 2037 422 2098 fuit:
461 2036 587 2118 septima
606 2036 645 2098 de
664 2037 774 2116 oppido
795 2037 897 2113 Pauli,
919 2059 957 2098 ex
976 2036 1033 2099 bac
1054 2038 1167 2099 familia
1186 2036 1363 2119 perillustris
1384 2038 1536 2098 Dominus

347 2131 518 2194 Waltherus
539 2130 683 2194 Butlerus
703 2131 812 2194 Comes
832 2144 862 2193 et
881 2133 981 2194 Sacrae
1003 2133 1150 2194 Caesareas
1171 2134 1342 2216 Majestatis
1361 2133 1537 2195 Colouellns

346 2229 540 2310 ejusdemque
564 2228 783 2290 cubicularius:
813 2239 844 2291 et
866 2229 1056 2291 Theobaldus
1083 2230 1236 2300 Butlerus,
1265 2229 1438 2291 Richardus
1464 2230 1535 2290 item

348 2326 492 2388 Butlerus
514 2346 583 2388 cum
609 2326 784 2401 Edmnndo,
811 2347 914 2388 omnes
935 2327 1095 2409 capitanei
1118 2336 1216 2387 ortum
1237 2336 1268 2389 et
1281 2325 1431 2409 originem
1450 2346 1535 2388 suam

346 2433 546 2505 sumpserunt.
588 2422 705 2486 Octava
729 2425 767 2484 de
792 2422 955 2484 Oiloassio:
983 2442 1063 2483 noua
1088 2423 1128 2483 de
1152 2421 1318 2502 Moyallio:
1352 2420 1471 2482 decima
1497 2422 1535 2482 de

346 2519 517 2581 Cilvolioio.
559 2520 613 2582 Ad
625 2520 816 2581 undecimam
834 2518 979 2579 familiam
996 2528 1179 2580 concurrunt
1190 2520 1281 2581 variae
1296 2519 1403 2597 stirpes
1420 2518 1535 2579 scilicet

347 2617 385 2677 de
404 2615 655 2697 Cuocrapbonuo,
674 2616 798 2695 antiqua
815 2615 889 2677 villa
906 2615 1004 2698 nigra,
1024 2614 1158 2689 fflooua,
1176 2615 1299 2678 Vallum
1317 2614 1491 2697 Spideogio,
1505 2627 1534 2675 et

347 2711 496 2791 Auuquio.
538 2712 586 2773 Ex
604 2711 661 2773 hac
679 2711 794 2771 familia
814 2711 887 2772 clim
908 2712 1021 2792 prodiit
1039 2710 1214 2794 perillustris
1235 2711 1385 2773 Dominus
1405 2710 1533 2772 Thomas

348 2810 490 2872 Butlerus
504 2818 701 2891 cognomento
714 2808 851 2869 claudus.
892 2807 955 2881 Qui
972 2808 1078 2891 Regiae
1097 2807 1266 2890 Majestatis
1284 2807 1417 2889 imperio
1435 2818 1466 2868 et
1482 2810 1533 2869 sti·

346 2906 475 2987 pendiis,
483 2905 573 2967 variis
582 2904 612 2965 in
625 2904 784 2984 Hybernia
794 2903 976 2987 Iegionibus
986 2904 1119 2966 collectis
1127 2914 1229 2965 contra
1239 2903 1345 2966 Gallos
1353 2904 1383 2964 in
1392 2924 1533 2986 campum

346 3002 509 3064 exercitum
520 3000 634 3075 eduxit,
647 3000 842 3080 felicibusque
851 2999 991 3081 auspiciis
1002 3000 1108 3061 Gallos
1117 3000 1232 3082 fugavit
1241 3008 1271 3061 et
1279 2999 1370 3070 fudit,
1380 3000 1532 3061 civitatem

345 3118 463 3180 quoque
485 3096 698 3178 amplissimam
722 3094 956 3179 Rbodomagum
973 3095 1099 3171 obsedit,
1118 3095 1278 3176 impetivit,
1294 3096 1472 3176 occuparit:
1499 3097 1531 3159 iu

344 3213 404 3274 qua
421 3193 610 3276 expeditione
629 3212 683 3273 pro
701 3212 771 3275 rege
784 3212 839 3253 suo
852 3190 982 3274 gloriose
995 3192 1145 3253 occubuit.
1187 3192 1379 3253 Duodecima
1397 3193 1531 3255 Eduardi

345 3292 465 3355 Butleri
483 3292 591 3371 equitis
614 3289 710 3351 aurati
729 3290 768 3351 de
789 3288 937 3370 Grangia.
988 3288 1118 3349 Decima
1137 3288 1224 3349 tertia
1247 3288 1394 3350 Richardi
1415 3290 1532 3351 Butleri

344 3387 453 3469 equitis
471 3388 567 3448 aurati
584 3386 623 3448 ds
642 3384 818 3448 Bansicbio.
860 3382 976 3455 Quarta
993 3384 1112 3445 decima
1130 3384 1256 3445 Domini
1273 3384 1397 3447 Thomae
1410 3385 1529 3447 Butleri

344 3483 470 3547 Comitis
483 3482 579 3545 aurati
592 3483 630 3544 de
644 3481 807 3544 Cloonovu.

384 3580 476 3642 Nunc
494 3579 534 3641 ad
548 3577 743 3660 particulares
755 3576 884 3637 familias
897 3576 1042 3655 quasdam
1055 3575 1214 3648 descendo,
1234 3576 1410 3658 Herulisque
1426 3580 1477 3660 qui
1492 3600 1528 3641 ex

342 3676 450 3739 talibus
464 3684 674 3758 provenerunt,
690 3693 725 3735 ac
739 3673 873 3735 surculos
887 3671 987 3753 quiex
996 3672 1058 3733 suis
1067 3672 1180 3754 quique
1191 3673 1347 3735 arboribus
1356 3686 1524 3756 eruperunt,
