<?xml version="1.0" encoding="UTF-8"?>
<!DOCTYPE html PUBLIC "-//W3C//DTD XHTML 1.0 Transitional//EN"
    "http://www.w3.org/TR/xhtml1/DTD/xhtml1-transitional.dtd">
<html xmlns="http://www.w3.org/1999/xhtml" xml:lang="en" lang="en">
 <head>
  <title>
</title>
<meta http-equiv="Content-Type" content="text/html;charset=utf-8" />
  <meta name='ocr-system' content='tesseract 3.04.00' />
  <meta name='ocr-capabilities' content='ocr_page ocr_carea ocr_par ocr_line ocrx_word'/>
</head>
<body>
  <div class='ocr_page' id='page_1' title='image "./itinerariumthom00kerngoog_0580.png"; bbox 0 0 3225 4700; ppageno 0'>
   <div class='ocr_carea' id='block_1_1' title="bbox 323 320 1119 395">
    <p class='ocr_par' dir='ltr' id='par_1_1' title="bbox 323 320 1119 395">
     <span class='ocr_line' id='line_1_1' title="bbox 323 320 1119 395; baseline -0.003 -4"><span class='ocrx_word' id='word_1_1' title='bbox 323 327 387 391; x_wconf 82' lang='lat'>358</span> <span class='ocrx_word' id='word_1_2' title='bbox 720 320 1119 395; x_wconf 71' lang='lat' dir='ltr'>JTJNERARWM.</span> 
     </span>
    </p>
   </div>
   <div class='ocr_carea' id='block_1_2' title="bbox 318 474 1535 3270">
    <p class='ocr_par' dir='ltr' id='par_1_2' title="bbox 322 474 1534 657">
     <span class='ocr_line' id='line_1_2' title="bbox 364 474 1534 557; baseline -0.004 -20"><span class='ocrx_word' id='word_1_3' title='bbox 364 478 393 538; x_wconf 92' lang='grc' dir='ltr'>Ι.</span> <span class='ocrx_word' id='word_1_4' title='bbox 416 477 533 540; x_wconf 82' lang='lat' dir='ltr'>Civitas</span> <span class='ocrx_word' id='word_1_5' title='bbox 558 488 589 540; x_wconf 89' lang='lat' dir='ltr'>et</span> <span class='ocrx_word' id='word_1_6' title='bbox 616 488 736 540; x_wconf 89' lang='lat' dir='ltr'>senatus</span> <span class='ocrx_word' id='word_1_7' title='bbox 758 478 790 538; x_wconf 91' lang='lat' dir='ltr'>iu</span> <span class='ocrx_word' id='word_1_8' title='bbox 815 476 947 557; x_wconf 79' lang='lat' dir='ltr'>antiquis</span> <span class='ocrx_word' id='word_1_9' title='bbox 970 474 1237 536; x_wconf 89' lang='lat' dir='ltr'>consuetudinibus</span> <span class='ocrx_word' id='word_1_10' title='bbox 1258 484 1288 535; x_wconf 88' lang='lat' dir='ltr'>et</span> <span class='ocrx_word' id='word_1_11' title='bbox 1310 474 1446 553; x_wconf 85' lang='lat' dir='ltr'>juribus,</span> <span class='ocrx_word' id='word_1_12' title='bbox 1482 491 1534 532; x_wconf 68' lang='grc' dir='ltr'>ω-</span> 
     </span>
     <span class='ocr_line' id='line_1_3' title="bbox 322 572 1169 657; baseline -0.005 -22"><span class='ocrx_word' id='word_1_13' title='bbox 322 595 405 636; x_wconf 89' lang='lat' dir='ltr'>mera</span> <span class='ocrx_word' id='word_1_14' title='bbox 416 574 487 638; x_wconf 83' lang='lat' dir='ltr'>verb</span> <span class='ocrx_word' id='word_1_15' title='bbox 502 576 533 636; x_wconf 91' lang='lat' dir='ltr'>in</span> <span class='ocrx_word' id='word_1_16' title='bbox 548 576 726 657; x_wconf 79' lang='lat' dir='ltr'>colligendis</span> <span class='ocrx_word' id='word_1_17' title='bbox 740 574 918 647; x_wconf 81' lang='lat' dir='ltr'>redditibus,</span> <span class='ocrx_word' id='word_1_18' title='bbox 934 572 1169 633; x_wconf 81' lang='lat' dir='ltr'>conservabitur.</span> 
     </span>
    </p>

    <p class='ocr_par' dir='ltr' id='par_1_3' title="bbox 322 662 1535 849">
     <span class='ocr_line' id='line_1_4' title="bbox 364 662 1535 745; baseline -0.008 -15"><span class='ocrx_word' id='word_1_19' title='bbox 364 671 411 732; x_wconf 94' lang='lat' dir='ltr'>II.</span> <span class='ocrx_word' id='word_1_20' title='bbox 434 671 620 733; x_wconf 89' lang='lat' dir='ltr'>Exercitium</span> <span class='ocrx_word' id='word_1_21' title='bbox 639 672 874 733; x_wconf 88' lang='lat' dir='ltr'>ecclesiasticam</span> <span class='ocrx_word' id='word_1_22' title='bbox 889 669 950 730; x_wconf 77' lang='lat' dir='ltr'>and</span> <span class='ocrx_word' id='word_1_23' title='bbox 968 689 1037 730; x_wconf 92' lang='lat' dir='ltr'>cam</span> <span class='ocrx_word' id='word_1_24' title='bbox 1054 666 1265 729; x_wconf 88' lang='lat' dir='ltr'>ecclesiasticis</span> <span class='ocrx_word' id='word_1_25' title='bbox 1285 676 1315 727; x_wconf 90' lang='lat' dir='ltr'>et</span> <span class='ocrx_word' id='word_1_26' title='bbox 1333 664 1459 745; x_wconf 87' lang='lat' dir='ltr'>templis</span> <span class='ocrx_word' id='word_1_27' title='bbox 1485 662 1535 722; x_wconf 93' lang='lat' dir='ltr'>in-</span> 
     </span>
     <span class='ocr_line' id='line_1_5' title="bbox 322 768 630 849; baseline -0.003 -19"><span class='ocrx_word' id='word_1_28' title='bbox 322 779 401 830; x_wconf 88' lang='lat' dir='ltr'>tacta</span> <span class='ocrx_word' id='word_1_29' title='bbox 414 768 630 849; x_wconf 87' lang='lat' dir='ltr'>relinquentur.</span> 
     </span>
    </p>

    <p class='ocr_par' dir='ltr' id='par_1_4' title="bbox 320 858 1532 1140">
     <span class='ocr_line' id='line_1_6' title="bbox 363 858 1532 947; baseline -0.004 -24"><span class='ocrx_word' id='word_1_30' title='bbox 363 864 430 924; x_wconf 92' lang='grc' dir='ltr'><strong>ΙΙΙ.</strong></span> <span class='ocrx_word' id='word_1_31' title='bbox 453 865 549 927; x_wconf 88' lang='lat' dir='ltr'>Militi</span> <span class='ocrx_word' id='word_1_32' title='bbox 563 865 749 947; x_wconf 70' lang='lat' dir='ltr'>praesidiaria</span> <span class='ocrx_word' id='word_1_33' title='bbox 762 865 839 926; x_wconf 90' lang='lat' dir='ltr'>liber</span> <span class='ocrx_word' id='word_1_34' title='bbox 852 874 882 926; x_wconf 92' lang='lat' dir='ltr'>et</span> <span class='ocrx_word' id='word_1_35' title='bbox 894 884 1017 926; x_wconf 90' lang='lat' dir='ltr'>securas</span> <span class='ocrx_word' id='word_1_36' title='bbox 1030 882 1167 945; x_wconf 88' lang='lat' dir='ltr'>egressus</span> <span class='ocrx_word' id='word_1_37' title='bbox 1181 862 1378 942; x_wconf 88' lang='lat' dir='ltr'>permittetur,</span> <span class='ocrx_word' id='word_1_38' title='bbox 1391 860 1447 920; x_wconf 91' lang='lat' dir='ltr'>sed</span> <span class='ocrx_word' id='word_1_39' title='bbox 1458 858 1532 919; x_wconf 82' lang='lat' dir='ltr'>sine</span> 
     </span>
     <span class='ocr_line' id='line_1_7' title="bbox 321 956 1531 1044; baseline -0.002 -25"><span class='ocrx_word' id='word_1_40' title='bbox 321 959 448 1033; x_wconf 78' lang='lat' dir='ltr'>vexillis,</span> <span class='ocrx_word' id='word_1_41' title='bbox 462 962 600 1044; x_wconf 81' lang='lat' dir='ltr'>tympani</span> <span class='ocrx_word' id='word_1_42' title='bbox 617 982 700 1037; x_wconf 90' lang='lat' dir='ltr'>sono,</span> <span class='ocrx_word' id='word_1_43' title='bbox 715 972 746 1022; x_wconf 89' lang='lat' dir='ltr'>et</span> <span class='ocrx_word' id='word_1_44' title='bbox 758 962 860 1036; x_wconf 90' lang='lat' dir='ltr'>armis,</span> <span class='ocrx_word' id='word_1_45' title='bbox 876 962 1092 1039; x_wconf 76' lang='lat' dir='ltr'>coloniamque</span> <span class='ocrx_word' id='word_1_46' title='bbox 1106 958 1284 1019; x_wconf 85' lang='lat' dir='ltr'>deducetur.</span> <span class='ocrx_word' id='word_1_47' title='bbox 1326 956 1418 1028; x_wconf 86' lang='lat' dir='ltr'>Quod</span> <span class='ocrx_word' id='word_1_48' title='bbox 1432 956 1464 1016; x_wconf 92' lang='lat' dir='ltr'>si</span> <span class='ocrx_word' id='word_1_49' title='bbox 1482 967 1531 1017; x_wconf 83' lang='lat' dir='ltr'>ta-</span> 
     </span>
     <span class='ocr_line' id='line_1_8' title="bbox 320 1054 1300 1140; baseline -0.001 -24"><span class='ocrx_word' id='word_1_50' title='bbox 320 1076 389 1116; x_wconf 90' lang='lat' dir='ltr'>men</span> <span class='ocrx_word' id='word_1_51' title='bbox 403 1057 512 1136; x_wconf 89' lang='lat' dir='ltr'>aliquis</span> <span class='ocrx_word' id='word_1_52' title='bbox 526 1058 566 1119; x_wconf 89' lang='lat' dir='ltr'>ad</span> <span class='ocrx_word' id='word_1_53' title='bbox 579 1058 687 1119; x_wconf 89' lang='lat' dir='ltr'>alteras</span> <span class='ocrx_word' id='word_1_54' title='bbox 700 1068 798 1140; x_wconf 85' lang='lat' dir='ltr'>partes</span> <span class='ocrx_word' id='word_1_55' title='bbox 813 1058 939 1119; x_wconf 88' lang='lat' dir='ltr'>transire</span> <span class='ocrx_word' id='word_1_56' title='bbox 952 1055 1053 1131; x_wconf 83' lang='lat' dir='ltr'>vellet,</span> <span class='ocrx_word' id='word_1_57' title='bbox 1069 1055 1220 1137; x_wconf 87' lang='lat' dir='ltr'>integram</span> <span class='ocrx_word' id='word_1_58' title='bbox 1235 1054 1300 1115; x_wconf 88' lang='lat' dir='ltr'>erit.</span> 
     </span>
    </p>

    <p class='ocr_par' dir='ltr' id='par_1_5' title="bbox 321 1150 1529 1423">
     <span class='ocr_line' id='line_1_9' title="bbox 361 1150 1529 1235; baseline -0.001 -23"><span class='ocrx_word' id='word_1_59' title='bbox 361 1153 420 1215; x_wconf 93' lang='lat' dir='ltr'>1v.</span> <span class='ocrx_word' id='word_1_60' title='bbox 442 1153 505 1214; x_wconf 88' lang='lat' dir='ltr'>Sub</span> <span class='ocrx_word' id='word_1_61' title='bbox 525 1153 627 1215; x_wconf 91' lang='lat' dir='ltr'>horam</span> <span class='ocrx_word' id='word_1_62' title='bbox 647 1174 757 1215; x_wconf 89' lang='lat' dir='ltr'>nonam</span> <span class='ocrx_word' id='word_1_63' title='bbox 777 1154 930 1235; x_wconf 88' lang='lat' dir='ltr'>sequentis</span> <span class='ocrx_word' id='word_1_64' title='bbox 949 1154 1010 1215; x_wconf 91' lang='lat' dir='ltr'>diei</span> <span class='ocrx_word' id='word_1_65' title='bbox 1028 1152 1202 1213; x_wconf 81' lang='lat' dir='ltr'>admittatur</span> <span class='ocrx_word' id='word_1_66' title='bbox 1223 1151 1394 1233; x_wconf 72' lang='lat' dir='ltr'>praesidium</span> <span class='ocrx_word' id='word_1_67' title='bbox 1412 1150 1529 1212; x_wconf 90' lang='lat' dir='ltr'>Gallo-</span> 
     </span>
     <span class='ocr_line' id='line_1_10' title="bbox 321 1248 1528 1332; baseline -0.002 -22"><span class='ocrx_word' id='word_1_68' title='bbox 321 1250 492 1327; x_wconf 87' lang='lat' dir='ltr'>Suecicam,</span> <span class='ocrx_word' id='word_1_69' title='bbox 521 1252 575 1312; x_wconf 90' lang='lat' dir='ltr'>sed</span> <span class='ocrx_word' id='word_1_70' title='bbox 599 1252 703 1311; x_wconf 90' lang='lat' dir='ltr'>eadem</span> <span class='ocrx_word' id='word_1_71' title='bbox 726 1250 827 1311; x_wconf 89' lang='lat' dir='ltr'>adbuc</span> <span class='ocrx_word' id='word_1_72' title='bbox 851 1270 975 1332; x_wconf 83' lang='lat' dir='ltr'>vespam</span> <span class='ocrx_word' id='word_1_73' title='bbox 1001 1248 1217 1310; x_wconf 72' lang='lat' dir='ltr'>antenianus</span> <span class='ocrx_word' id='word_1_74' title='bbox 1241 1259 1338 1330; x_wconf 90' lang='lat' dir='ltr'>porta,</span> <span class='ocrx_word' id='word_1_75' title='bbox 1360 1248 1400 1308; x_wconf 88' lang='lat' dir='ltr'>ad</span> <span class='ocrx_word' id='word_1_76' title='bbox 1424 1268 1528 1328; x_wconf 87' lang='lat' dir='ltr'>qnam</span> 
     </span>
     <span class='ocr_line' id='line_1_11' title="bbox 322 1347 743 1423; baseline -0.002 -16"><span class='ocrx_word' id='word_1_77' title='bbox 322 1347 414 1408; x_wconf 87' lang='lat' dir='ltr'>Hassi</span> <span class='ocrx_word' id='word_1_78' title='bbox 428 1349 586 1423; x_wconf 82' lang='lat' dir='ltr'>excubent,</span> <span class='ocrx_word' id='word_1_79' title='bbox 601 1348 743 1409; x_wconf 87' lang='lat' dir='ltr'>tradetur.</span> 
     </span>
    </p>

    <p class='ocr_par' dir='ltr' id='par_1_6' title="bbox 359 1444 1318 1506">
     <span class='ocr_line' id='line_1_12' title="bbox 359 1444 1318 1506; baseline -0.003 -2"><span class='ocrx_word' id='word_1_80' title='bbox 359 1444 399 1503; x_wconf 89' lang='lat' dir='ltr'>V.</span> <span class='ocrx_word' id='word_1_81' title='bbox 422 1445 536 1505; x_wconf 90' lang='lat' dir='ltr'>Omnia</span> <span class='ocrx_word' id='word_1_82' title='bbox 545 1445 726 1505; x_wconf 89' lang='lat' dir='ltr'>commercia</span> <span class='ocrx_word' id='word_1_83' title='bbox 738 1456 774 1505; x_wconf 89' lang='lat' dir='ltr'>ut</span> <span class='ocrx_word' id='word_1_84' title='bbox 786 1445 913 1506; x_wconf 91' lang='lat' dir='ltr'>antehac</span> <span class='ocrx_word' id='word_1_85' title='bbox 927 1463 1014 1505; x_wconf 90' lang='lat' dir='ltr'>sunm</span> <span class='ocrx_word' id='word_1_86' title='bbox 1029 1444 1173 1504; x_wconf 89' lang='lat' dir='ltr'>tenebunt</span> <span class='ocrx_word' id='word_1_87' title='bbox 1186 1461 1318 1503; x_wconf 90' lang='lat' dir='ltr'>cursam.</span> 
     </span>
    </p>

    <p class='ocr_par' dir='ltr' id='par_1_7' title="bbox 320 1538 1525 1795">
     <span class='ocr_line' id='line_1_13' title="bbox 359 1538 1525 1623; baseline -0.001 -24"><span class='ocrx_word' id='word_1_88' title='bbox 359 1540 418 1600; x_wconf 88' lang='lat' dir='ltr'>vl.</span> <span class='ocrx_word' id='word_1_89' title='bbox 441 1540 475 1600; x_wconf 88' lang='lat' dir='ltr'>Si</span> <span class='ocrx_word' id='word_1_90' title='bbox 489 1541 678 1623; x_wconf 87' lang='lat' dir='ltr'>contingeret</span> <span class='ocrx_word' id='word_1_91' title='bbox 690 1541 855 1601; x_wconf 85' lang='lat' dir='ltr'>exercitum</span> <span class='ocrx_word' id='word_1_92' title='bbox 866 1541 979 1601; x_wconf 88' lang='lat' dir='ltr'>diutius</span> <span class='ocrx_word' id='word_1_93' title='bbox 988 1540 1055 1601; x_wconf 90' lang='lat' dir='ltr'>istic</span> <span class='ocrx_word' id='word_1_94' title='bbox 1066 1539 1252 1610; x_wconf 88' lang='lat' dir='ltr'>commorari,</span> <span class='ocrx_word' id='word_1_95' title='bbox 1263 1540 1301 1599; x_wconf 91' lang='lat' dir='ltr'>ab</span> <span class='ocrx_word' id='word_1_96' title='bbox 1311 1538 1525 1599; x_wconf 85' lang='lat' dir='ltr'>exactionibus</span> 
     </span>
     <span class='ocr_line' id='line_1_14' title="bbox 320 1634 1523 1698; baseline -0.001 -2"><span class='ocrx_word' id='word_1_97' title='bbox 320 1636 490 1697; x_wconf 88' lang='lat' dir='ltr'>immodicis</span> <span class='ocrx_word' id='word_1_98' title='bbox 510 1646 540 1697; x_wconf 88' lang='lat' dir='ltr'>et</span> <span class='ocrx_word' id='word_1_99' title='bbox 557 1636 723 1697; x_wconf 89' lang='lat' dir='ltr'>insolentiis</span> <span class='ocrx_word' id='word_1_100' title='bbox 742 1637 913 1698; x_wconf 88' lang='lat' dir='ltr'>abstinebit.</span> <span class='ocrx_word' id='word_1_101' title='bbox 953 1635 1070 1698; x_wconf 85' lang='lat' dir='ltr'>Civitas</span> <span class='ocrx_word' id='word_1_102' title='bbox 1086 1637 1159 1697; x_wconf 81' lang='lat' dir='ltr'>verb</span> <span class='ocrx_word' id='word_1_103' title='bbox 1179 1635 1216 1697; x_wconf 88' lang='lat' dir='ltr'>ab</span> <span class='ocrx_word' id='word_1_104' title='bbox 1236 1634 1433 1697; x_wconf 87' lang='lat' dir='ltr'>Generaliam</span> <span class='ocrx_word' id='word_1_105' title='bbox 1453 1656 1523 1695; x_wconf 89' lang='lat' dir='ltr'>sus·</span> 
     </span>
     <span class='ocr_line' id='line_1_15' title="bbox 320 1732 652 1795; baseline 0 -1"><span class='ocrx_word' id='word_1_106' title='bbox 320 1732 481 1795; x_wconf 82' lang='lat' dir='ltr'>tentatione</span> <span class='ocrx_word' id='word_1_107' title='bbox 494 1734 652 1794; x_wconf 88' lang='lat' dir='ltr'>eximetur.</span> 
     </span>
    </p>

    <p class='ocr_par' dir='ltr' id='par_1_8' title="bbox 318 1828 1520 2103">
     <span class='ocr_line' id='line_1_16' title="bbox 359 1828 1520 1910; baseline 0.001 -22"><span class='ocrx_word' id='word_1_108' title='bbox 359 1828 438 1889; x_wconf 91' lang='lat' dir='ltr'>VII.</span> <span class='ocrx_word' id='word_1_109' title='bbox 461 1829 549 1891; x_wconf 87' lang='lat' dir='ltr'>Bona</span> <span class='ocrx_word' id='word_1_110' title='bbox 561 1831 663 1891; x_wconf 88' lang='lat' dir='ltr'>omnia</span> <span class='ocrx_word' id='word_1_111' title='bbox 676 1830 844 1892; x_wconf 71' lang='lat' dir='ltr'>recantatis</span> <span class='ocrx_word' id='word_1_112' title='bbox 858 1850 948 1891; x_wconf 89' lang='lat' dir='ltr'>caasa</span> <span class='ocrx_word' id='word_1_113' title='bbox 960 1829 1041 1910; x_wconf 90' lang='lat' dir='ltr'>apud</span> <span class='ocrx_word' id='word_1_114' title='bbox 1056 1830 1184 1891; x_wconf 89' lang='lat' dir='ltr'>urbanos</span> <span class='ocrx_word' id='word_1_115' title='bbox 1197 1828 1341 1909; x_wconf 84' lang='lat' dir='ltr'>deposita,</span> <span class='ocrx_word' id='word_1_116' title='bbox 1355 1848 1409 1889; x_wconf 90' lang='lat' dir='ltr'>sen</span> <span class='ocrx_word' id='word_1_117' title='bbox 1423 1848 1520 1889; x_wconf 77' lang='lat' dir='ltr'>saecu·</span> 
     </span>
     <span class='ocr_line' id='line_1_17' title="bbox 318 1925 1518 2007; baseline -0.001 -21"><span class='ocrx_word' id='word_1_118' title='bbox 318 1925 427 1987; x_wconf 91' lang='lat' dir='ltr'>larium</span> <span class='ocrx_word' id='word_1_119' title='bbox 441 1926 494 1988; x_wconf 92' lang='lat' dir='ltr'>illa</span> <span class='ocrx_word' id='word_1_120' title='bbox 509 1928 579 2000; x_wconf 91' lang='lat' dir='ltr'>sint,</span> <span class='ocrx_word' id='word_1_121' title='bbox 594 1948 647 1988; x_wconf 90' lang='lat' dir='ltr'>sen</span> <span class='ocrx_word' id='word_1_122' title='bbox 666 1927 947 2000; x_wconf 89' lang='lat' dir='ltr'>ecclesiasticorum,</span> <span class='ocrx_word' id='word_1_123' title='bbox 963 1927 1118 1988; x_wconf 86' lang='lat' dir='ltr'>indemnia</span> <span class='ocrx_word' id='word_1_124' title='bbox 1131 1938 1229 2001; x_wconf 91' lang='lat' dir='ltr'>erunt,</span> <span class='ocrx_word' id='word_1_125' title='bbox 1248 1936 1280 1986; x_wconf 90' lang='lat' dir='ltr'>et</span> <span class='ocrx_word' id='word_1_126' title='bbox 1292 1926 1518 2007; x_wconf 80' lang='lat' dir='ltr'>quamprimum</span> 
     </span>
     <span class='ocr_line' id='line_1_18' title="bbox 319 2022 1242 2103; baseline 0 -20"><span class='ocrx_word' id='word_1_127' title='bbox 319 2023 574 2103; x_wconf 80' lang='lat' dir='ltr'>postulabuntnrd</span> <span class='ocrx_word' id='word_1_128' title='bbox 587 2044 687 2085; x_wconf 90' lang='lat' dir='ltr'>rerum</span> <span class='ocrx_word' id='word_1_129' title='bbox 701 2023 843 2098; x_wconf 84' lang='lat' dir='ltr'>dominis,</span> <span class='ocrx_word' id='word_1_130' title='bbox 860 2044 897 2084; x_wconf 83' lang='lat' dir='ltr'>ex</span> <span class='ocrx_word' id='word_1_131' title='bbox 910 2022 1031 2084; x_wconf 83' lang='lat' dir='ltr'>civitate</span> <span class='ocrx_word' id='word_1_132' title='bbox 1044 2023 1242 2084; x_wconf 86' lang='lat' dir='ltr'>dimittentur.</span> 
     </span>
    </p>

    <p class='ocr_par' dir='ltr' id='par_1_9' title="bbox 320 2118 1517 2300">
     <span class='ocr_line' id='line_1_19' title="bbox 359 2118 1517 2201; baseline 0 -22"><span class='ocrx_word' id='word_1_133' title='bbox 359 2118 459 2179; x_wconf 90' lang='lat' dir='ltr'>VIII.</span> <span class='ocrx_word' id='word_1_134' title='bbox 480 2120 572 2182; x_wconf 81' lang='lat' dir='ltr'>Cives</span> <span class='ocrx_word' id='word_1_135' title='bbox 586 2120 779 2201; x_wconf 70' lang='lat' dir='ltr'>praesidiariis</span> <span class='ocrx_word' id='word_1_136' title='bbox 792 2128 945 2193; x_wconf 88' lang='lat' dir='ltr'>consueta,</span> <span class='ocrx_word' id='word_1_137' title='bbox 957 2138 1025 2200; x_wconf 80' lang='lat' dir='ltr'>quaa</span> <span class='ocrx_word' id='word_1_138' title='bbox 1037 2127 1157 2189; x_wconf 83' lang='lat' dir='ltr'>vocant,</span> <span class='ocrx_word' id='word_1_139' title='bbox 1172 2120 1302 2193; x_wconf 85' lang='lat' dir='ltr'>servitia,</span> <span class='ocrx_word' id='word_1_140' title='bbox 1318 2119 1517 2199; x_wconf 81' lang='lat' dir='ltr'>praestabunt.</span> 
     </span>
     <span class='ocr_line' id='line_1_20' title="bbox 320 2214 1392 2300; baseline -0.002 -23"><span class='ocrx_word' id='word_1_141' title='bbox 320 2214 437 2277; x_wconf 85' lang='lat' dir='ltr'>Civitas</span> <span class='ocrx_word' id='word_1_142' title='bbox 450 2217 522 2278; x_wconf 84' lang='lat' dir='ltr'>verb</span> <span class='ocrx_word' id='word_1_143' title='bbox 535 2237 625 2298; x_wconf 90' lang='lat' dir='ltr'>snpra</span> <span class='ocrx_word' id='word_1_144' title='bbox 638 2226 733 2277; x_wconf 86' lang='lat' dir='ltr'>ratam</span> <span class='ocrx_word' id='word_1_145' title='bbox 747 2217 976 2279; x_wconf 91' lang='lat' dir='ltr'>contributionis</span> <span class='ocrx_word' id='word_1_146' title='bbox 989 2226 1116 2297; x_wconf 86' lang='lat' dir='ltr'>partem,</span> <span class='ocrx_word' id='word_1_147' title='bbox 1132 2238 1191 2278; x_wconf 90' lang='lat' dir='ltr'>non</span> <span class='ocrx_word' id='word_1_148' title='bbox 1209 2218 1392 2300; x_wconf 85' lang='lat' dir='ltr'>gravabitur.</span> 
     </span>
    </p>

    <p class='ocr_par' dir='ltr' id='par_1_10' title="bbox 320 2312 1518 2494">
     <span class='ocr_line' id='line_1_21' title="bbox 361 2312 1518 2396; baseline 0.003 -24"><span class='ocrx_word' id='word_1_149' title='bbox 361 2312 422 2375; x_wconf 90' lang='lat' dir='ltr'>IX.</span> <span class='ocrx_word' id='word_1_150' title='bbox 445 2312 597 2376; x_wconf 89' lang='lat' dir='ltr'>Officiales</span> <span class='ocrx_word' id='word_1_151' title='bbox 610 2313 794 2388; x_wconf 87' lang='lat' dir='ltr'>electorales,</span> <span class='ocrx_word' id='word_1_152' title='bbox 810 2324 844 2376; x_wconf 90' lang='lat' dir='ltr'>ut</span> <span class='ocrx_word' id='word_1_153' title='bbox 856 2322 886 2376; x_wconf 87' lang='lat' dir='ltr'>at</span> <span class='ocrx_word' id='word_1_154' title='bbox 904 2314 936 2386; x_wconf 87' lang='lat' dir='ltr'>ii,</span> <span class='ocrx_word' id='word_1_155' title='bbox 950 2316 1003 2396; x_wconf 93' lang='lat' dir='ltr'>qui</span> <span class='ocrx_word' id='word_1_156' title='bbox 1018 2314 1186 2376; x_wconf 88' lang='lat' dir='ltr'>securitatis</span> <span class='ocrx_word' id='word_1_157' title='bbox 1198 2332 1289 2377; x_wconf 86' lang='lat' dir='ltr'>causa</span> <span class='ocrx_word' id='word_1_158' title='bbox 1302 2313 1341 2375; x_wconf 88' lang='lat' dir='ltr'>ad</span> <span class='ocrx_word' id='word_1_159' title='bbox 1359 2312 1518 2376; x_wconf 86' lang='lat' dir='ltr'>civitatem</span> 
     </span>
     <span class='ocr_line' id='line_1_22' title="bbox 320 2410 1399 2494; baseline 0 -23"><span class='ocrx_word' id='word_1_160' title='bbox 320 2410 531 2494; x_wconf 85' lang='lat' dir='ltr'>confugerant,</span> <span class='ocrx_word' id='word_1_161' title='bbox 545 2410 629 2472; x_wconf 92' lang='lat' dir='ltr'>nullo</span> <span class='ocrx_word' id='word_1_162' title='bbox 642 2432 673 2472; x_wconf 89' lang='lat' dir='ltr'>se</span> <span class='ocrx_word' id='word_1_163' title='bbox 687 2411 756 2472; x_wconf 87' lang='lat' dir='ltr'>litro</span> <span class='ocrx_word' id='word_1_164' title='bbox 769 2411 928 2488; x_wconf 89' lang='lat' dir='ltr'>rediment,</span> <span class='ocrx_word' id='word_1_165' title='bbox 944 2432 1000 2473; x_wconf 89' lang='lat' dir='ltr'>neo</span> <span class='ocrx_word' id='word_1_166' title='bbox 1013 2411 1099 2472; x_wconf 89' lang='lat' dir='ltr'>bouis</span> <span class='ocrx_word' id='word_1_167' title='bbox 1112 2411 1174 2472; x_wconf 90' lang='lat' dir='ltr'>suis</span> <span class='ocrx_word' id='word_1_168' title='bbox 1187 2412 1399 2494; x_wconf 90' lang='lat' dir='ltr'>spoliabuntur.</span> 
     </span>
    </p>

    <p class='ocr_par' dir='ltr' id='par_1_11' title="bbox 319 2506 1516 2687">
     <span class='ocr_line' id='line_1_23' title="bbox 359 2506 1516 2590; baseline 0.002 -22"><span class='ocrx_word' id='word_1_169' title='bbox 359 2507 401 2568; x_wconf 88' lang='lat' dir='ltr'>X.</span> <span class='ocrx_word' id='word_1_170' title='bbox 422 2508 558 2578; x_wconf 82' lang='lat' dir='ltr'>Civibus,</span> <span class='ocrx_word' id='word_1_171' title='bbox 571 2509 597 2568; x_wconf 89' lang='lat' dir='ltr'>si</span> <span class='ocrx_word' id='word_1_172' title='bbox 616 2507 670 2589; x_wconf 92' lang='lat' dir='ltr'>qni</span> <span class='ocrx_word' id='word_1_173' title='bbox 682 2506 794 2581; x_wconf 84' lang='lat' dir='ltr'>voleat,</span> <span class='ocrx_word' id='word_1_174' title='bbox 811 2507 936 2568; x_wconf 90' lang='lat' dir='ltr'>liberum</span> <span class='ocrx_word' id='word_1_175' title='bbox 951 2507 990 2569; x_wconf 92' lang='lat' dir='ltr'>sit</span> <span class='ocrx_word' id='word_1_176' title='bbox 1006 2507 1065 2568; x_wconf 87' lang='lat' dir='ltr'>alib</span> <span class='ocrx_word' id='word_1_177' title='bbox 1075 2509 1285 2590; x_wconf 86' lang='lat' dir='ltr'>commigrare,</span> <span class='ocrx_word' id='word_1_178' title='bbox 1299 2509 1378 2569; x_wconf 89' lang='lat' dir='ltr'>bona</span> <span class='ocrx_word' id='word_1_179' title='bbox 1390 2509 1516 2570; x_wconf 89' lang='lat' dir='ltr'>interim</span> 
     </span>
     <span class='ocr_line' id='line_1_24' title="bbox 319 2605 1344 2687; baseline -0.001 -20"><span class='ocrx_word' id='word_1_180' title='bbox 319 2627 373 2667; x_wconf 91' lang='lat' dir='ltr'>sua</span> <span class='ocrx_word' id='word_1_181' title='bbox 385 2605 482 2666; x_wconf 87' lang='lat' dir='ltr'>cuivis</span> <span class='ocrx_word' id='word_1_182' title='bbox 495 2605 580 2666; x_wconf 90' lang='lat' dir='ltr'>alteri</span> <span class='ocrx_word' id='word_1_183' title='bbox 594 2605 713 2666; x_wconf 91' lang='lat' dir='ltr'>tradere</span> <span class='ocrx_word' id='word_1_184' title='bbox 727 2615 877 2685; x_wconf 82' lang='lat' dir='ltr'>poterunt,</span> <span class='ocrx_word' id='word_1_185' title='bbox 893 2606 984 2666; x_wconf 79' lang='lat' dir='ltr'>modo</span> <span class='ocrx_word' id='word_1_186' title='bbox 997 2627 1052 2687; x_wconf 91' lang='lat' dir='ltr'>pro</span> <span class='ocrx_word' id='word_1_187' title='bbox 1066 2617 1131 2669; x_wconf 87' lang='lat' dir='ltr'>rata</span> <span class='ocrx_word' id='word_1_188' title='bbox 1143 2606 1344 2666; x_wconf 83' lang='lat' dir='ltr'>contribuant.</span> 
     </span>
    </p>

    <p class='ocr_par' dir='ltr' id='par_1_12' title="bbox 318 2700 1516 2880">
     <span class='ocr_line' id='line_1_25' title="bbox 359 2700 1516 2783; baseline 0 -19"><span class='ocrx_word' id='word_1_189' title='bbox 359 2703 422 2765; x_wconf 87' lang='lat' dir='ltr'>XI.</span> <span class='ocrx_word' id='word_1_190' title='bbox 443 2702 584 2783; x_wconf 87' lang='lat' dir='ltr'>Denique</span> <span class='ocrx_word' id='word_1_191' title='bbox 598 2701 702 2762; x_wconf 90' lang='lat' dir='ltr'>militis</span> <span class='ocrx_word' id='word_1_192' title='bbox 715 2700 839 2762; x_wconf 89' lang='lat' dir='ltr'>licentia</span> <span class='ocrx_word' id='word_1_193' title='bbox 854 2701 897 2762; x_wconf 90' lang='lat' dir='ltr'>ita</span> <span class='ocrx_word' id='word_1_194' title='bbox 910 2703 1107 2776; x_wconf 68' lang='lat' dir='ltr'>coercebitur,</span> <span class='ocrx_word' id='word_1_195' title='bbox 1123 2712 1156 2762; x_wconf 92' lang='lat' dir='ltr'>ut</span> <span class='ocrx_word' id='word_1_196' title='bbox 1172 2701 1328 2782; x_wconf 90' lang='lat' dir='ltr'>inquilinis</span> <span class='ocrx_word' id='word_1_197' title='bbox 1342 2713 1402 2764; x_wconf 91' lang='lat' dir='ltr'>tam</span> <span class='ocrx_word' id='word_1_198' title='bbox 1416 2703 1516 2764; x_wconf 90' lang='lat' dir='ltr'>eccle·</span> 
     </span>
     <span class='ocr_line' id='line_1_26' title="bbox 318 2796 1182 2880; baseline -0.002 -18"><span class='ocrx_word' id='word_1_199' title='bbox 318 2801 455 2872; x_wconf 88' lang='lat' dir='ltr'>siasticis,</span> <span class='ocrx_word' id='word_1_200' title='bbox 470 2799 563 2880; x_wconf 76' lang='lat' dir='ltr'>qnam</span> <span class='ocrx_word' id='word_1_201' title='bbox 577 2796 780 2870; x_wconf 78' lang='lat' dir='ltr'>sacularibus,</span> <span class='ocrx_word' id='word_1_202' title='bbox 794 2817 901 2858; x_wconf 90' lang='lat' dir='ltr'>nocere</span> <span class='ocrx_word' id='word_1_203' title='bbox 916 2819 975 2859; x_wconf 93' lang='lat' dir='ltr'>non</span> <span class='ocrx_word' id='word_1_204' title='bbox 989 2811 1182 2880; x_wconf 76' lang='lat' dir='ltr'>praesamant.</span> 
     </span>
    </p>

    <p class='ocr_par' dir='ltr' id='par_1_13' title="bbox 361 2893 1385 2977">
     <span class='ocr_line' id='line_1_27' title="bbox 361 2893 1385 2977; baseline 0 -19"><span class='ocrx_word' id='word_1_205' title='bbox 361 2898 474 2958; x_wconf 81' lang='lat' dir='ltr'>Actum</span> <span class='ocrx_word' id='word_1_206' title='bbox 490 2895 630 2977; x_wconf 86' lang='lat' dir='ltr'>Budgem</span> <span class='ocrx_word' id='word_1_207' title='bbox 646 2893 676 2953; x_wconf 91' lang='lat' dir='ltr'>in</span> <span class='ocrx_word' id='word_1_208' title='bbox 690 2893 796 2953; x_wconf 85' lang='lat' dir='ltr'>castris</span> <span class='ocrx_word' id='word_1_209' title='bbox 809 2895 957 2973; x_wconf 78' lang='lat' dir='ltr'>praetoriis</span> <span class='ocrx_word' id='word_1_210' title='bbox 971 2897 1019 2954; x_wconf 79' lang='lat'>26.</span> <span class='ocrx_word' id='word_1_211' title='bbox 1032 2895 1056 2956; x_wconf 85' lang='lat' dir='ltr'><strong>J</strong></span> <span class='ocrx_word' id='word_1_212' title='bbox 1058 2896 1175 2956; x_wconf 77' lang='lat' dir='ltr'>annoni</span> <span class='ocrx_word' id='word_1_213' title='bbox 1190 2897 1282 2957; x_wconf 87' lang='lat' dir='ltr'>Auno</span> <span class='ocrx_word' id='word_1_214' title='bbox 1297 2897 1385 2958; x_wconf 80' lang='lat'>1642.</span> 
     </span>
    </p>

    <p class='ocr_par' dir='ltr' id='par_1_14' title="bbox 320 2989 1512 3270">
     <span class='ocr_line' id='line_1_28' title="bbox 361 2989 1511 3075; baseline 0.002 -22"><span class='ocrx_word' id='word_1_215' title='bbox 361 2993 456 3062; x_wconf 91' lang='lat' dir='ltr'>Hinc,</span> <span class='ocrx_word' id='word_1_216' title='bbox 480 2993 568 3052; x_wconf 90' lang='lat' dir='ltr'>rebus</span> <span class='ocrx_word' id='word_1_217' title='bbox 588 2989 715 3051; x_wconf 84' lang='lat' dir='ltr'>feliciter</span> <span class='ocrx_word' id='word_1_218' title='bbox 734 2989 837 3070; x_wconf 86' lang='lat' dir='ltr'>gestis,</span> <span class='ocrx_word' id='word_1_219' title='bbox 862 3001 968 3051; x_wconf 85' lang='lat' dir='ltr'>octavo</span> <span class='ocrx_word' id='word_1_220' title='bbox 991 2992 1110 3052; x_wconf 88' lang='lat' dir='ltr'>decimo</span> <span class='ocrx_word' id='word_1_221' title='bbox 1132 2991 1247 3073; x_wconf 85' lang='lat' dir='ltr'>Aprilis</span> <span class='ocrx_word' id='word_1_222' title='bbox 1268 2995 1403 3075; x_wconf 90' lang='lat' dir='ltr'>ejusdem</span> <span class='ocrx_word' id='word_1_223' title='bbox 1426 2997 1511 3070; x_wconf 87' lang='lat' dir='ltr'>anni,</span> 
     </span>
     <span class='ocr_line' id='line_1_29' title="bbox 321 3086 1512 3169; baseline 0.002 -18"><span class='ocrx_word' id='word_1_224' title='bbox 321 3088 639 3152; x_wconf 88' lang='lat' dir='ltr'>Gallo-Wimarienses</span> <span class='ocrx_word' id='word_1_225' title='bbox 653 3087 798 3169; x_wconf 91' lang='lat' dir='ltr'>oppidum</span> <span class='ocrx_word' id='word_1_226' title='bbox 821 3086 984 3162; x_wconf 82' lang='lat' dir='ltr'>Lechnich,</span> <span class='ocrx_word' id='word_1_227' title='bbox 1004 3109 1065 3149; x_wconf 92' lang='lat' dir='ltr'>non</span> <span class='ocrx_word' id='word_1_228' title='bbox 1086 3090 1144 3150; x_wconf 88' lang='lat' dir='ltr'>uisi</span> <span class='ocrx_word' id='word_1_229' title='bbox 1164 3091 1258 3152; x_wconf 90' lang='lat' dir='ltr'>tribas</span> <span class='ocrx_word' id='word_1_230' title='bbox 1273 3090 1402 3152; x_wconf 88' lang='lat' dir='ltr'>Colonia</span> <span class='ocrx_word' id='word_1_231' title='bbox 1418 3092 1512 3153; x_wconf 89' lang='lat' dir='ltr'>leucis</span> 
     </span>
     <span class='ocr_line' id='line_1_30' title="bbox 320 3182 1510 3270; baseline 0.002 -24"><span class='ocrx_word' id='word_1_232' title='bbox 320 3187 469 3259; x_wconf 88' lang='lat' dir='ltr'>dissitum,</span> <span class='ocrx_word' id='word_1_233' title='bbox 483 3186 580 3246; x_wconf 88' lang='lat' dir='ltr'>adorti</span> <span class='ocrx_word' id='word_1_234' title='bbox 594 3194 665 3246; x_wconf 91' lang='lat' dir='ltr'>sunt</span> <span class='ocrx_word' id='word_1_235' title='bbox 677 3205 714 3245; x_wconf 90' lang='lat' dir='ltr'>ac</span> <span class='ocrx_word' id='word_1_236' title='bbox 723 3182 855 3244; x_wconf 90' lang='lat' dir='ltr'>sedecim</span> <span class='ocrx_word' id='word_1_237' title='bbox 869 3184 1025 3245; x_wconf 88' lang='lat' dir='ltr'>tormentis</span> <span class='ocrx_word' id='word_1_238' title='bbox 1038 3186 1153 3246; x_wconf 92' lang='lat' dir='ltr'>bellicis</span> <span class='ocrx_word' id='word_1_239' title='bbox 1163 3207 1336 3270; x_wconf 86' lang='lat' dir='ltr'>oppugnare</span> <span class='ocrx_word' id='word_1_240' title='bbox 1349 3203 1510 3268; x_wconf 87' lang='lat' dir='ltr'>ceperant:</span> 
     </span>
    </p>
   </div>
   <div class='ocr_carea' id='block_1_3' title="bbox 320 3280 1508 3458">
    <p class='ocr_par' dir='ltr' id='par_1_15' title="bbox 320 3280 1508 3458">
     <span class='ocr_line' id='line_1_31' title="bbox 320 3280 1508 3364; baseline 0.001 -21"><span class='ocrx_word' id='word_1_241' title='bbox 320 3304 375 3344; x_wconf 91' lang='lat' dir='ltr'>nec</span> <span class='ocrx_word' id='word_1_242' title='bbox 395 3282 555 3363; x_wconf 90' lang='lat' dir='ltr'>qnisquam</span> <span class='ocrx_word' id='word_1_243' title='bbox 579 3282 719 3343; x_wconf 88' lang='lat' dir='ltr'>credebat</span> <span class='ocrx_word' id='word_1_244' title='bbox 741 3280 791 3341; x_wconf 81' lang='lat' dir='ltr'>liic</span> <span class='ocrx_word' id='word_1_245' title='bbox 811 3281 865 3340; x_wconf 93' lang='lat' dir='ltr'>dia</span> <span class='ocrx_word' id='word_1_246' title='bbox 886 3280 1083 3342; x_wconf 86' lang='lat' dir='ltr'>detinendum</span> <span class='ocrx_word' id='word_1_247' title='bbox 1106 3285 1288 3344; x_wconf 88' lang='lat' dir='ltr'>exercitam:</span> <span class='ocrx_word' id='word_1_248' title='bbox 1315 3285 1388 3364; x_wconf 88' lang='lat' dir='ltr'>quia</span> <span class='ocrx_word' id='word_1_249' title='bbox 1410 3293 1508 3344; x_wconf 86' lang='lat' dir='ltr'>tamen</span> 
     </span>
     <span class='ocr_line' id='line_1_32' title="bbox 320 3372 1508 3458; baseline 0.001 -22"><span class='ocrx_word' id='word_1_250' title='bbox 320 3375 431 3458; x_wconf 90' lang='lat' dir='ltr'>oppido</span> <span class='ocrx_word' id='word_1_251' title='bbox 451 3375 604 3456; x_wconf 84' lang='lat' dir='ltr'>provisam</span> <span class='ocrx_word' id='word_1_252' title='bbox 624 3384 689 3434; x_wconf 88' lang='lat' dir='ltr'>erat</span> <span class='ocrx_word' id='word_1_253' title='bbox 708 3372 747 3433; x_wconf 91' lang='lat' dir='ltr'>de</span> <span class='ocrx_word' id='word_1_254' title='bbox 765 3373 942 3447; x_wconf 89' lang='lat' dir='ltr'>munitione,</span> <span class='ocrx_word' id='word_1_255' title='bbox 964 3382 995 3433; x_wconf 90' lang='lat' dir='ltr'>ct</span> <span class='ocrx_word' id='word_1_256' title='bbox 1014 3375 1178 3435; x_wconf 87' lang='lat' dir='ltr'>sufficiente</span> <span class='ocrx_word' id='word_1_257' title='bbox 1202 3375 1306 3446; x_wconf 88' lang='lat' dir='ltr'>milite,</span> <span class='ocrx_word' id='word_1_258' title='bbox 1329 3387 1359 3436; x_wconf 90' lang='lat' dir='ltr'>et</span> <span class='ocrx_word' id='word_1_259' title='bbox 1377 3387 1423 3436; x_wconf 89' lang='lat' dir='ltr'>sat</span> <span class='ocrx_word' id='word_1_260' title='bbox 1442 3376 1508 3438; x_wconf 88' lang='lat' dir='ltr'>altis</span> 
     </span>
    </p>
   </div>
   <div class='ocr_carea' id='block_1_4' title="bbox 319 3468 1507 3747">
    <p class='ocr_par' dir='ltr' id='par_1_16' title="bbox 319 3468 1507 3747">
     <span class='ocr_line' id='line_1_33' title="bbox 320 3468 1507 3553; baseline 0.002 -21"><span class='ocrx_word' id='word_1_261' title='bbox 320 3471 406 3533; x_wconf 86' lang='lat' dir='ltr'>fossis</span> <span class='ocrx_word' id='word_1_262' title='bbox 419 3471 606 3553; x_wconf 85' lang='lat' dir='ltr'>cingebatur,</span> <span class='ocrx_word' id='word_1_263' title='bbox 619 3489 779 3549; x_wconf 88' lang='lat' dir='ltr'>arcemque</span> <span class='ocrx_word' id='word_1_264' title='bbox 792 3468 964 3550; x_wconf 87' lang='lat' dir='ltr'>contiguam</span> <span class='ocrx_word' id='word_1_265' title='bbox 981 3468 1108 3531; x_wconf 89' lang='lat' dir='ltr'>habebat</span> <span class='ocrx_word' id='word_1_266' title='bbox 1125 3471 1263 3534; x_wconf 85' lang='lat' dir='ltr'>similiter</span> <span class='ocrx_word' id='word_1_267' title='bbox 1282 3473 1425 3534; x_wconf 91' lang='lat' dir='ltr'>munitam</span> <span class='ocrx_word' id='word_1_268' title='bbox 1439 3494 1507 3534; x_wconf 88' lang='lat' dir='ltr'>cnm</span> 
     </span>
     <span class='ocr_line' id='line_1_34' title="bbox 321 3566 1507 3650; baseline 0.004 -24"><span class='ocrx_word' id='word_1_269' title='bbox 321 3572 389 3628; x_wconf 90' lang='grc'><strong>700.</strong></span> <span class='ocrx_word' id='word_1_270' title='bbox 411 3567 531 3628; x_wconf 87' lang='lat' dir='ltr'>circiter</span> <span class='ocrx_word' id='word_1_271' title='bbox 549 3566 710 3648; x_wconf 85' lang='lat' dir='ltr'>peditibus,</span> <span class='ocrx_word' id='word_1_272' title='bbox 728 3566 860 3627; x_wconf 84' lang='lat' dir='ltr'>dimissis</span> <span class='ocrx_word' id='word_1_273' title='bbox 878 3567 994 3628; x_wconf 89' lang='lat' dir='ltr'>duobus</span> <span class='ocrx_word' id='word_1_274' title='bbox 1011 3567 1146 3648; x_wconf 89' lang='lat' dir='ltr'>equitnm</span> <span class='ocrx_word' id='word_1_275' title='bbox 1169 3568 1340 3649; x_wconf 85' lang='lat' dir='ltr'>manipulis,</span> <span class='ocrx_word' id='word_1_276' title='bbox 1356 3569 1439 3650; x_wconf 85' lang='lat' dir='ltr'>qnbd</span> <span class='ocrx_word' id='word_1_277' title='bbox 1456 3589 1507 3630; x_wconf 92' lang='lat' dir='ltr'>suo</span> 
     </span>
     <span class='ocr_line' id='line_1_35' title="bbox 319 3659 1505 3747; baseline 0.002 -21"><span class='ocrx_word' id='word_1_278' title='bbox 319 3664 454 3726; x_wconf 86' lang='lat' dir='ltr'>instituto</span> <span class='ocrx_word' id='word_1_279' title='bbox 467 3666 571 3745; x_wconf 79' lang='lat' dir='ltr'>parum</span> <span class='ocrx_word' id='word_1_280' title='bbox 592 3662 686 3724; x_wconf 82' lang='lat' dir='ltr'>saturi</span> <span class='ocrx_word' id='word_1_281' title='bbox 705 3671 804 3723; x_wconf 90' lang='lat' dir='ltr'>essent</span> <span class='ocrx_word' id='word_1_282' title='bbox 817 3659 944 3743; x_wconf 90' lang='lat' dir='ltr'>proficui</span> <span class='ocrx_word' id='word_1_283' title='bbox 959 3663 1024 3743; x_wconf 91' lang='lat' dir='ltr'>(qui</span> <span class='ocrx_word' id='word_1_284' title='bbox 1039 3673 1140 3726; x_wconf 72' lang='lat' dir='ltr'>maren</span> <span class='ocrx_word' id='word_1_285' title='bbox 1155 3664 1192 3726; x_wconf 94' lang='lat' dir='ltr'>ab</span> <span class='ocrx_word' id='word_1_286' title='bbox 1206 3666 1331 3726; x_wconf 88' lang='lat' dir='ltr'>obsessis</span> <span class='ocrx_word' id='word_1_287' title='bbox 1345 3677 1446 3747; x_wconf 86' lang='lat' dir='ltr'>postea</span> <span class='ocrx_word' id='word_1_288' title='bbox 1460 3687 1505 3727; x_wconf 88' lang='lat' dir='ltr'>re-</span> 
     </span>
    </p>
   </div>
   <div class='ocr_carea' id='block_1_5' title="bbox 0 0 1618 4700">
    <p class='ocr_par' dir='ltr' id='par_1_17' title="bbox 0 0 1618 4700">
     <span class='ocr_line' id='line_1_36' title="bbox 0 0 1618 4700; baseline 0 1"><span class='ocrx_word' id='word_1_289' title='bbox 0 0 1618 4700; x_wconf 95' lang='lat' dir='ltr'> </span> 
     </span>
    </p>
   </div>
  </div>
 </body>
</html>
