3225 4700
304 324 368 389 212
691 320 1096 391 ITINERARIUM.

305 474 450 559 leg-etum,
474 482 639 549 caveretur,
662 473 810 555 viresque,
830 494 900 556 qnte
920 474 953 535 in
972 472 1107 555 Imperio
1125 471 1251 554 reliqnae
1270 471 1379 549 forent,
1399 482 1522 535 contre

306 571 448 644 Turcum,
467 570 494 632 si
517 570 640 651 quondo
663 570 690 632 is
712 578 819 633 contre
840 569 1096 633 christianitatem
1116 570 1237 633 bestilia
1255 591 1341 633 arms
1359 580 1518 645 moveret,

305 668 432 750 integre
442 676 701 740 conservarentur,
715 676 746 729 et
756 666 788 728 in
801 666 1005 729 defensionem
1018 667 1230 749 objicerentur,
1243 686 1280 729 sc
1293 668 1429 749 deniqne
1444 668 1516 751 glo-

307 764 403 825 riosus
419 782 528 845 scopus
543 764 582 827 sb
603 762 767 826 Eleetorsli
784 762 925 847 collegio
945 772 977 826 et
996 763 1259 827 Domiuutiouibns
1275 765 1382 826 vestris
1394 784 1517 847 propo·

306 860 381 923 situs
394 881 448 944 per
459 862 588 943 gretiam
601 860 739 925 ultissimi
751 860 841 943 plene
853 860 1064 945 attingeretur.

350 956 430 1021 Hec
446 958 549 1020 omnis
560 957 832 1040 (quemadmodum
844 957 929 1021 nulle
935 958 1058 1036 dubito)
1071 955 1302 1019 Domiuotiones
1319 962 1439 1020 vetros
1458 978 1517 1020 uo-

308 1052 390 1117 miue
412 1074 536 1118 suorum
559 1054 782 1137 Principalium
805 1074 924 1119 summu
943 1074 1016 1117 cum
1034 1054 1194 1137 diligentis
1212 1054 1246 1116 in
1268 1053 1328 1116 boc
1351 1065 1517 1118 conventu

308 1161 407 1216 vestro
419 1162 585 1229 sumturus,
596 1153 640 1216 its
650 1172 796 1230 mecuro,
808 1172 864 1215 nos
873 1151 1027 1215 modicum
1036 1160 1173 1214 nostrum
1182 1151 1266 1233 quod
1276 1152 1309 1213 in
1318 1151 1470 1214 nobiscst
1483 1153 1518 1213 in

303 1240 380 1311 ¹eum
393 1268 513 1332 qnoque
525 1249 617 1311 finem
630 1249 759 1312 libenter
772 1248 960 1331 collaturum,
977 1268 1014 1311 sc
1027 1249 1118 1330 juxte
1129 1248 1223 1331 petits
1241 1256 1350 1321 uestro.
1362 1248 1420 1329 qui
1434 1270 1516 1311 cou-

309 1347 477 1430 gregutioui
488 1355 595 1409 vestre
605 1344 745 1411 intersint
757 1346 861 1425 (modo
872 1345 987 1411 litteren
999 1344 1168 1408 secnmtetis
1185 1345 1367 1407 neeoessries
1385 1366 1444 1428 pro
1467 1346 1518 1407 itu

310 1452 341 1505 et
354 1442 453 1506 reditu
466 1443 662 1522 obtinuerint)
672 1443 712 1505 de
729 1442 909 1526 legaturum,
926 1442 982 1524 qui
994 1442 1085 1525 juxto
1103 1448 1234 1504 mentem
1255 1449 1390 1501 nosuum
1408 1440 1459 1502 ite
1481 1460 1520 1502 se

309 1540 443 1603 habituri
453 1540 523 1617 sint,
536 1549 571 1603 ut
583 1560 621 1603 ex
632 1560 770 1603 sermone
782 1540 917 1623 ipsorum
930 1539 1103 1603 Germanus
1114 1547 1215 1600 noster
1225 1546 1258 1599 et
1269 1537 1309 1598 ud
1318 1556 1425 1619 pscem
1437 1558 1518 1620 pro-

288 1628 290 1631 ’
310 1656 420 1719 pensus
433 1636 552 1699 animm
562 1636 703 1699 omnibns
713 1636 835 1701 ebuude
847 1635 982 1719 pstelist.

353 1732 526 1801 Poterimus
538 1734 584 1814 (ui
595 1734 696 1812 folior)
709 1754 840 1817 quoque,
852 1744 982 1805 tuntum,
994 1732 1077 1815 opud
1089 1727 1206 1794 exteros
1218 1730 1383 1794 etiamnum
1393 1732 1426 1793 iu
1441 1732 1519 1794 Im·

310 1828 395 1911 perio
408 1838 439 1891 et
450 1839 557 1893 contro
570 1829 767 1895 Germeuiem
780 1831 944 1895 militantes
958 1829 1129 1911 Principes,
1141 1827 1333 1909 (quibuscum
1353 1826 1516 1891 Dominus

310 1923 433 2008 Gonjux
445 1934 546 1989 noster
557 1926 751 2009 pientissimus
764 1929 917 1991 memorie
931 1928 963 1990 in
977 1925 1118 1991 comitiis
1132 1924 1337 2006 Lipsiensibus
1357 1926 1395 1986 sb
1415 1927 1515 1989 Elec·

310 2017 423 2081 toribus
434 2018 561 2101 aliisque
575 2020 661 2084 Sscri
674 2020 806 2083 Romani
820 2020 946 2103 Imperii
960 2019 1155 2103 Principibus
1167 2032 1199 2084 et
1210 2022 1337 2085 statibus
1348 2024 1442 2086 Anno
1454 2025 1508 2087 M.

313 2113 1056 2199 D0.xxx1.eelebratis,proliberntelmperii
1068 2119 1182 2182 tuende
1195 2128 1227 2181 et
1244 2123 1461 2200 consonando,
1476 2145 1514 2187 ee

314 2211 471 2295 obliguvit,
485 2223 516 2276 et
531 2213 592 2275 huc
611 2234 706 2296 usque
724 2214 745 2277 b
764 2213 853 2277 nobis
872 2214 963 2277 etiem
981 2224 1154 2279 constanter
1164 2228 1387 2298 perseveratum
1398 2231 1455 2296 est,
1469 2224 1513 2284 ob

312 2328 420 2392 graves
433 2308 652 2392 persecutiones
664 2328 740 2392 ques
751 2330 806 2372 nos
819 2330 905 2393 oeque
914 2329 950 2373 eo
960 2310 1089 2374 dilectus
1101 2310 1183 2376 filius
1192 2322 1293 2378 noster
1304 2316 1508 2397 immerentes,

314 2416 350 2469 nt
368 2405 599 2471 Domiustiones
611 2417 719 2470 verre
732 2408 868 2491 ipsemet
878 2417 999 2485 rerunt,
1012 2408 1092 2490 pessi
1104 2429 1219 2488 snmus,
1233 2412 1278 2475 its
1289 2422 1324 2477 ut
1335 2435 1398 2493 nec⁵
1407 2415 1510 2480 udlrue

312 2503 332 2566 d
345 2503 599 2567 conlmderstione
610 2524 716 2568 eorum
727 2505 887 2570 commode
898 2505 1038 2568 recedere
1054 2506 1216 2590 possimus)
1227 2518 1263 2571 ut
1275 2530 1326 2573 eos
1338 2511 1413 2575 illuc
1424 2533 1506 2575 com·

314 2601 412 2662 modis
424 2600 590 2664 rstiouibus
603 2593 790 2665 adducemus
804 2612 839 2666 ιιι
850 2621 955 2685 pacem
968 2601 1069 2684 potius
1081 2601 1217 2685 Imperio
1228 2606 1396 2687 proficuum
1416 2630 1507 2691 quem

314 2696 354 2759 sd
367 2696 523 2760 ulteriores
535 2699 637 2761 turbes
649 2699 781 2761 externis
794 2698 989 2781 Principibus
998 2699 1175 2775 mouendus,
1184 2721 1268 2764 arms
1280 2705 1508 2786 amplectentur,

314 2813 385 2856 cnm
398 2793 457 2876 ipsi
469 2803 555 2856 extre
563 2795 796 2858 controuersiam
807 2795 928 2879 pacifici
941 2795 1100 2880 Principes
1110 2796 1171 2860 siut
1182 2808 1215 2861 et
1223 2797 1326 2862 heberi
1336 2802 1440 2881 uelint,
1449 2825 1507 2866 nec

315 2891 400 2954 eliud
413 2891 593 2968 desiderent,
607 2909 698 2972 quum
711 2900 747 2954 nt
759 2893 857 2956 cuivis
868 2913 923 2975 pro
935 2912 1023 2974 equo
1036 2904 1068 2957 et
1079 2895 1159 2958 bono
1169 2895 1306 2958 redebet.

334 3042 340 3060 ,
357 2989 451 3068 Quod
474 2987 741 3052 Domiuetionibus
763 2990 873 3054 vesuis
892 2991 959 3053 loco
981 2991 1118 3073 responsi
1143 2991 1242 3056 celere
1264 2993 1360 3068 nolui,
1387 3017 1504 3078 nneqne

313 3104 420 3148 omues
433 3085 495 3148 Dei
508 3083 687 3167 protectioni
699 3087 887 3150 commendo.
932 3085 1073 3150 (lessellis
1088 3089 1136 3150 14.
1151 3089 1259 3152 Martii
1268 3092 1364 3154 Auno
1379 3093 1464 3156 1640.

724 3184 833 3244 Vestris
846 3183 1104 3246 Domisationibsr
1115 3187 1325 3250 Addictt‘ssimo

1079 3283 1210 3344 Auente
1224 3284 1430 3348 Emeum.

359 3369 460 3445 Quem
470 3373 564 3456 igitur
573 3395 679 3456 pucem
692 3373 887 3458 Ieudgmvis
896 3374 1016 3441 Hessioe
1026 3377 1105 3441 inire
1116 3380 1254 3457 voluerit,
1264 3380 1311 3444 boe
1324 3385 1391 3465 ejus
1398 3383 1504 3448 littere

317 3469 389 3532 setis
403 3469 543 3533 inuuunt.
581 3471 703 3534 Interes
715 3473 889 3536 servabatur
908 3474 1086 3539 inviolatum
1106 3477 1299 3542 armistitinm
1317 3479 1396 3542 iuter
1409 3479 1504 3544 Cess-

317 3586 423 3630 reunos
436 3575 466 3630 et
480 3565 594 3630 Hessos
607 3589 660 3649 per
672 3567 899 3651 Westphulism.
