3225 4700
454 330 867 399 ITINERARIUM.
1199 336 1257 397 105

33 482 86 543 rir
109 481 255 562 optime,
275 480 363 545 valde
379 484 521 547 miserum
539 494 569 547 et
585 484 741 569 fragilem:
765 486 848 548 nbrie
869 486 940 549 verb
958 487 1058 549 Dama
1076 506 1140 549 eeee
1163 485 1257 549 alinm

32 576 227 658 impietatis
240 586 302 641 tun
314 578 453 656 ultorem,
468 582 520 661 qni
533 583 661 645 conterit
674 584 765 666 impib
778 584 835 645 ribi
848 583 1038 645 oblatrantes.

81 675 227 737 Interea
246 676 279 737 in
299 685 363 739 tote
381 677 646 761 Meehlebnrgemi
665 680 789 741 Ducatu
808 680 911 741 omnia
929 681 1104 755 neeeaaaria,
1122 690 1184 741 tarn
1200 699 1256 761 pre

32 770 149 832 milite
170 772 269 853 qnbm
286 792 341 855 pro
355 774 452 854 equis,
466 773 656 838 deficiebant.
699 775 760 838 Sed
773 784 803 837 et
818 775 953 839 Helaatee
967 787 997 839 et
1011 777 1256 859 Hemburgeneee

34 867 74 927 in
83 866 237 947 hyberna
244 868 339 929 nllnm
350 869 506 931 admittere
517 871 655 945 militem,
666 872 870 934 detrectabant
879 894 888 932 ε
906 873 985 935 unde
994 874 1106 935 aedidit
1115 883 1149 937 ut
1157 873 1255 936 indies

37 963 193 1046 singulos
207 964 297 1027 multi
309 965 436 1027 mineriie
449 965 615 1045 inferiores,
630 969 724 1031 vitam
737 967 960 1048 abrumperent.

85 1287 107 1338 t
172 1213 305 1308 μὴ
380 1307 383 1308 f
443 1261 537 1344 ze
627 1258 648 1308 ³
807 1260 866 1368 ‚ab

463 1565 654 1640 CAPUT
690 1565 847 1640 XXIX.

330 1743 383 1810 De
399 1743 572 1834 Progressa
584 1757 686 1812 nostro
700 1746 843 1813 adversm
858 1745 979 1815 Sumen.

87 2264 105 2297 Ι
131 2283 162 2310 α’
223 2297 233 2307 ,
285 2302 289 2312 r

71 2308 75 2311 ’
106 2321 128 2356 ·“
153 2315 160 2326 “
180 2366 188 2380 ,
227 2310 270 2371 s‘
290 2319 294 2336 ¹
338 2318 391 2381 illa
404 2318 544 2400 appulere
559 2327 702 2400 tempere,
717 2318 820 2380 vacuis
840 2318 956 2394 loculis,
969 2318 1110 2401 nudoque
1122 2340 1247 2402 corpere

57 2419 86 2478 in
101 2437 241 2498 eampum
255 2416 354 2478 dennb
367 2425 495 2487 utente,
507 2413 639 2478 eundum
653 2415 721 2477 fixit.
763 2415 814 2477 Ite
825 2414 963 2478 inanibus
976 2416 1038 2477 imb
1052 2418 1247 2480 mendacibus

57 2514 187 2576 mnndne
200 2515 382 2597 gubernatur
392 2512 667 2594 pollicitationibus,
681 2510 873 2574 stultissimna
885 2513 1058 2574 mortalium
1071 2512 1122 2574 ille
1134 2522 1179 2574 eet
1191 2517 1245 2595 qni

59 2611 174 2672 mundo
185 2603 274 2673 fidem
290 2607 423 2672 adhibet.
465 2609 518 2670 Ad
531 2628 608 2684 arae,
622 2628 788 2671 uerumneae
801 2608 897 2685 miles,
911 2610 952 2671 ad
966 2629 1043 2685 aree,
1058 2610 1176 2673 nullum
1190 2611 1245 2673 tibi

57 2707 128 2768 alibi
147 2706 323 2790 perfugium.
364 2705 445 2768 Cum
466 2713 563 2767 tetum
585 2704 751 2787 Imperium
774 2705 837 2767 imb
853 2705 951 2768 emnia
968 2709 1044 2787 pene
1065 2708 1189 2788 Eumpa
1207 2728 1244 2770 aa

59 2803 209 2864 universus
222 2804 301 2865 erbia
313 2803 392 2866 bello
405 2803 562 2885 flagrabat,
576 2803 736 2883 vicinaque
748 2802 876 2864 Anatrie
887 2803 1044 2865 hostilibus
1056 2803 1244 2866 eirenmatre·

60 2909 141 2982 peret
155 2901 253 2976 armis,
272 2907 346 2960 tune
363 2899 486 2980 quidem
505 2919 571 2960 eras
586 2900 617 2960 in
632 2899 743 2980 precio,
764 2919 847 2962 nune
863 2919 934 2961 cum
956 2898 1072 2961 boetem
1094 2901 1243 2964 enerveati

59 2996 217 3078 paululum,
228 3005 258 3057 et
267 2995 307 3056 ad
317 3004 432 3056 exteros
443 2994 583 3077 pepulisti
593 2993 772 3076 plueeultlm,
785 3005 837 3058 tua
845 2995 995 3059 vileeennt
1005 2995 1157 3076 obaequiu
1167 2997 1243 3059 edeo

61 3113 149 3174 neque
162 3100 194 3153 ut
207 3100 234 3152 te
249 3091 385 3153 viliaeimi
398 3091 474 3153 aulae
492 3091 624 3168 maenia,
639 3090 754 3153 infime
769 3093 858 3155 sortia
873 3091 998 3164 humuli,
1012 3092 1119 3154 mnndi
1133 3094 1243 3174 probru

60 3200 88 3252 et
96 3198 289 3259 excrementa,
297 3208 334 3248 ne
344 3187 502 3250 merissimi
512 3197 600 3250 terroe
609 3187 666 3250 filii
677 3208 733 3250 nee
743 3189 776 3250 in
785 3187 963 3252 famulatum
970 3189 1128 3251 admittere
1134 3191 1239 3267 velint,

62 3287 119 3348 irnb
132 3285 304 3347 fortissimos
317 3284 389 3346 belli
401 3285 493 3346 dueee
505 3286 559 3366 qni
575 3285 714 3359 Cereris,
728 3285 918 3368 ilegnmqrm,
933 3294 963 3348 et
977 3285 1157 3369 Principum
1169 3309 1241 3350 enm

62 3383 181 3466 proprie
194 3381 263 3444 ritae
280 3379 465 3463 apertissime
482 3381 665 3459 discrimine,
682 3382 770 3458 bona,
788 3382 931 3458 fortunae,
946 3390 977 3444 et
993 3391 1104 3444 etatum
1122 3404 1240 3447 conaer-

63 3481 173 3552 rtrunt,
186 3476 384 3560 dedignentur
402 3477 449 3538 vel
469 3477 508 3539 ad
524 3477 734 3560 inungendum,
748 3478 798 3541 rel
814 3479 855 3540 ed
870 3479 1072 3541 triturandnm
1087 3478 1239 3543 adbibere.

67 3577 120 3638 Sed
132 3575 208 3658 agite
222 3573 348 3636 Domini
362 3573 431 3648 mei,
446 3583 598 3655 expectate
615 3575 776 3658 paulisper,
796 3575 932 3637 nondam
947 3576 1088 3656 equidem
1103 3577 1238 3638 omnium

67 3673 170 3734 dierum
183 3669 225 3734 eol
243 3670 364 3745 eccidit,
379 3669 529 3754 quiescit,
543 3670 618 3752 quid
635 3690 719 3733 eerne
732 3672 832 3734 trehet
844 3690 959 3752 vesper,
973 3681 1075 3736 cereta
1088 3693 1127 3736 ne
1139 3674 1172 3734 in
1187 3691 1238 3735 voe

693 3787 710 3825 r
