3225 4700
338 322 403 387 386
724 319 1147 390 ITINERARIUM.

383 474 484 536 VIII.
505 476 666 557 Quidquid
686 476 811 538 durante
831 475 987 537 obsidione
1007 474 1055 536 vel
1076 473 1132 536 bac
1153 469 1201 532 vel
1219 469 1309 531 etiam
1330 467 1499 549 superiore
1518 463 1554 523 ab

343 572 469 634 obsessis
481 594 584 657 aspere
595 584 708 648 actum,
726 574 855 647 dictum,
867 573 916 633 vel
928 572 1140 654 quoquomodo
1154 569 1350 633 commissum
1366 566 1485 628 fuisset
1495 583 1552 623 non

347 669 559 732 vindicabitur.

264 784 267 790 ’
388 766 450 826 ΙΧ.
473 767 596 849 Captivi
616 768 744 830 durante
769 766 923 828 obsidione
944 775 1006 828 tam
1030 766 1111 828 cives
1134 765 1226 846 quam
1248 763 1364 825 milites
1390 761 1463 822 sine
1487 757 1556 818 litro

343 861 431 923 liberi
444 864 643 926 dimittentur.

387 958 428 1018 X.
451 959 542 1022 Cives
568 963 710 1042 aqueae
730 960 835 1023 rustici
857 981 927 1022 oum
949 961 1088 1024 omuibus
1111 959 1173 1021 suis
1197 959 1296 1034 rebus,
1316 957 1424 1038 equis,
1447 955 1554 1028 bobum

346 1055 403 1115 tuti
417 1065 448 1116 et
460 1056 617 1119 indemnes
630 1061 894 1122 conservabuntur.

389 1151 452 1212 XI.
474 1153 669 1236 Magistratui
682 1164 744 1217 tam
757 1157 789 1217 in
803 1157 944 1218 civilibus
953 1177 1044 1238 qnam
1055 1157 1086 1218 in
1100 1155 1307 1218 orImiualibus
1324 1153 1411 1215 nihil
1424 1153 1555 1234 deroga-

346 1247 438 1318 bitur,
449 1269 506 1311 nec
519 1261 638 1313 mustus
648 1251 710 1313 ullo
718 1253 813 1314 milite
824 1254 1006 1335 gravabitur.
1044 1255 1157 1314 Actum
1167 1255 1218 1313 29.
1231 1251 1423 1314 Novembris
1444 1250 1533 1310 1642.

389 1345 542 1408 Postridie
559 1349 614 1408 sub
634 1369 744 1409 nouam
763 1350 940 1411 matutinam
963 1349 1155 1412 Gubernator
1174 1369 1244 1410 cam
1263 1348 1347 1409 omni
1365 1346 1554 1409 solennitate

348 1442 458 1504 usitata
468 1443 615 1506 militibus
627 1467 764 1527 egressus
777 1457 833 1518 est,
848 1466 879 1507 se
892 1447 933 1509 ad
948 1447 1099 1508 Bavarica
1114 1455 1212 1508 castra
1230 1445 1447 1507 translaturus.
1491 1441 1552 1502 Sed

346 1539 418 1618 quia
430 1539 461 1599 in
478 1540 599 1602 Ducem
614 1541 907 1625 Wirtenbergensem
922 1543 1022 1604 nescio
1033 1563 1101 1625 qnoe
1113 1543 1240 1605 dicteria
1248 1543 1379 1604 durante
1390 1539 1553 1600 obsidione

347 1635 483 1717 conjecta
495 1637 623 1712 fuerant,
638 1647 725 1720 pacta
741 1649 860 1701 servata
876 1661 936 1700 non
952 1649 1031 1701 sunt.
1073 1639 1115 1700 Et
1129 1640 1322 1701 Gubernator
1341 1636 1475 1717 quidem
1489 1632 1550 1694 snis

346 1731 499 1812 spoliatus,
514 1734 623 1796 milites
636 1736 708 1797 verb
722 1737 854 1817 gregarii
867 1737 907 1797 ad
920 1737 1078 1799 contrariae
1092 1737 1185 1818 partis
1197 1735 1320 1797 servitia
1333 1733 1449 1796 coacti.

387 1829 485 1912 Capta
503 1832 577 1892 urbe
595 1831 722 1894 sollicite
740 1833 871 1914 dispexit
885 1833 1044 1895 Generalis
1064 1835 1102 1896 de
1117 1833 1273 1896 Guebrian
1288 1833 1393 1893 locum
1411 1847 1548 1890 commo·

346 1926 420 1988 dum
441 1928 567 1990 militem
591 1928 757 1991 reficiendi.
799 1929 1045 1992 Commodiorem
1068 1931 1143 1994 verb
1169 1929 1252 1991 initis
1278 1927 1451 1991 rationibus
1476 1937 1549 1986 tnnc

347 2024 471 2104 quidem
481 2024 597 2086 nullum
611 2025 732 2107 reperit,
747 2026 917 2107 qudmeum
930 2029 1019 2110 dquo
1028 2027 1163 2110 proxime
1177 2027 1301 2088 aberunt
1313 2024 1442 2086 milites.
1474 2021 1548 2082 Erat

348 2117 375 2177 is
390 2117 533 2179 Danubio
547 2118 663 2180 vicinus
676 2129 707 2181 et
723 2120 839 2182 circum
857 2141 951 2203 pagos
967 2121 1232 2204 complectebatur,
1247 2134 1278 2185 et
1288 2141 1446 2184 annonam
1457 2118 1548 2180 militi

346 2214 455 2276 alendo
467 2215 662 2276 sufficientem
673 2214 809 2278 habebat.
841 2217 922 2278 Illuc
932 2217 1037 2300 igitur,
1051 2221 1151 2300 quoad
1166 2219 1228 2301 ipse
1237 2220 1474 2292 convalesceret,
1490 2216 1546 2276 iter

347 2312 500 2375 instituere
509 2312 611 2394 jussit,
622 2313 827 2395 praemisitque
834 2313 1012 2376 Generulem
1024 2313 1107 2377 Rosa
1116 2336 1185 2377 cum
1197 2327 1265 2380 octo
1274 2316 1449 2401 legionibus
1461 2312 1546 2396 equi-

346 2421 411 2471 tnm
424 2421 455 2471 et
468 2411 583 2471 duabus
600 2409 841 2480 desultoriornm,
854 2431 890 2473 ac
908 2412 1002 2473 tribus
1018 2412 1125 2474 turmis
1141 2414 1295 2495 peditum:
1317 2416 1479 2495 eidemque
1494 2431 1544 2471 ne·

347 2508 462 2589 gotium
475 2506 649 2588 explorandi
661 2507 736 2587 qnid
749 2509 832 2569 circa
843 2508 957 2569 hostem
971 2518 1124 2591 gereretur
1136 2512 1296 2573 commisit.

389 2604 446 2667 Nil
462 2612 620 2665 cunctatus
638 2602 719 2665 Rosa
737 2604 897 2666 Milenam
911 2624 943 2666 se
960 2606 1098 2682 contulit,
1117 2628 1154 2668 ac
1171 2608 1238 2669 istic
1257 2619 1287 2669 et
1299 2604 1541 2691 circumjacenti-

347 2702 403 2763 bus
411 2701 681 2783 pagiscopiassuas
689 2701 852 2763 distribuit.
887 2701 1142 2783 'l'utlingamverb
1151 2704 1337 2786 generalibus
1347 2702 1542 2766 insidendam

346 2799 478 2880 reliquit,
491 2807 595 2880 utpote
611 2796 765 2858 tormentis
779 2797 896 2859 bellicis
912 2799 1090 2879 reponendis
1104 2810 1324 2881 opportunum:
1345 2823 1405 2865 nec
1419 2802 1540 2865 deerant

346 2897 378 2957 in
392 2895 505 2957 vicinia
518 2894 589 2977 pagi
606 2913 661 2974 pro
678 2892 794 2974 reliquo
806 2912 897 2975 quem
915 2914 1017 2955 secum
1036 2894 1194 2959 trahebant
1209 2898 1357 2979 peditatu,
1370 2909 1403 2962 et
1422 2898 1539 2959 Ranzo-

344 2994 437 3055 mano
447 2994 592 3075 equitata.

388 3090 550 3152 Habebunt
567 3088 697 3150 Casarei
711 3088 743 3148 in
759 3086 1115 3149 Gallo-Wimariensibus
1128 3091 1233 3151 castris
1246 3110 1316 3151 suos
1326 3092 1535 3173 exploratores,

346 3186 400 3267 qui
419 3205 538 3247 omnem
557 3183 662 3245 militis
681 3183 922 3246 distributionem
941 3181 1097 3244 confestim
1111 3186 1249 3259 retulere,
1263 3207 1324 3268 qua
1336 3188 1457 3269 cognita
1470 3184 1533 3246 Ce-

345 3284 422 3344 ssrei
435 3281 582 3364 vigesimo
596 3280 684 3341 tertio
704 3278 887 3342 Novembris
907 3278 1109 3363 SimerIngam
1128 3294 1297 3356 moverunt,
1312 3284 1384 3345 belli
1403 3283 1497 3345 aleam
1510 3278 1534 3338 si

346 3380 465 3442 occasio
481 3378 574 3439 ferret
592 3378 756 3458 experturI,
771 3376 804 3437 in
823 3395 912 3455 quem
931 3374 1024 3437 finem
1042 3376 1258 3458 impedimenta
1276 3380 1378 3440 omnia
1393 3380 1425 3441 in
1440 3386 1531 3439 tutum

345 3476 584 3537 transmiserunt.
639 3472 790 3545 Quoniam
817 3472 890 3534 verb
916 3472 1026 3554 aliquae
1054 3474 1150 3555 copim
1178 3476 1293 3536 tardids
1324 3474 1531 3539 adventabant.

347 3572 452 3634 eodem
467 3571 516 3633 dle
529 3569 608 3632 nibil
625 3568 736 3632 confici
748 3572 845 3652 potuit
857 3580 944 3631 nocte
957 3572 1109 3633 irruente:
1132 3572 1163 3632 in
1176 3584 1327 3654 posterum
1340 3572 1442 3654 itaque
1455 3568 1528 3631 diem

347 3668 503 3750 pugnandi
517 3666 676 3729 consilium
688 3666 876 3743 distulerunt,
888 3667 940 3748 qui
955 3676 988 3729 ut
1001 3666 1110 3745 illuxit,
1123 3670 1222 3731 visum
1234 3679 1279 3731 est
1291 3688 1345 3751 per
1354 3668 1455 3749 sylvas
1466 3682 1528 3749 pro·
