3225 4700
316 326 372 389 no
709 321 1112 427 turnunn'nrun.

308 476 405 551 lecta,
416 494 506 556 quam
517 476 705 557 praepositam
712 478 873 560 appellant,
882 499 951 560 qnae
955 477 1124 560 juraetiam
1133 474 1207 557 ipsis
1214 472 1410 540 scematibus
1418 470 1555 543 uicit,

310 592 472 651 causasque
491 572 630 654 capitales
648 593 701 655 per
719 596 787 637 suos
804 576 948 651 decernit,
967 583 1057 655 atque
1069 575 1123 655 jus
1139 571 1236 653 gladii
1252 578 1376 652 usurpat
1393 569 1429 630 in
1445 588 1553 640 eos,
1608 562 1609 573 ¹

309 669 363 747 qui
377 668 407 727 in
422 668 609 750 gravioribus
618 669 737 731 delictis
751 671 1054 752 comprehenduntur.
1096 668 1176 729 Haec
1188 666 1310 729 annates
1323 666 1386 728 sola
1400 684 1553 747 perpe·

309 774 362 825 tuo
375 785 407 825 se
420 766 564 828 castitatis
577 776 647 828 voto
661 766 783 850 obligat,
793 769 861 829 alia
872 767 943 829 verb
954 767 1086 849 virgines
1098 786 1159 826 non
1169 763 1229 825 nisi
1238 765 1278 825 ad
1288 772 1407 845 tempus
1416 762 1546 835 illud,

310 882 370 942 qno
384 864 416 923 in
430 866 610 926 monasterio
623 866 678 926 sub
693 864 863 927 obedientid
874 875 905 927 et
917 864 1082 926 directione
1096 861 1272 943 Praepositae
1286 860 1455 922 subsistunt
1466 858 1543 918 ad

310 960 524 1021 continentiam
541 962 720 1023 servandam
734 971 887 1023 tenentur:
911 970 1035 1042 possunt
1051 960 1143 1035 enim,
1158 957 1319 1037 siquando
1335 955 1537 1017 collibitum

310 1055 409 1131 fuerit,
421 1057 492 1118 inde
506 1078 576 1118 oum
592 1058 670 1119 boni
684 1058 844 1138 superioris
854 1058 942 1118 venii
956 1057 1120 1132 discedere,
1133 1064 1164 1117 et
1176 1052 1368 1115 matrimonio
1384 1073 1417 1113 se
1436 1073 1535 1113 con·

305 1152 446 1234 jungere,
466 1154 566 1216 velud
582 1154 641 1215 alia
656 1173 688 1213 se
702 1154 806 1213 munia
822 1154 978 1215 saecularia
995 1152 1164 1216 transferre.
1208 1151 1246 1211 In
1265 1149 1532 1211 honestissimam

310 1260 341 1309 et
361 1251 511 1312 nobilitati
529 1269 627 1311 raram
641 1249 869 1311 convenientem
886 1250 1069 1325 alimoniam,
1087 1250 1279 1331 imperatores
1297 1246 1406 1306 domus
1424 1246 1529 1307 illiue

310 1345 482 1406 fundatores
509 1365 579 1407 cum
607 1364 753 1405 consensu
782 1345 899 1406 Summi
919 1345 1089 1420 Pontificis,
1105 1343 1331 1425 praeposituram
1352 1344 1525 1423 quandam

309 1442 517 1523 praepinguem
530 1441 742 1521 adjunxerunt,
757 1440 918 1523 multisque
931 1442 1057 1504 indultis
1070 1440 1230 1505 donirnnt.

352 1536 437 1597 Hinc
451 1557 503 1616 per
512 1536 701 1611 Essendiam,
713 1538 869 1600 civitatem
879 1538 962 1599 varii
971 1560 1007 1599 ac
1017 1538 1179 1620 multiplici
1191 1536 1253 1598 fide
1267 1535 1405 1611 divisam,
1416 1537 1518 1617 quip—

309 1635 347 1715 pe
364 1634 395 1693 in
412 1632 472 1712 qni
485 1632 645 1707 Catholici,
663 1632 838 1709 Lutberani,
855 1634 1042 1708 Calvinistae,
1064 1636 1284 1716 Anabaptistae,
1308 1633 1508 1715 Zwingliani,

311 1729 443 1804 Husitae,
461 1730 484 1791 J
487 1730 567 1790 udaei
583 1750 702 1811 quoqne
716 1741 747 1791 et
761 1731 889 1813 gentiles
907 1731 1059 1793 domicilia
1076 1730 1217 1805 fixerunt,
1231 1740 1335 1791 contm
1349 1729 1508 1791 Palatinos

309 1826 443 1888 Comites
464 1826 608 1887 Carolum
634 1828 835 1901 Ludovicum,
858 1838 888 1890 et
912 1828 1078 1891 Robertum
1101 1828 1227 1909 profecti
1250 1846 1362 1888 sumus.
1413 1824 1508 1886 Obsi·

309 1924 420 1984 debant
442 1923 487 1983 illi
511 1933 583 1985 tunc
607 1924 683 1985 forte
705 1924 790 1985 seriis
813 1926 902 2006 plane
924 1927 1080 1987 conatibus
1102 1924 1306 2007 Iemgoviam,
1323 1924 1450 2003 jamque
1472 1922 1506 1982 in

309 2029 449 2100 quartum
470 2019 622 2081 decimum
641 2022 723 2082 diem
743 2042 803 2083 non
820 2023 886 2084 sine
903 2043 956 2104 spe
976 2023 1148 2097 deditionis,
1167 2021 1331 2101 majoribus
1347 2020 1507 2080 tormentis

310 2116 491 2196 quatiebant,
507 2127 537 2176 et
550 2118 666 2177 circum
680 2118 795 2179 vicinas
811 2129 915 2194 terras,
930 2119 1110 2182 intolerabili
1126 2119 1217 2201 prope
1225 2119 1303 2200 jugo
1318 2116 1504 2198 premebant

310 2211 437 2272 Nostros
458 2232 531 2294 ergo
551 2222 586 2275 nt
610 2214 769 2275 Palatinus
792 2215 878 2276 miles
900 2216 1039 2277 Suedicis
1058 2216 1164 2277 mistus
1184 2213 1288 2294 copiis,
1309 2211 1342 2273 in
1363 2212 1505 2293 praelium
1608 2262 1609 2269 ,

309 2316 460 2388 promptos
473 2310 681 2391 approximare
696 2312 860 2393 conspexit,
876 2313 1078 2395 pertinacibus
1089 2312 1198 2374 animis
1207 2332 1245 2373 ne
1259 2311 1366 2392 pedem
1378 2310 1504 2390 quidem

309 2406 436 2488 dempti
449 2407 614 2480 obsidione,
629 2407 781 2469 dimovere
796 2410 952 2481 conclusit,
966 2410 1019 2470 sed
1035 2410 1122 2492 signa
1137 2410 1233 2492 siguis
1246 2427 1405 2489 opponere,
1419 2408 1503 2487 quod

308 2505 400 2564 etiam
415 2514 476 2564 tam
492 2513 663 2564 constanter
679 2514 883 2578 servaverunt,
896 2516 932 2567 nt
944 2506 1109 2586 irruptione
1124 2504 1214 2581 meta,
1228 2514 1362 2566 nostrum
1378 2503 1504 2584 Equita-

308 2611 371 2663 tum
388 2601 582 2681 quantumvis
598 2601 752 2674 selectum,
767 2602 883 2665 duabus
898 2603 1022 2664 omnino
1038 2603 1154 2664 vicibus
1168 2613 1255 2683 terga
1269 2610 1395 2677 vertere,
1411 2610 1444 2662 et
1457 2623 1503 2662 re·

306 2697 438 2778 trogredi
449 2695 638 2776 compulerit,
650 2697 913 2759 exardescentibus
922 2698 1032 2759 deinde
1041 2698 1263 2758 velitationibus
1272 2697 1305 2758 in
1315 2696 1503 2758 luculentum

308 2793 445 2875 pralium
463 2803 523 2854 tam
542 2791 659 2853 fortiter
677 2793 708 2852 in
727 2801 842 2854 nostros
860 2793 966 2875 egerit,
982 2804 1015 2854 ut
1030 2793 1157 2855 victoria
1173 2795 1229 2854 sub
1247 2793 1334 2854 initia
1350 2793 1503 2876 plerisque

306 2910 415 2970 anceps
433 2889 472 2950 sit
488 2889 564 2964 visa,
583 2887 684 2968 quoad
704 2889 826 2950 tandem
846 2890 1017 2950 adversario
1033 2890 1124 2951 militi
1141 2891 1317 2952 nunciatum
1334 2899 1389 2966 est,
1409 2911 1503 2953 novas

306 2987 440 3068 leg-iones
453 2986 485 3046 in
499 2983 726 3047 Hatzseldicnm
739 3005 916 3047 succursum
928 2985 947 3046 d
963 2986 1083 3048 Barone
1095 2987 1134 3048 de
1147 2986 1353 3048 Westerlroldt
1366 2988 1500 3049 adduci:

306 3085 448 3164 quocirca
460 3083 511 3143 ille
525 3081 616 3162 qnam
630 3101 701 3142 mox
714 3081 930 3163 impedimenta
941 3082 1043 3143 omnia
1054 3102 1125 3144 cum
1137 3083 1293 3144 tormentis
1301 3085 1341 3144 ad
1354 3084 1503 3165 oppidum

308 3178 441 3254 Ulothae,
464 3179 495 3239 in
516 3179 660 3240 comitatu
681 3179 941 3261 Ravensbergensi
959 3179 1062 3255 situm,
1083 3180 1276 3262 transportari
1289 3180 1391 3261 jussit.
1442 3181 1504 3242 Cui

306 3275 458 3358 proposito
468 3283 503 3336 ut
514 3285 638 3338 maturae
650 3277 870 3338 contr-eveniret
881 3274 1083 3350 Hatzfeldius‚
1092 3275 1347 3339 Westerholdium
1356 3278 1504 3358 praemisit

306 3389 425 3432 summa
444 3391 515 3432 cnm
535 3370 722 3434 festinatione
744 3371 940 3448 Gosfeldiam,
959 3382 993 3433 nt
1011 3382 1133 3454 pontem
1150 3372 1232 3434 illins
1249 3372 1319 3448 loci,
1340 3393 1501 3454 perquem

306 3467 483 3529 adversaria
509 3467 603 3548 oopiae
634 3478 699 3530 tuto
726 3468 868 3529 Mindam
894 3469 1020 3530 evadere
1040 3470 1214 3550 potuissent,
1237 3469 1339 3550 disjici
1370 3481 1496 3531 curaret

308 3565 370 3626 Hic
393 3565 445 3625 nbi
466 3565 546 3626 vidit
562 3563 654 3626 hostis
675 3584 795 3627 omnem
815 3565 873 3626 sibi
892 3565 1056 3648 effugiendi
1077 3567 1246 3646 praecisam
1267 3585 1331 3628 esse
1349 3567 1438 3641 dam,
1457 3568 1498 3628 ad

306 3662 502 3745 pugnandum
518 3661 630 3744 adjecit
643 3663 768 3738 animos,
784 3681 906 3743 remque
923 3662 1027 3744 pralio
1044 3663 1272 3726 discernendam
1289 3663 1429 3746 suscepit,
1447 3683 1500 3725 ax-
