3225 4700
504 352 908 422 ITINERARIUM.
1230 363 1293 427 369

90 508 169 568 tries
195 508 349 589 geminum
376 508 574 570 homicidium
598 531 651 592 per
674 531 825 571 summum
849 510 946 572 scelus
971 512 1136 576 admissum
1162 526 1227 592 est3
1259 539 1294 579 ac

90 605 233 685 primum
246 607 368 687 quidem
382 617 481 667 ortum
495 608 582 669 duxit
595 629 633 668 ex
647 608 730 682 rixis,
745 627 820 688 quas
831 629 905 688 puer
918 609 1039 689 quidam
1055 613 1150 673 movit
1163 615 1294 688 cellario,

91 703 153 782 qui
168 703 271 762 vinum
286 723 341 784 pro
354 704 454 784 precio
467 706 632 784 promebat,
647 706 721 766 dum
739 706 821 766 enim
836 705 885 767 hic
899 707 1058 786 pecuniam
1072 730 1126 790 pro
1140 711 1211 772 vino
1225 713 1294 773 dato

93 801 206 882 exigit,
222 801 298 861 alter
315 801 441 862 solutam
456 800 546 862 fuisse
562 802 674 876 asserit,
697 810 821 882 uterque
835 802 874 863 ad
888 803 1020 864 convitia
1036 805 1193 869 descendit
1211 820 1241 869 et
1258 830 1295 869 ex

92 895 173 958 hinc
187 897 226 957 ad
238 898 371 958 verbere.
415 897 456 958 Et
468 896 605 959 cellarius
618 898 740 978 quidem
754 899 799 958 ira
812 899 953 980 percitus,
970 911 1088 982 arrepto
1108 924 1197 983 quem
1211 905 1294 966 furor

93 994 270 1073 proximum
285 995 452 1055 obtruserat
462 994 578 1070 malleo,
591 1004 652 1055 tam
663 995 764 1055 valido
774 994 805 1055 in
817 1005 908 1075 caput
921 995 983 1056 ictu
992 996 1091 1069 librat,
1106 1009 1139 1059 ut
1146 1001 1292 1080 juvenem

94 1091 193 1152 etiam
217 1112 299 1152 nunc
321 1091 501 1172 loquentem,
525 1090 676 1173 elinguem
701 1090 816 1165 fecerit,
844 1100 874 1151 et
898 1092 1064 1154 exanimem
1089 1100 1291 1175 prostraverit.

96 1187 269 1249 Homicida
292 1208 362 1250 mox
380 1189 610 1270 comprehensus
630 1199 659 1250 et
682 1188 721 1249 ad
745 1188 897 1250 ulteriores
923 1210 1027 1270 poenas
1050 1195 1219 1256 carceribus
1244 1196 1292 1256 in·

96 1285 213 1346 clusus.

140 1383 280 1444 Alterum
295 1393 449 1444 nocturnae
466 1405 520 1464 per
537 1383 642 1444 urbem
660 1383 856 1465 grassationes
871 1393 902 1445 et
914 1393 998 1445 extra
1012 1385 1133 1446 domum
1152 1387 1292 1449 abnocta-
1398 1406 1400 1412 ’

95 1479 204 1553 tiones,
216 1481 398 1561 praecipnam
414 1481 523 1541 dedere
536 1479 733 1540 occasionem.
769 1480 845 1541 Erat
853 1480 980 1541 Viennae
992 1481 1120 1544 famulus
1135 1485 1182 1564 cuj
1187 1486 1290 1546 usdam

95 1576 205 1636 Aulioi
219 1575 359 1645 Caesarei,
373 1577 426 1657 qui
441 1578 525 1650 dum,
537 1596 576 1636 an
590 1577 609 1636 d
622 1576 755 1637 Domino
770 1578 876 1637 missus
890 1597 927 1636 an
944 1577 1022 1638 ultro
1036 1579 1194 1654 incertum,
1210 1602 1291 1642 com·

96 1674 166 1753 pita
183 1674 312 1744 oberrat,
326 1673 435 1734 incidit
454 1673 527 1734 forte
543 1673 663 1735 fortuna
681 1675 713 1733 in
733 1673 952 1734 adolescentem
972 1675 1149 1748 studiosum,
1164 1678 1291 1740 similem

96 1771 158 1830 sibi
173 1771 444 1844 noctambulonem,
458 1770 518 1843 cui,
530 1781 564 1830 nt
576 1769 751 1850 plerumque
761 1769 839 1830 inter
852 1771 997 1846 ejusmodi
1010 1780 1107 1852 partes
1118 1773 1183 1833 fieri
1201 1784 1290 1849 amat,

97 1868 139 1928 ad
152 1867 219 1928 lites
231 1869 287 1928 sibi
302 1869 472 1941 intentatas,
486 1866 574 1927 facile
587 1867 645 1928 fuit
658 1887 842 1948 responsum,
858 1867 911 1927 sed
924 1865 1023 1927 forsan
1041 1869 1183 1948 asperius,
1198 1873 1292 1951 quod-

96 1985 158 2044 que
176 1973 324 2047 pungeret
342 1963 500 2033 famulum,
520 1964 574 2044 qni
594 1984 664 2024 cum
684 1963 763 2046 aegre
781 1964 941 2024 sustineret
956 1964 1044 2024 etiam
1062 1967 1126 2026 sine
1146 1967 1292 2048 sanguine

97 2061 210 2123 vulnus
223 2063 391 2137 innoxium,
411 2061 544 2144 gladium
564 2060 672 2134 vibrat,
687 2081 847 2141 reposcens
866 2080 920 2142 pro
932 2061 1037 2143 jurgio
1056 2064 1242 2144 sanguinem,
1256 2085 1291 2125 ac

98 2158 222 2238 gemina
236 2159 365 2240 primum
380 2158 468 2240 plaga
481 2157 616 2239 punctim
631 2156 714 2218 illata
729 2157 854 2232 sauciat,
870 2179 906 2218 ac
923 2180 993 2220 mox
1008 2159 1109 2220 caesim
1124 2160 1212 2220 tertia
1229 2171 1292 2222 stu-

98 2256 218 2316 diosum
237 2265 383 2316 cruentat.
427 2256 491 2316 Hic
512 2255 586 2316 dam
608 2255 684 2315 scrib
705 2275 768 2315 rem
789 2254 841 2336 agi
856 2255 949 2332 ridet,
965 2266 995 2317 et
1015 2277 1103 2338 porro
1117 2257 1226 2319 instare
1244 2259 1290 2319 sui

99 2374 314 2435 percussorem,
329 2353 369 2414 ad
382 2374 465 2413 arma
478 2372 597 2434 quoque
610 2372 675 2426 sua,
690 2372 756 2432 que
769 2353 799 2413 in
815 2364 955 2435 promptu
965 2354 1088 2429 ferebat,
1101 2376 1222 2416 manum
1236 2357 1291 2417 ad-

98 2460 211 2525 movet,
226 2450 287 2510 vim
303 2451 334 2510 ri
348 2449 529 2529 repulsurus,
542 2450 625 2530 quod
641 2450 713 2509 dum
723 2449 794 2510 facit
807 2450 890 2511 haud
906 2451 1077 2531 interposita
1087 2471 1171 2512 mora
1180 2452 1292 2533 triplici

100 2548 225 2609 vulnere
237 2546 382 2607 famulum
401 2545 545 2621 confodit,
564 2556 594 2606 et
611 2546 713 2607 evitat.
757 2546 774 2604 I
792 2568 874 2607 nunc
890 2558 920 2607 et
934 2548 1015 2609 disce
1029 2568 1096 2628 quae
1107 2569 1207 2609 secum
1222 2570 1292 2610 noo·

100 2655 198 2705 turnae
212 2664 249 2705 ac
263 2644 479 2723 intempestivas
493 2664 547 2723 per
560 2643 663 2703 urbem
678 2644 878 2721 evagationes,
893 2643 988 2705 ferant
1001 2644 1209 2705 emolumenta.

138 2741 207 2801 Non
222 2762 285 2802 esse
305 2752 480 2822 perpetuum
496 2740 720 2801 firmamentum
742 2752 830 2801 terrae
844 2741 947 2801 docuit
962 2751 1070 2802 octava
1083 2742 1198 2822 Aprilis
1212 2743 1291 2804 Tau-

100 2838 200 2898 rinum
213 2838 330 2899 Montis
345 2838 461 2899 Ferrati
474 2838 591 2906 civitas,
606 2856 696 2916 quam
710 2836 765 2896 sub
778 2837 842 2916 ejus
857 2837 916 2897 diei
930 2857 1082 2919 vesperam
1098 2839 1291 2919 gravissimus

98 2947 188 2995 terre
202 2946 300 2995 motus
314 2936 474 3007 concussit,
489 2935 532 2996 ita
545 2943 578 2994 ut
591 2933 701 2994 multas
717 2933 815 2994 subitb
830 2936 909 2995 aedcs
928 2944 957 2995 et
975 2954 1063 3015 supra
1080 2933 1161 2995 mille
1178 2936 1293 2998 soenilia

100 3032 225 3092 immani
241 3031 453 3115 indigenarum
470 3041 582 3092 terrore
602 3041 631 3091 et
644 3040 726 3091 metu
742 3030 890 3091 everterit.
935 3030 1060 3110 Peperit
1072 3030 1137 3092 haec
1151 3032 1206 3092 soli
1221 3054 1292 3093 con·

99 3130 197 3189 cuseio
210 3128 293 3190 tantb
308 3129 451 3210 majorem
469 3127 752 3201 consternationem,
765 3127 880 3208 quanto
893 3128 1059 3188 minoribus
1075 3128 1194 3189 indiciis
1213 3128 1291 3190 cladi

99 3225 242 3307 praelusit.

140 3322 208 3384 Nec
229 3322 418 3384 Iombardiae
432 3321 553 3385 firmum
573 3325 631 3386 suit
650 3325 758 3398 solum,
774 3341 864 3403 quam
880 3320 1006 3381 eandem
1022 3321 1186 3382 saevissima
1204 3330 1290 3383 terroe

98 3418 259 3499 trepidatio
273 3419 396 3492 invasit,
407 3440 443 3480 ex
457 3440 519 3501 qua
530 3420 669 3502 plurimae
679 3423 758 3483 tedes
768 3420 917 3480 subverse
930 3426 1011 3492 sunt,
1022 3425 1051 3478 et
1064 3418 1124 3478 alia
1137 3438 1197 3477 non
1212 3416 1291 3478 levia

99 3515 436 3578 damnasuccesserunt.
889 3532 892 3538 '

141 3612 223 3673 illud
247 3633 366 3694 quoque
388 3614 556 3675 ominosum
579 3614 719 3675 Saxoniae
743 3612 812 3683 snit,
836 3610 956 3692 quando
981 3614 1012 3671 in
1034 3608 1147 3691 templo
1172 3609 1291 3671 Sanotae

100 3708 208 3771 Crucis
223 3710 341 3776 Drestae
360 3710 481 3792 signum
497 3710 626 3773 militare
646 3710 786 3792 lugubre,
799 3709 883 3791 qnod
898 3707 1043 3769 Generali
1057 3706 1195 3768 Caesareo
1209 3706 1291 3765 Arn-

668 3811 686 3868 3
702 3828 721 3867 s
