3225 4700
353 262 418 328 304
750 258 1148 329 ITlNEltARIUM.

302 437 308 446 ·
355 420 509 483 Praetoriae
522 418 647 502 legionis
661 417 790 494 Ductor,
811 419 991 501 Rudolphus
1010 420 1264 498 Birclrenfeldius,
1282 420 1441 486 Janislaus
1465 421 1577 503 Kyn-

354 518 465 591 sckius,
485 526 515 578 et
536 515 708 577 Gulielmus
729 514 957 599 Hockingerus.

393 613 461 674 Hos
485 612 702 673 comitabantur
727 613 891 674 earundem
917 612 1080 696 legionum,
1104 613 1204 675 locum
1228 622 1372 687 tenentes,
1394 614 1577 677 Colonelli

352 718 489 790 quatuor,
504 707 646 770 Praefecti
658 708 730 777 item
744 706 857 790 vigiliis
870 709 1002 789 supremi
1016 718 1086 785 tres,
1100 708 1209 791 viginti
1226 719 1285 771 tres
1303 711 1427 792 iusuper
1442 718 1572 771 centu·

288 811 293 827 “
351 807 449 867 riouas
462 806 606 886 equitum.
649 804 691 866 Et
704 805 782 865 iuter
796 803 851 864 hos
867 804 1090 867 Illustrissimus
1109 804 1249 867 Marchio
1269 806 1475 869 Durlaceusis
1496 806 1571 868 Ca·

351 901 431 963 rolus
446 902 590 983 Magnus,
608 900 718 981 aliique
736 899 825 961 facile
843 907 963 961 centum
981 900 1139 962 officiales:
1167 903 1322 985 gregarius
1339 902 1428 963 miles
1451 902 1570 963 mille·

351 998 470 1058 uarium
485 1017 641 1058 numerum
660 996 819 1058 excessisse
836 995 967 1069 dicitur:
987 997 1039 1058 ubi
1058 998 1098 1059 ad
1116 999 1197 1060 urhis
1216 1008 1316 1079 portas
1333 999 1563 1072 substiterunt,

350 1115 389 1155 ua
402 1093 527 1155 confuso
541 1094 647 1155 ordina
664 1092 861 1167 incederetur,
881 1092 979 1153 risum
996 1101 1042 1154 est
1059 1094 1198 1155 ordinare
1215 1094 1297 1156 hunc
1311 1095 1342 1156 in
1356 1096 1492 1157 modum
1507 1097 1562 1156 in-

349 1211 495 1272 gressum,
513 1199 547 1251 ut
566 1189 707 1272 praeirent
725 1188 767 1249 52
783 1187 903 1249 circiter
922 1189 1104 1269 cataphracti
1121 1190 1246 1270 equites,
1267 1190 1322 1251 hos
1340 1191 1428 1271 equis
1452 1192 1558 1252 etiam

348 1288 489 1348 sublimes
501 1292 693 1365 sequerentur
703 1281 845 1345 Marchio
856 1284 1003 1347 Badensis
1014 1306 1104 1367 supra
1112 1287 1283 1347 nominatus
1294 1306 1362 1348 curn
1374 1287 1558 1369 Schlanglo

348 1385 401 1465 qui
415 1384 567 1445 sinistrum
581 1380 725 1461 principis
738 1378 816 1441 latus
830 1379 966 1461 stipabat,
981 1381 1051 1443 istos
1065 1401 1141 1463 poue
1159 1382 1178 1443 h
1191 1391 1276 1463 tergo
1293 1383 1474 1463 premebant
1486 1394 1554 1444 tres

347 1480 399 1540 alii
408 1482 472 1560 jam
487 1478 560 1540 dicti
575 1476 722 1540 Oolonelli
736 1495 804 1536 cum
818 1475 884 1539 aliis
897 1478 1055 1559 praecipuis
1068 1478 1244 1540 officialibus
1256 1478 1381 1560 captivis
1394 1480 1551 1539 succede-

347 1577 420 1637 bant
439 1576 508 1637 dua
525 1573 677 1635 Centuriae
697 1572 965 1653 cataphractorum.
1014 1574 1135 1656 Captivi
1154 1594 1224 1636 vero
1243 1576 1351 1657 reliqui
1368 1576 1504 1637 inermes
1527 1576 1549 1637 h

347 1673 461 1753 reliquo
473 1672 568 1734 milite
580 1672 811 1733 deducerentur.
856 1671 1100 1752 Quamprimum
1118 1671 1198 1733 iutra
1214 1673 1319 1733 urbem
1337 1671 1464 1733 admissi
1477 1671 1547 1732 fue·

347 1778 418 1830 runt
429 1768 517 1851 signa
530 1768 678 1848 equestria
691 1768 728 1829 ab
742 1769 920 1831 adversariis
939 1768 1059 1830 obtenta
1076 1768 1115 1829 ad
1132 1769 1228 1829 aedem
1242 1767 1418 1849 Principem
1438 1768 1545 1829 delata

254 1854 257 1868 ¹
346 1874 425 1926 sunt.
466 1863 588 1945 Captivi
608 1864 678 1926 verb
699 1866 730 1925 in
751 1866 885 1928 diversas
902 1866 1007 1927 domos
1029 1874 1060 1927 et
1080 1864 1229 1927 custodias
1248 1864 1393 1946 tantisper
1411 1865 1542 1927 deducti

345 1961 444 2042 quoad
463 1961 504 2023 27
523 1960 629 2022 Martii
648 1959 756 2022 devehi
776 1963 908 2025 secundo
924 1961 1067 2023 Danubio
1084 1969 1204 2042 possent
1220 1960 1370 2021 Viennam
1389 1962 1538 2023 Austriae.

346 2057 454 2119 Placet
460 2054 517 2117 hoe
524 2055 590 2117 loco
598 2064 737 2131 attexere,
748 2077 816 2138 quae
826 2059 976 2134 lemmata,
986 2057 1148 2139 precipuis
1157 2056 1275 2119 vexillis
1282 2077 1320 2118 ex
1332 2056 1539 2139 Schlaugiaua

344 2152 429 2215 clade
443 2151 608 2233 reportatis,
622 2152 766 2236 inscripta
777 2153 899 2215 fuerint.

384 2249 479 2331 Signa
491 2246 654 2309 universim
669 2248 775 2309 vicena
791 2269 810 2309 a
824 2248 970 2311 Casareis
985 2249 1106 2311 obtenta
1125 2248 1251 2311 fueraut.
1293 2250 1405 2311 Eorum
1425 2249 1536 2329 praeci·

342 2365 436 2427 puum
449 2365 486 2406 ex
500 2365 560 2406 una
572 2355 655 2425 parte
668 2344 747 2407 hanc
759 2345 982 2427 inscriptionem
996 2346 1117 2408 serebat
1158 2346 1262 2408 Virtus
1275 2367 1346 2408 vera
1354 2344 1536 2407 nobilitas—

343 2443 392 2503 Ex
405 2440 658 2503 adversa-cum
673 2442 742 2502 Deo
756 2451 787 2504 et
803 2442 986 2504 Victricibus
1005 2441 1284 2503 armis-Alterum
1300 2441 1473 2504 ostendebat
1493 2463 1533 2502 ex

341 2538 399 2600 hac
412 2537 487 2599 facie
501 2545 559 2598 stat
576 2538 606 2599 iu
621 2538 753 2619 potentia
767 2538 838 2613 Dei,
853 2558 890 2599 ex
903 2537 1075 2598 altera-Iu
1093 2537 1150 2599 hoc
1168 2538 1254 2621 signo
1271 2537 1450 2598 vinces-Iu
1470 2538 1531 2599 alio
1576 2591 1577 2620 p

341 2633 495 2716 legebatur
515 2653 552 2694 ex
572 2655 634 2695 uuo
653 2634 836 2695 latere-In
856 2635 989 2696 Nomine
1011 2635 1071 2695 Dei
1090 2634 1190 2696 Patris
1210 2645 1240 2696 et
1259 2633 1329 2694 Filii
1348 2642 1379 2695 et
1399 2633 1529 2715 Spiritus
1576 2623 1577 2694 l

343 2729 445 2792 Sancti
466 2728 561 2790 hostes
577 2740 693 2792 nostros
710 2731 989 2813 aggredimur-ex
1008 2730 1304 2803 altero,-Domine,
1325 2730 1456 2791 Dextera
1476 2741 1529 2792 tua

341 2826 436 2888 vincit
448 2825 556 2887 hostes.
579 2826 725 2899 Quartam
738 2827 884 2888 referebat
897 2825 968 2886 hinc
981 2826 1249 2906 quidem-Quod
1263 2827 1361 2888 secero
1372 2829 1525 2889 sectamini

340 2921 496 2984 -Isthiuc
516 2921 758 2983 vero-Gladius
778 2921 904 2983 Domini
921 2931 951 2982 et
970 2921 1106 2983 Gedeon.
1149 2921 1315 2995 Quinctum
1332 2925 1523 3004 spectandum

339 3019 489 3101 praebebat
505 3017 536 3078 in
554 3017 646 3098 priori
663 3015 949 3096 facie—Persequar
967 3017 1105 3078 inimicos
1123 3037 1213 3093 meos,
1229 3018 1260 3078 iu
1277 3019 1444 3099 posteriore,
1458 3011 1522 3082 Do·

338 3115 419 3175 mine
433 3114 452 3175 h
465 3134 512 3174 me
525 3123 620 3175 stante
634 3134 695 3174 non
708 3113 830 3174 timebo.
871 3112 911 3172 In
930 3122 1012 3175 sexto
1029 3114 1375 3176 videbatur-Audaces
1393 3115 1519 3177 Fortuna

332 3209 588 3291 juvat-Et-Tu
600 3220 706 3271 contra
718 3209 875 3271 audentior
888 3209 940 3269 ito.
983 3209 1150 3292 Septimum
1162 3208 1319 3272 exhibebat
1333 3211 1517 3292 Epigraphen

336 3307 455 3367 -ὲῦιιιιι
471 3307 538 3366 Deo
551 3314 581 3368 et
592 3306 766 3368 uictricibus
784 3305 875 3366 armis
892 3314 923 3366 et
939 3306 1119 3367 certantibus
1138 3305 1262 3368 offertur
1279 3306 1421 3368 Victoria.
1458 3309 1516 3370 Oc·

226 3388 234 3402 ⁹
336 3414 436 3465 tarum
450 3401 493 3463 ita
505 3401 830 3490 loquebatur,-Corde
843 3400 939 3462 clamo
953 3411 983 3463 et
996 3401 1133 3462 manibus
1146 3422 1256 3483 pugno.
1298 3402 1420 3465 Nonum
1436 3404 1513 3465 deui-

334 3520 392 3581 que
410 3518 447 3561 ex
460 3496 557 3579 prima
573 3492 650 3560 facie
668 3496 1057 3580 praeferebat—Praecinit
1074 3517 1122 3559 me
1140 3498 1251 3560 virtute
1269 3499 1309 3560 ad
1326 3499 1511 3562 bellum-ex

332 3591 789 3672 secunda-dehoramemento
799 3593 868 3682 mei.
910 3592 1176 3656 Morabatiuterea
1186 3593 1342 3657 Generalis
1352 3595 1509 3657 Bauucrius
