3225 4700
184 991 402 1063 LECTORI
424 991 689 1063 BENEVOLO
711 993 775 1060 ΕΤ
796 992 880 1063 PIO
902 991 1074 1063 PAOEM
1094 992 1159 1060 ΕΤ

400 1157 635 1228 SALUTEM
657 1161 712 1228 IN
734 1158 943 1231 DOMINO.

124 1378 127 1383 ¹
178 1364 209 1387 Ι
223 1374 237 1399 ”
266 1414 286 1464 ς
322 1394 420 1456 ‘UID
440 1396 516 1454 enim
534 1393 686 1466 malevola,
705 1401 736 1451 et
754 1391 861 1450 studiis
879 1390 988 1449 nastris
1009 1389 1156 1449 centraria
1174 1397 1271 1465 optem

112 1488 120 1495 ’
293 1488 307 1517 ”
351 1491 477 1568 paean?
504 1511 570 1550 cum
589 1509 673 1550 sacro
693 1488 807 1566 eloquia
826 1495 988 1546 attestante
1007 1486 1105 1562 impiis
1123 1487 1210 1544 nulia
1230 1487 1271 1544 sit

301 1592 318 1637 θ
351 1609 424 1666 pau.
468 1588 522 1648 Illi
541 1588 635 1667 icitur
654 1587 706 1664 qui
725 1605 820 1643 meam
839 1581 1030 1642 insectabitur
1047 1582 1193 1644 scribendi
1212 1602 1271 1641 me·

357 1687 476 1746 tiadum
489 1695 520 1745 et
533 1687 685 1754 rationem,
699 1703 757 1742 non
770 1701 856 1740 vauca
868 1680 963 1753 aliud,
976 1681 1034 1738 nisi
1046 1700 1121 1758 quas
1133 1681 1270 1758 ipsejum

95 1802 98 1817 ·
119 1766 211 1829 an-
252 1754 313 1827 Αἰ)
357 1784 454 1841 animo
464 1783 554 1860 sanet
573 1781 674 1840 turbas
694 1788 724 1839 et
740 1777 981 1856 inquietudinem.
1023 1777 1209 1852 Scripserunt
1225 1779 1271 1836 cit

76 1876 135 1952 jam
142 1876 245 1952 plures
259 1879 317 1936 alii
331 1879 368 1938 de
388 1879 475 1948 betto,
487 1898 575 1955 opera
591 1879 649 1937 illa
666 1885 855 1953 sumptusque
868 1873 1001 1932 rectius
988 1893 1021 1931 m
1036 1873 1112 1932 aiios
1123 1875 1271 1950 impende·

83 1981 177 2030 rentur
201 1992 285 2032 usus.
330 1975 395 2034 Tibi
419 1975 581 2053 quidems
570 1995 601 2032 sn
622 1993 708 2051 quens
731 1973 810 2031 voles
831 1970 973 2045 labarum,
1001 1979 1083 2028 nam
1108 1971 1270 2046 impendere

85 2087 192 2144 mss
205 2072 354 2148 intepnsm
367 2073 417 2144 sit,
431 2072 504 2130 miii
517 2071 652 2130 haustus
668 2071 723 2128 iste
736 2069 853 2127 uidetur
869 2066 962 2140 labar,
975 2067 1028 2144 qui
1041 2087 1098 2126 non
1112 2068 1148 2126 de
1158 2068 1271 2143 polien-

84 2165 231 2242 disemis,
249 2187 317 2246 quoe
335 2169 421 2227 nulla
437 2188 507 2248 pera
521 2169 579 2226 nisi
593 2165 775 2244 spiritualia,
788 2184 846 2222 nan
863 2163 900 2221 dc
917 2183 1018 2238 usare,
1030 2185 1120 2242 quam
1134 2165 1207 2223 mila
1222 2165 1270 2223 ui-

87 2261 176 2322 trcned
194 2263 258 2342 ispe
277 2266 464 2325 interdictam
481 2261 733 2338 valencenenses,
749 2281 806 2321 non
825 2261 862 2318 de
879 2259 1020 2319 calicibus
1037 2279 1128 2336 supra
1141 2261 1270 2319 &ditum

85 2362 269 2433 exsiccandis,
288 2364 367 2441 quad
385 2365 565 2423 honestatem
582 2362 710 2434 dedecet,
727 2360 977 2435 sacerdotiumque
996 2378 1090 2416 meum
1105 2358 1270 2432 dedecorat,

84 2454 162 2513 debeo
175 2476 234 2516 esse
248 2458 404 2516 sollicitus.
447 2458 496 2517 De
509 2466 627 2534 sumptu
641 2476 677 2515 ne
696 2456 820 2530 labores,
832 2474 896 2512 cum
909 2454 963 2513 iile
975 2475 1033 2514 nan
1052 2464 1101 2514 tua
1117 2457 1272 2532 impendia,

85 2552 131 2608 sed
141 2551 278 2612 mnarum
291 2563 321 2613 et
332 2554 531 2613 benevolorum
538 2554 665 2613 uirorum
672 2552 773 2630 qratia
782 2561 967 2628 supperatur.
1008 2552 1271 2614 Absoiuamcmnia

82 2650 188 2721 paucis,
201 2650 247 2709 ita
265 2650 337 2709 miii
357 2649 476 2709 lubebat
493 2658 522 2708 et
540 2650 643 2726 volupe
659 2657 735 2724 erat,
748 2648 826 2707 itanc
836 2648 1021 2724 pecuniolam
1035 2670 1099 2727 que
1113 2650 1206 2709 irenis
1216 2652 1269 2709 ad·

86 2746 189 2804 madm
195 2747 278 2824 suit,
291 2768 349 2806 non
362 2748 393 2805 in
406 2748 500 2806 alium
514 2748 601 2825 qndm
620 2748 696 2805 isunc
713 2765 797 2804 usum
810 2746 964 2805 collacare.
1012 2746 1098 2813 Quod
1106 2747 1171 2805 veri
1184 2735 1271 2807 multi

86 2841 180 2901 atiide
194 2844 281 2904 bellis
299 2846 389 2904 uariis
403 2845 573 2921 scripserint
591 2845 738 2915 historias,
752 2843 785 2901 id
799 2842 916 2920 quidem
929 2862 986 2901 non
1004 2862 1068 2901 sum
1085 2846 1207 2919 nescius,
1219 2847 1273 2904 scd

85 2948 111 2996 et
121 2939 198 2998 iilud
209 2942 371 3012 certeseia,
384 2940 500 2999 nullum
518 2942 574 2999 leuc
587 2960 679 3019 usque
693 2960 787 2999 meum
799 2941 868 3009 iter,
881 2941 960 3018 quad
971 2940 1024 2999 icoc
1037 2942 1272 3001 commentariolo

85 3038 242 3115 complexus
250 3058 326 3111 sum,
336 3040 491 3115 scripsisse.
530 3039 620 3107 Dein,
631 3038 799 3114 scripserint
811 3039 877 3109 alii,
888 3046 918 3096 et
927 3058 978 3114 epo
989 3036 1125 3113 scribam,
1137 3048 1166 3097 tc
1175 3060 1270 3118 quan·

85 3134 192 3204 tumen,
205 3130 221 3191 ό
234 3133 329 3207 Zoiie,
341 3132 579 3191 contradicente:
601 3132 717 3210 quodsi
731 3131 863 3191 libellum
877 3154 970 3191 meum
984 3133 1079 3211 lepere
1094 3136 1182 3206 nolis,
1195 3136 1271 3215 abji-

85 3230 151 3301 cias,
165 3230 245 3301 licet,
256 3250 313 3288 nem
331 3229 395 3288 idea
409 3238 487 3288 totus
500 3238 629 3307 quantus
644 3248 761 3305 pessum
775 3228 842 3302 ibit,
856 3239 943 3289 erunt
955 3230 1007 3307 qui
1022 3232 1171 3290 summitti
1184 3233 1271 3291 Ιιοηο-

84 3346 138 3383 rem
151 3328 285 3402 sacient,
301 3336 336 3386 ut
356 3326 456 3404 tepent
474 3335 504 3385 et
518 3325 654 3403 prodent.
695 3324 763 3396 Sed,
782 3327 916 3403 inscripsi
933 3328 994 3385 uiro
1009 3328 1028 3385 d
1045 3329 1151 3387 nostris
1166 3329 1271 3387 castris

85 3422 175 3481 etiem
188 3434 218 3483 et
231 3426 372 3484 esterna?
393 3424 495 3483 Recte.
516 3423 596 3490 Quid
606 3423 671 3482 ueri
686 3423 738 3481 noc
751 3432 805 3481 tua
819 3425 951 3497 interest,
964 3434 995 3483 et
1009 3426 1056 3484 cui
1069 3426 1170 3496 atteri,
1183 3426 1270 3503 qudm

85 3520 140 3577 uiro
152 3520 183 3579 in
192 3524 299 3597 mucis
314 3522 450 3593 humano,
465 3522 676 3580 humanitatem
690 3521 766 3580 iane
779 3522 923 3598 deferam,
937 3523 986 3581 cui
1001 3522 1179 3581 Butleriana
1186 3522 1271 3598 saci-

87 3636 162 3691 ncru,
175 3621 262 3697 quim
276 3622 410 3691 Butlero,
420 3621 472 3699 qui
483 3618 513 3675 in
521 3626 637 3695 partem
648 3626 677 3676 et
687 3616 824 3675 amicitia
835 3626 864 3674 et
872 3617 1023 3694 sanquinis
1033 3625 1064 3676 et
1073 3618 1171 3675 laudis
1179 3618 1270 3690 uenit,

87 3714 255 3775 inscribam?
272 3722 320 3777 cui
329 3716 468 3777 bellorum
477 3722 660 3773 externorum
672 3732 817 3772 successus
828 3714 979 3791 eepiicem,
990 3715 1047 3771 nisi
1056 3715 1108 3791 qui
1116 3733 1164 3772 eos
1172 3734 1269 3773 caram
