3225 4700
340 316 404 381 tto
736 308 1136 381 iustissimum.

381 473 502 535 queto
509 471 645 533 cnoro
658 470 800 552 presidio
813 479 1017 533 snooerrerunt
1029 470 1062 535 in
1077 470 1180 531 urbem
1194 468 1253 531 trie
1264 466 1360 531 millis
1370 476 1436 530 tem
1448 468 1531 548 pedi·

339 580 414 644 tum,
438 568 530 649 quim
552 566 698 646 equitum,
718 567 828 646 qulbus
851 568 1008 648 praeleotur
1031 584 1100 629 oum
1126 566 1252 649 imperio
1278 566 1336 627 init
1355 562 1529 627 colonellas

339 664 471 739 Wenolr,
485 664 534 725 vir
545 663 578 723 in
591 662 693 745 perrois
706 662 837 745 vigilans
849 672 879 724 et
891 671 1039 737 strenuus,
1054 663 1108 745 qui
1126 682 1221 745 nuper
1235 662 1363 725 Gorlizii
1379 661 1531 723 fortitudi-

339 784 409 824 nom
428 781 513 825 suem
534 761 721 842 probaverat,
735 768 766 821 et
784 768 859 821 tuno
879 758 955 821 sorti
971 759 1160 821 Schweinizii
1179 760 1357 841 imperebot,
1371 757 1454 819 unde
1473 756 1531 817 huo

338 867 479 921 evooetus
491 866 544 919 est
574 856 647 932 Qui,
657 866 692 918 ut
700 856 827 940 appulit,
836 855 921 919 nulls
933 856 1028 937 posite
1040 876 1124 918 more
1136 857 1269 921 enimum
1281 856 1323 917 ed
1335 853 1533 915 muniendum

338 957 442 1016 urbem
455 954 575 1035 edjeeit,
589 973 625 1014 eo
642 953 739 1035 primb
753 954 877 1033 quidem
893 954 1035 1016 suburbio
1052 952 1165 1015 exussit
1183 970 1251 1032 ques
1263 952 1444 1013 videbentur
1463 949 1532 1030 plur

337 1049 522 1111 incommodi
541 1068 632 1129 quem
649 1048 843 1111 emolumenti
856 1068 909 1110 ruo
922 1048 1056 1110 instituto
1068 1048 1205 1110 elleture.
1231 1046 1355 1127 'l‘emplo
1363 1066 1435 1109 vero
1442 1046 1528 1106 P.P.

338 1146 562 1227 Cepueinorum
575 1146 607 1209 in
622 1145 880 1228 propugueonlum
893 1144 1002 1207 ebusus
1013 1154 1067 1206 est.

378 1242 500 1304 Dehine
513 1242 532 1303 d
544 1242 659 1305 uiribus
672 1242 811 1307 immunis
824 1240 959 1322 peounlos
969 1261 1096 1317 summe,
1104 1260 1159 1323 pro
1167 1240 1324 1303 liberende
1336 1240 1374 1301 eb
1386 1239 1531 1304 inoendio

336 1340 410 1400 urbe
421 1348 526 1401 exeote
537 1347 592 1399 est.
623 1334 782 1401 'Bellioom
795 1336 995 1420 provisionem
1008 1337 1090 1418 quod
1105 1346 1229 1417 rpeotet,
1243 1337 1411 1419 magnerio
1424 1356 1528 1397 rerum

336 1436 471 1497 omnium
484 1443 600 1515 reperte
611 1443 665 1507 est,
677 1434 720 1495 ite
731 1444 767 1495 ut
778 1434 936 1515 plumbum
950 1444 1054 1515 quster
1067 1432 1149 1498 mille
1158 1433 1344 1498 eenunuios
1356 1432 1528 1507 erossrsrit,

335 1540 443 1613 preter
454 1530 520 1591 hoeo
532 1529 752 1613 qninquaginta
760 1530 832 1591 novi
845 1550 951 1591 ourrus
961 1529 1090 1606 lnreeti3
1111 1528 1241 1597 vestium
1250 1529 1380 1611 provisio
1391 1529 1527 1610 quinque

335 1626 467 1688 millibus
485 1625 615 1692 mffinm
632 1626 795 1688 vestiendis
813 1626 988 1688 suffioiebet.
1030 1626 1101 1687 l'rie
1123 1626 1244 1708 insuper
1264 1644 1409 1707 equorum
1430 1624 1531 1687 millie

334 1732 492 1785 numerate
504 1722 585 1784 intre
596 1723 716 1785 moenie.
748 1722 822 1784 Non
836 1722 886 1783 blo
899 1722 1063 1805 tergorini
1073 1724 1274 1805 frumentique
1287 1740 1527 1803 sueonumque

334 1818 427 1880 tidem
438 1829 471 1881 et
481 1820 632 1887 oelodom
645 1838 737 1903 prope
748 1820 884 1881 enoesrit.
922 1818 1049 1881 Oollete
1060 1818 1099 1879 ed
1108 1820 1212 1885 urbem
1223 1819 1417 1881 muniendum
1426 1837 1527 1899 opere

333 1918 413 1975 2000
421 1914 500 1977 viros
512 1916 646 1998 quotidIo
659 1918 829 1998 sequebent,
838 1918 891 1999 qul
901 1916 1017 1979 lubores
1029 1917 1234 1999 partiebantur
1246 1916 1325 1979 inter
1337 1937 1378 1993 re,
1393 1924 1425 1979 st
1436 1916 1527 1979 elter-

333 2013 445 2075 uebeut
457 2013 549 2073 vines.

373 2108 453 2169 Her
474 2107 548 2171 dunt
561 2106 709 2170 Olomntii
725 2118 871 2190 gemntnr
886 2110 1140 2172 Dorstensolmius
1156 2120 1255 2173 oertn
1268 2110 1404 2172 Brunem
1420 2130 1524 2172 more-

331 2214 389 2279 ret,
402 2205 483 2267 unde
503 2204 679 2285 primatibus
690 2203 838 2266 Moreviae
858 2204 954 2267 solvus
969 2208 1110 2289 guardien
1127 2206 1277 2282 efferebat,
1296 2225 1364 2287 quse
1383 2214 1487 2269 temen
1504 2209 1522 2268 l

330 2302 435 2383 peuoir
448 2300 585 2363 edmiue
598 2308 685 2378 runt;
706 2298 760 2363 sed
772 2320 829 2364 neo
841 2303 960 2365 edmlttl
973 2312 1120 2385 poterent,
1131 2312 1213 2367 metu
1231 2303 1378 2366 exereitus
1392 2302 1522 2387 Imperi·

330 2397 395 2471 elis,
410 2417 499 2478 quem
513 2397 735 2464 Ploolosninons
754 2397 914 2481 oollegeret
933 2409 964 2461 st
981 2400 1022 2462 ed
1040 2401 1202 2462 duodeoim
1221 2401 1318 2462 millis
1336 2401 1521 2462 extenderet.

332 2493 393 2554 Hir
405 2495 612 2576 sejunxerunt
623 2503 752 2576 quetuor
763 2495 899 2576 equitum
918 2496 1222 2578 ooteplrreoteriorem
1236 2497 1331 2559 millio
1342 2515 1417 2578 quos
1430 2495 1522 2559 Colo·

329 2588 427 2650 nellus
440 2590 504 2671 Soy
515 2590 576 2653 huo
588 2611 683 2672 usque
695 2591 829 2654 duxeret.
871 2592 917 2654 Hi
930 2593 1003 2660 dum
1017 2592 1119 2676 Prsge
1130 2601 1352 2674 trmseuutper
1368 2611 1519 2654 summum

329 2685 518 2748 insolentium
535 2687 567 2748 in
584 2687 701 2768 prodes
712 2687 811 2764 effusi,
834 2709 909 2770 quer
927 2689 1000 2751 dum
1023 2689 1105 2755 eires
1118 2689 1241 2771 impune
1261 2689 1312 2772 egl
1329 2688 1520 2750 enimsdrer-

330 2789 408 2856 tunt,
421 2783 584 2865 ridentque
596 2802 747 2865 supremos
756 2786 917 2848 oonnivere
930 2785 979 2849 vel
994 2785 1097 2848 saltem
1118 2805 1179 2848 non
1196 2805 1377 2869 magnopere
1392 2799 1422 2847 et
1439 2787 1521 2848 serio

329 2877 455 2953 obstare,
477 2879 534 2959 ipsi
547 2899 666 2960 quoque
678 2879 718 2940 ed
731 2900 815 2945 erem
828 2891 1053 2953 oonourrsruut
1067 2891 1098 2943 ot
1110 2881 1173 2944 vim
1185 2881 1217 2943 vl
1230 2891 1422 2964 opponentes,
1438 2881 1520 2943 mul·

328 2983 374 3035 tos
388 2975 515 3036 militnm
529 2976 782 3037 eontruoiderunt.
826 2976 1010 3059 Improbuvit
1024 2977 1155 3043 militnm
1168 2977 1333 3053 licendum,
1354 2978 1407 3040 ubi
1427 2978 1518 3040 iutel-

327 3068 412 3144 lenit,
435 3069 670 3146 Ploolomineue,
691 3081 722 3132 et
734 3072 767 3132 in
783 3073 906 3134 Dnoum
920 3073 1138 3159 indulgentiam
1152 3073 1288 3137 invectus
1300 3082 1353 3150 est,
1375 3084 1464 3155 etque
1483 3083 1517 3136 ut

328 3162 445 3226 civibus
465 3165 655 3241 mtisfeoeret,
678 3165 956 3230 Iocum-tenentem
970 3169 1119 3238 Colonelli
1132 3171 1156 3234 J
1159 3191 1221 3252 ung
1238 3171 1334 3253 globis
1354 3171 1515 3252 trsjootum

327 3257 418 3340 pleoti
430 3260 535 3336 voluit,
551 3281 721 3343 supremum
734 3262 807 3324 verb
820 3263 932 3345 vigiliis
944 3266 1128 3347 preibotum,
1145 3289 1182 3330 ex
1196 3269 1300 3329 eedem
1318 3265 1447 3350 logione,
1468 3268 1513 3328 le·

190 3399 194 3432 ,
326 3374 404 3436 queo
426 3353 574 3432 suffocari,
595 3357 631 3418 eb
653 3358 736 3438 quod
754 3367 785 3419 et
804 3359 863 3439 ipsi
877 3381 1011 3444 pugnare
1029 3363 1252 3438 detrectassent,
1272 3373 1302 3424 et
1322 3363 1449 3424 militem
1471 3365 1512 3426 ed

326 3451 516 3513 rebellionem
529 3463 560 3515 et
572 3454 688 3534 praedes
701 3455 907 3516 concitassent
944 3457 1015 3519 Non
1036 3459 1140 3540 prooul
1155 3460 1261 3521 Brune
1275 3460 1397 3521 aberent
1409 3459 1513 3522 Cese-

325 3568 384 3610 reae
407 3547 512 3630 oopiae,
534 3551 655 3630 quaudo
673 3549 887 3628 Serenirtimus
895 3552 1054 3614 Arohldnx
1066 3553 1234 3636 leopoldus
1248 3555 1419 3618 Guilelmus
1439 3576 1510 3617 eum

323 3645 463 3709 universe
481 3664 535 3707 sue
551 3645 621 3708 eule
638 3656 669 3709 et
687 3647 855 3716 ootodeoiru
874 3649 1029 3711 tormentis
1050 3650 1175 3726 belliois,
1196 3650 1349 3733 multoque
1366 3661 1510 3735 epperetu
