3225 4700
483 319 883 388 ITINERARIUM.
1214 319 1276 385 409

63 473 187 553 primis
199 473 283 535 fortis
296 483 326 535 et
338 473 507 550 bellicosus,
522 473 575 554 qui
589 473 626 533 ad
639 484 778 535 octavum
792 474 943 536 decimum
967 475 1046 536 Maii
1060 473 1204 536 inclinato
1212 473 1277 554 jam

65 571 112 630 ad
136 590 280 632 occmum
302 572 352 632 die
376 570 581 652 Hispanorum
604 570 744 632 stationes
763 571 895 651 primum
917 581 962 632 est
983 591 1141 655 aggressus
1165 588 1275 650 magno

65 667 183 728 animo
196 677 226 728 et
239 667 415 729 fortitudine
428 666 569 742 mirabili,
584 667 637 729 sed
651 667 749 728 Ducis
762 668 800 729 de
817 668 901 729 Melo
913 668 1062 731 industria
1075 677 1104 730 et
1117 665 1276 729 commoda

67 764 276 845 dispositione
296 763 405 846 magud
428 764 589 826 Gallorum
613 765 699 826 clade
720 765 855 845 repulsus
876 775 929 827 est.
970 765 1039 825 Non
1067 765 1133 824 ideo
1160 762 1275 824 destitit

67 861 228 942 gloriosus
240 862 455 944 campiductor
467 862 668 943 Angninaeus,
683 861 734 941 qui
747 882 857 922 noram
871 862 1093 944 impressionem
1108 861 1209 922 animo
1222 879 1271 920 co·

67 959 201 1038 quebat,
215 979 306 1039 quam
319 969 436 1040 postero
449 959 500 1020 die
517 969 551 1020 ut
562 959 694 1040 primum
707 958 891 1020 dilucescere
905 959 997 1040 coepit
1010 959 1066 1018 sub
1079 959 1195 1019 tertiam
1210 977 1271 1017 rna·

68 1055 218 1130 tutinam,
233 1065 338 1117 auctus
354 1055 439 1117 novis
453 1054 558 1136 copiis,
572 1055 737 1136 majoribus
750 1075 841 1135 quam
857 1075 988 1136 unquam
1004 1065 1073 1116 ante
1087 1055 1196 1115 animis
1209 1073 1272 1114 sus·

69 1153 168 1233 cepit,
183 1162 213 1214 et
227 1152 373 1233 impetum
393 1154 550 1214 renovavit
568 1163 627 1214 tam
642 1151 722 1213 felici
737 1173 876 1214 successu
894 1164 927 1214 ut
947 1163 975 1213 et
991 1153 1017 1212 si
1033 1151 1191 1212 fortissime
1211 1169 1274 1212 sese

70 1259 264 1330 opponerent
283 1249 426 1331 Hispani,
443 1259 542 1312 tamen
562 1251 669 1312 cedere
686 1248 807 1310 tandem
829 1248 924 1310 coacti
944 1249 1015 1322 sint,
1037 1268 1073 1309 ac
1094 1245 1270 1308 effusissiml

69 1346 151 1428 fugi
164 1346 269 1408 dilabi.
304 1347 512 1428 Sequebantur
521 1345 669 1429 fugientes
679 1345 778 1408 hostes
789 1345 873 1407 Galli
883 1355 966 1406 tanto
975 1346 1088 1426 impetu
1097 1353 1130 1404 ut
1139 1343 1270 1427 legiones

70 1444 245 1525 praecipuas
264 1445 394 1505 maxime
413 1443 577 1525 Hispanas,
598 1443 702 1516 Italas,
718 1454 749 1504 et
769 1441 953 1526 Burgundas
974 1441 1174 1502 internecione
1190 1439 1269 1500 dele·

72 1551 142 1602 rent
164 1540 242 1602 adeo
269 1553 303 1602 ut
328 1541 416 1623 pauci
442 1539 652 1622 superfuerint.
694 1538 816 1601 Cecidit
838 1559 873 1602 ex
902 1538 1108 1620 Hispanorum
1135 1537 1269 1618 partibus

72 1637 189 1699 Comes
204 1638 357 1700 Fontanus
370 1637 436 1718 (qui
451 1637 578 1720 gloriose
591 1637 667 1698 mori
680 1637 773 1717 quam
786 1636 933 1718 inglorius
946 1636 1039 1698 vitam
1052 1635 1166 1717 pacisci
1179 1633 1269 1694 male·

73 1735 141 1812 bat)
162 1735 224 1796 uni
240 1755 309 1797 cum
332 1734 451 1796 Comite
467 1733 612 1805 Villalua,
634 1733 769 1794 Domino
789 1733 924 1794 Antonio
944 1732 1105 1794 Velaudia.
1146 1730 1270 1792 Occiso-

76 1853 145 1893 rum
165 1853 308 1892 numerus
325 1851 361 1892 ex
378 1841 503 1912 utraque
520 1840 603 1911 purte
619 1831 728 1891 verene
742 1849 779 1891 an
798 1829 870 1892 ficte
884 1851 944 1891 non
962 1849 1056 1912 arguo
1076 1828 1115 1889 ad
1132 1827 1271 1889 duodena

75 1926 175 1989 millia
187 1929 351 1989 excrevisse
365 1927 529 1988 estimatus
541 1935 592 1988 est.
633 1925 704 1986 Hoc
718 1937 834 1987 certum
851 1925 1004 2008 Hispanos
1018 1927 1112 1988 victos
1126 1925 1226 2000 fuisse,
1241 1935 1272 1986 et

76 2025 244 2086 victoribus
270 2045 390 2086 omnem
423 2023 565 2086 bellicum
594 2032 780 2105 apparatum,
810 2023 1035 2105 impedimenta,
1064 2031 1268 2102 tormentaque

76 2121 342 2182 omniaacvexilla
351 2133 413 2184 tam
427 2121 577 2201 equestria
585 2140 675 2200 quam
687 2119 838 2201 pedestria
848 2120 1010 2194 dimisisse;
1033 2141 1069 2181 ex
1081 2119 1175 2202 signis
1188 2121 1268 2179 certe

78 2216 212 2280 Parisios
229 2218 325 2280 delata
339 2229 409 2280 sunt
427 2228 548 2280 centum
565 2217 688 2278 omnino
707 2225 738 2278 et
749 2217 903 2300 octoginta
924 2218 975 2278 ubi
994 2218 1063 2278 Deo
1080 2217 1217 2278 solennes
1235 2216 1265 2276 in

78 2315 145 2378 arde
159 2315 294 2399 principe
307 2317 413 2399 gratiae
427 2325 497 2378 sunt
509 2314 628 2377 habitae.

120 2413 289 2474 Prmmissis
311 2412 359 2474 his
379 2412 517 2495 propitier
539 2413 668 2475 fortuna
691 2413 868 2495 prodromis,
890 2412 1016 2474 victoria
1040 2414 1266 2495 Anguinensem

78 2512 188 2572 ducem
207 2510 247 2571 ad
266 2508 420 2571 ulteriores
437 2530 610 2592 progressus
629 2508 804 2584 stimulavit,
825 2510 878 2590 qui
898 2510 1003 2593 gloriar
1023 2510 1188 2590 obsequens
1208 2528 1267 2569 non

31 2641 32 2644 κ
78 2606 175 2667 multo
188 2615 254 2688 post
268 2605 500 2667 Theonisrillam
515 2605 655 2666 infestare
672 2606 837 2667 constituit.
881 2606 956 2668 Erat
970 2604 1172 2667 Theonisvilla
1185 2626 1267 2666 com·

79 2702 169 2785 plexu
193 2704 316 2783 quidem
343 2712 479 2785 angusta,
506 2703 560 2763 sed
587 2701 646 2762 situ
665 2710 695 2761 et
715 2702 882 2765 munitione
907 2722 1047 2785 perquam
1070 2713 1206 2785 augusta,
1232 2722 1268 2763 ac

78 2801 157 2861 inter
182 2800 444 2883 Lnxenbnrgensis
463 2800 591 2861 ducatus
619 2797 804 2858 nobilissima
827 2798 979 2872 fortalitia,
1002 2799 1136 2871 ruenda,
1165 2800 1195 2859 iu
1222 2821 1266 2861 se·

78 2897 200 2957 milunae
210 2895 335 2956 formam
348 2895 646 2975 exaedificataquam
656 2914 693 2955 ex
707 2914 769 2955 uua
781 2904 864 2975 parte
879 2907 985 2958 natura
997 2896 1132 2957 Mosella
1142 2896 1265 2971 alluvio,

78 3015 115 3055 cx
129 2992 220 3055 altera
233 3012 287 3053 arx
301 2993 494 3055 munimentis
507 2993 720 3055 robustissimis
725 2993 815 3074 juxta
828 3004 857 3054 et
872 2993 1021 3055 latissimis
1034 2994 1120 3056 fossis
1135 2994 1213 3075 aqui
1227 2996 1266 3057 ad

80 3090 193 3151 hastilis
209 3089 399 3151 altitudinem
413 3091 528 3152 refertis
546 3101 711 3173 opportune
725 3089 875 3153 cinxerat:
896 3110 964 3171 quar
978 3091 1049 3171 quia
1062 3111 1154 3173 prope
1175 3092 1267 3154 Metis

79 3188 188 3255 aberat,
203 3184 387 3266 jampridem
400 3186 502 3247 orexin
524 3186 682 3248 Gallorum
696 3198 863 3263 exacuerat,
884 3187 1120 3268 industriamque
1139 3198 1169 3249 et
1188 3198 1267 3251 artes

80 3283 193 3367 pridem
213 3291 244 3343 et
264 3293 437 3343 exercuerat
457 3294 488 3343 et
511 3284 647 3345 eluserat.
690 3283 782 3345 Hanc
802 3284 896 3366 igitur
915 3304 985 3347 cum
1005 3304 1113 3346 novem
1135 3284 1263 3347 millium

80 3381 209 3442 exercitu
218 3379 351 3440 adoritur
359 3379 560 3462 Anguinaeus,
574 3400 611 3441 ac
623 3382 721 3463 primo
733 3380 857 3461 quidem
868 3380 1022 3443 Virtonem
1034 3382 1166 3464 ignobile
1181 3384 1264 3465 oppi-

31 3495 35 3513 ·
82 3478 152 3538 dum
165 3476 350 3560 aggreditur,
364 3485 393 3536 et
403 3476 467 3537 sine
484 3496 594 3558 magno
607 3487 716 3537 conatu
730 3477 883 3558 intercipit
898 3487 982 3538 sexto
996 3478 1114 3538 decimo
1126 3478 1150 3540 J
1153 3480 1215 3539 unii
1229 3498 1265 3539 ac

82 3574 195 3635 decimo
213 3584 321 3635 octavo
339 3573 473 3655 ejusdem
491 3584 591 3634 castra
609 3582 641 3633 et
657 3573 843 3635 obsidionem
862 3574 901 3635 ad
919 3574 1015 3654 ipsam
1033 3573 1264 3639 Theonisrillam

647 3672 665 3728 3
686 3689 707 3729 o
