3225 4700
457 344 863 417 ITINERARIUM.
1232 352 1268 419 tt

63 498 248 583 gechimne
268 498 416 582 Prinoepe
433 501 526 583 probe
545 500 735 583 perspiceret,
753 521 815 581 quo
830 510 1030 562 transversum
1048 521 1097 562 ree
1115 509 1177 563 tote
1192 501 1273 565 itura

62 606 155 659 eset.
199 594 274 657 Non
286 604 432 659 eteternnt
444 596 502 659 hoc
515 596 582 659 loco
597 596 833 659 machinationes
845 597 1014 673 Ludovici3
1029 599 1194 659 cumcuim
1208 607 1272 659 tam

64 691 150 753 atini
175 691 327 774 principio
347 693 473 755 vidieeet
494 693 625 769 Ducem,
646 714 737 775 quem
761 712 974 756 coneenenrnm
996 692 1079 757 haud
1103 703 1272 776 putaverat,

67 790 159 849 arbee
172 807 243 849 auae
257 788 315 849 eibi
329 788 519 865 conceaeieee,
532 789 620 870 plara
632 788 781 872 postulare
790 798 836 851 eet
846 809 946 866 auena,
957 790 1086 852 accitum
1100 810 1173 873 ergo
1179 791 1274 872 jnaeit

68 904 156 947 arma
167 902 239 966 qua·
247 904 303 966 pro
317 885 500 966 Imperatore
511 886 705 949 Ferdinando
718 894 823 947 oontm
832 886 950 949 Sueciae
963 886 1081 969 Regem
1090 886 1148 948 eibi
1160 886 1272 949 saedere

63 981 210 1063 junctum
227 990 408 1062 eneoeperat,
426 982 586 1062 deponere,
605 982 722 1062 sibique
738 982 771 1043 in
785 1003 871 1045 enam
886 1002 1068 1063 enorumqne
1084 982 1274 1045 manaem

69 1078 143 1139 dare
159 1076 342 1151 Nanceium,
352 1077 551 1139 manitionem
563 1078 766 1164 Iotharhrgire
779 1080 872 1141 totine
884 1078 1084 1160 precipuum:
1104 1078 1154 1140 cui
1164 1078 1273 1139 lotha·

69 1174 179 1256 ringiae
194 1172 269 1235 Dux
279 1194 335 1255 pro
344 1172 450 1255 etqua
459 1182 503 1235 eet
512 1171 708 1252 humanitate,
719 1176 873 1258 respondit
884 1174 994 1236 idfieri
1007 1175 1167 1237 difficulter
1176 1194 1272 1255 poeee,

69 1286 220 1331 eroum
242 1269 335 1331 feuda
357 1288 424 1350 qaae
445 1269 483 1330 ab
506 1269 638 1352 Imperio
658 1269 790 1347 haberet,
810 1272 939 1351 ideoque
959 1281 995 1333 nt
1015 1270 1114 1334 fidelia
1135 1268 1275 1333 Vaeallua

71 1366 182 1427 debere
195 1384 229 1427 ee
244 1363 379 1428 Domino
392 1366 475 1429 iendi
492 1365 523 1428 in
537 1368 711 1429 neceeeitate
727 1386 919 1430 succurrere:
942 1367 1035 1440 Quod
1046 1368 1087 1429 ad
1101 1366 1273 1431 Naneeianr

69 1462 248 1523 emriaeime
266 1472 400 1543 apertam
418 1462 561 1545 injuriam
577 1464 659 1545 apud
676 1462 866 1525 Lndovicum
880 1464 904 1525 J
905 1471 1006 1525 netum
1022 1473 1068 1525 eat
1084 1462 1272 1545 deprecatae,

70 1562 202 1639 cumque
218 1556 287 1620 Rex
300 1559 400 1621 acrine
417 1560 459 1622 ita
472 1580 504 1621 ee
519 1558 586 1621 fiori
598 1560 676 1623 velle
692 1568 824 1642 urgeret,
837 1559 937 1641 aperti
950 1560 1134 1642 &seneque
1149 1558 1274 1642 negavit

70 1673 101 1715 ee
120 1653 140 1716 d
156 1654 339 1717 Gaearianie
356 1655 490 1737 partibus
507 1656 725 1727 abeoeeaurum,
739 1674 810 1716 cunr
826 1655 955 1735 majorae
970 1656 1018 1717 eni
1036 1656 1076 1717 ab
1092 1655 1175 1717 omni
1193 1663 1274 1716 retro

70 1758 221 1813 vetustate
241 1759 330 1831 pacta
347 1760 497 1813 conventa
515 1772 585 1813 cum
606 1753 776 1815 Ooeearibue
796 1770 914 1831 eemper
932 1750 1078 1813 inviolate
1095 1753 1197 1811 eancte
1211 1770 1272 1809 eer-

71 1854 204 1909 raoeant.
247 1845 327 1907 Haec
346 1866 403 1922 ree,
419 1866 488 1929 qnae
504 1849 588 1910 Daci
601 1849 712 1912 carolo
729 1848 851 1909 laudem
863 1844 1018 1909 fidelitatie
1030 1846 1103 1909 dare
1115 1846 1271 1919 debuerat,

72 1943 195 2004 initium
214 1943 285 2005 iecit
301 1943 414 2005 Gallici
432 1944 466 2005 iu
484 1944 729 2029 Iotharingicam
747 1946 872 2007 domam
889 1944 964 2005 odii.
1005 1942 1132 2004 Interim
1148 1951 1185 2002 ut
1202 1940 1275 2002 belli

65 2039 147 2119 jueti
165 2058 286 2101 cauum
304 2040 385 2123 plebi
403 2040 511 2103 Gallae
531 2040 713 2118 obtruderet,
731 2041 833 2123 spargi
849 2041 882 2102 in
898 2040 1008 2123 vulgae
1027 2039 1110 2114 fecit,
1129 2038 1273 2101 Carolnm

71 2144 182 2197 contra
200 2154 232 2197 ea
249 2136 449 2218 conspirasset
469 2158 507 2201 ao
524 2135 607 2199 velut
621 2136 776 2200 Vaeallum
792 2136 922 2200 Gallicae
939 2156 1057 2198 coronae
1074 2135 1275 2197 obedientiam

72 2230 211 2293 debiam
229 2250 357 2314 negaret
378 2250 509 2295 sororem
525 2234 647 2317 ineuper
665 2254 760 2308 enam,
776 2245 882 2296 contra
895 2232 1102 2295 inhibitionem
1120 2230 1225 2315 Regia,
1243 2242 1275 2294 et

75 2326 179 2412 Regni
191 2337 302 2392 etatnta
314 2329 412 2394 Fratri
427 2330 506 2415 Regi
523 2330 681 2394 obtrmieee
696 2332 869 2414 conjugem,
883 2330 939 2406 aa.
980 2329 1090 2410 Itaque
1102 2328 1274 2392 Nanoeium

73 2423 177 2486 valido
190 2426 324 2488 exercitu
336 2427 443 2510 cingit,
458 2437 547 2509 etque
559 2437 627 2511 poet
639 2427 823 2509 aliquantam
835 2426 1022 2488 obeidionem
1034 2425 1067 2487 in
1080 2445 1165 2488 enam
1177 2435 1275 2507 potee-

74 2531 171 2582 tatem
183 2523 275 2606 cogit.
317 2523 493 2605 Reliquerat
508 2524 542 2586 id
557 2525 699 2606 temporie
714 2521 843 2585 Carolus
858 2522 994 2585 Fratrem
1008 2542 1097 2584 enum
1111 2521 1275 2584 Nicolaum

77 2616 273 2680 Franoieonm
291 2619 393 2682 Sacrae
414 2621 559 2682 &manre
578 2619 723 2683 Ecclesiae
741 2619 816 2682 olim
833 2618 1025 2682 cardinalem
1045 2618 1099 2698 qui
1120 2619 1275 2679 Duoatum

74 2715 108 2774 in
126 2713 184 2776 rut
198 2715 333 2778 &antii
350 2737 420 2778 corn
438 2715 527 2798 pleno
539 2716 611 2799 jure
628 2725 754 2799 regeret,
773 2716 1032 2798 pacieeereturque
1048 2715 1189 2777 amicitiae
1203 2735 1276 2775 con-

74 2813 233 2875 eemnder
252 2811 349 2894 gratid
364 2812 584 2876 neutralitatem
601 2832 657 2894 pro
675 2833 707 2874 ee
723 2813 845 2894 auieqoe
863 2819 937 2874 tune
953 2811 1082 2874 eahditia
1099 2813 1140 2874 ad
1156 2810 1275 2873 libitum

75 2928 150 2970 cam
164 2908 336 2972 Galliarum
350 2909 447 2992 Rege,
460 2917 491 2970 et
504 2909 552 2972 vel
565 2909 610 2971 eie
623 2909 722 2991 ipeum
737 2909 880 2990 placaret,
894 2909 946 2970 eed
959 2928 1017 2970 neo
1030 2907 1089 2970 hoe
1100 2908 1225 2989 quidem
1238 2927 1277 2968 ex

74 3015 150 3066 reto
168 3004 258 3068 oeeeit
268 3027 278 3081 ς
299 3003 388 3086 capta
406 3005 487 3066 enim
506 3006 590 3080 urbe,
612 3014 643 3068 et
662 3004 857 3068 Cardinalem
877 3025 984 3086 nuper,
1002 3025 1064 3066 una
1082 3025 1153 3066 cnm
1173 3024 1278 3067 recena

74 3101 174 3184 nupti
187 3101 307 3164 clandii
324 3101 356 3162 in
376 3101 549 3182 captivitate
565 3101 706 3178 detinmt,
720 3103 882 3184 probeque,
895 3101 1032 3164 custodit
1046 3101 1182 3164 adhibite
1198 3102 1278 3164 intra

74 3198 259 3260 domesticae
267 3197 394 3278 parietee
404 3197 561 3260 conclusit.
594 3197 641 3260 Hi
654 3219 724 3260 cum
734 3217 766 3259 ae
776 3197 899 3260 retineri
911 3207 975 3260 tarn
984 3197 1112 3260 sollicite
1121 3198 1277 3271 ridieeent,

76 3293 220 3376 auspicati
234 3293 317 3375 qnod
327 3314 374 3356 ree
387 3302 459 3366 erat,
470 3294 510 3356 de
521 3293 707 3356 clandestini
716 3293 789 3376 fuga
799 3293 966 3355 consultare
977 3294 1056 3355 inter
1064 3313 1097 3356 ee
1104 3304 1275 3376 ooeperant:

75 3389 221 3453 adhibitie
229 3390 302 3452 dein
311 3390 343 3452 in
353 3390 538 3454 consortium
547 3389 666 3452 consilii
675 3389 863 3452 fidelioribus
871 3389 987 3465 aulicia,
995 3389 1151 3452 honeetm
1160 3390 1276 3474 fagum,

76 3488 213 3568 prohoeae
229 3487 409 3569 captivitati,
427 3485 620 3566 quantumvia
636 3486 759 3567 iniquae,
777 3487 1011 3568 proponendam
1027 3508 1091 3550 aare
1107 3487 1186 3550 aerio
1205 3508 1277 3548 con-

77 3584 243 3646 cinnerunt.
285 3582 392 3646 Poaito
405 3603 478 3665 ergo
496 3582 609 3644 Docali
625 3581 741 3656 habitu,
757 3582 889 3665 plebeiae
905 3591 937 3645 et
953 3584 1078 3646 ruetioae
1095 3593 1192 3646 veatae
1208 3583 1277 3643 ade-

77 3681 203 3758 ciacant,
214 3679 421 3762 impositieque
431 3680 520 3744 doreo
530 3679 661 3744 limineie
669 3680 820 3757 corbibus,
830 3679 924 3742 veluti
933 3679 1040 3744 limum
1049 3678 1235 3762 deportatnri
1244 3677 1276 3737 in
