3225 4700
471 303 880 375 ITINERARIUM.

601 550 755 635 OOPIA,

91 686 240 763 nemone
253 672 378 747 'conseo
391 686 427 747 a
442 686 618 749 raconem
631 690 672 749 ae
679 690 793 767 prere:
805 689 932 762 Joanso
950 690 1092 770 omaro
1105 692 1254 774 muezoe.

157 814 289 878 Illustris
303 816 434 879 Domine
445 838 481 879 ac
495 817 643 899 imprimis
655 817 796 880 honorate
810 818 968 881 Generalis
980 788 1194 885 locumtenens.

78 926 190 1083 EX
207 927 344 991 hesterno
361 930 402 993 ad
419 948 468 995 me
486 930 558 993 dato
574 930 722 1011 Epistolio
737 930 811 993 satis
827 930 1028 995 animadverti
1045 954 1136 1015 qnam
1151 934 1275 999 moleste

177 1024 360 1090 feratmeam
368 1026 688 1090 deBrunsuioensibus
697 1026 1174 1110 LunebnrgensibusaoHessicis
1182 1032 1277 1114 copiis

76 1140 145 1181 non
158 1120 224 1183 sine
237 1142 328 1184 censa
345 1132 521 1205 conceptam
537 1122 725 1198 sententium,
740 1141 816 1204 quas
832 1142 894 1184 non
911 1122 1063 1206 legitimas
1080 1125 1136 1187 snb
1152 1126 1278 1208 imperio

77 1216 278 1279 Generalinm
291 1218 412 1301 Copias,
426 1218 479 1281 sed
492 1226 610 1283 tantum
623 1218 688 1281 sine
699 1218 824 1280 Ducum
832 1219 977 1283 mandato
985 1229 1038 1283 aut
1046 1220 1125 1283 scitu
1135 1233 1279 1305 ragentes

78 1322 113 1374 et
130 1312 342 1378 latrocinantes
360 1314 539 1398 manipnlos,
553 1315 607 1396 qni
624 1335 657 1377 se
674 1335 745 1379 cnm
757 1314 842 1377 hoste
862 1314 1010 1379 Bannirio
1025 1316 1138 1399 pade
1155 1316 1278 1383 liberius

78 1411 212 1491 agendo
225 1432 316 1475 naum
328 1412 561 1495 conjunxissent,
572 1412 686 1495 penui.
714 1411 792 1476 ¹(lnr
801 1430 875 1473 vero
887 1411 921 1474 id
930 1413 1072 1494 putarim,
1081 1412 1148 1477 brac
1158 1434 1207 1476 me
1216 1414 1279 1479 sero

80 1507 289 1585 adduxerunt,
311 1510 409 1593 primo
431 1509 504 1592 qnia
525 1528 680 1591 nunquam
701 1508 778 1571 mibi
799 1509 977 1592 pscsmdere
1000 1520 1135 1593 potorem
1157 1510 1222 1574 fore
1244 1514 1276 1575 in

81 1604 225 1667 Romano
244 1605 379 1689 Imperio
394 1606 501 1678 ullum.
520 1616 584 1671 tum
605 1606 654 1668 sel
676 1605 802 1669 minime
818 1626 858 1667 ex
874 1607 1028 1688 praedietis
1045 1608 1207 1687 Domibss,
1222 1612 1276 1693 qni

80 1702 329 1785 conjrunotionem
343 1703 418 1767 tanti
430 1702 571 1785 ponderis
584 1711 615 1766 et
627 1701 772 1767 momenti
783 1700 842 1765 boo
853 1710 1046 1766 rerumstetn
1058 1715 1163 1768 contra
1179 1707 1279 1792 legiti-

81 1818 170 1861 mum
191 1819 278 1865 suum
295 1800 463 1863 Dominum
477 1799 651 1881 susciperet.
692 1798 775 1861 llein
796 1799 870 1880 qnia
887 1800 1012 1861 omnino
1031 1803 1217 1868 eontrarium
1234 1806 1278 1869 sd

83 1894 154 1957 brec
175 1916 267 1979 usqne
288 1905 423 1979 tempora
438 1896 592 1963 amborum
612 1894 792 1976 Principum
812 1894 918 1977 Iegati
935 1896 967 1959 in
987 1895 1110 1958 Noricis
1126 1897 1277 1975 (lanitiis,

82 2011 142 2072 pro
155 1993 307 2055 communi
316 1993 435 2075 imperii
447 1994 526 2057 bono
535 1990 679 2057 institutis
688 2001 905 2055 assecururunt.
939 1990 1080 2073 Denique
1089 1993 1162 2075 qnia
1169 1994 1280 2059 abhinc

82 2087 209 2149 biennio
227 2088 292 2170 ipse
317 2087 500 2171 Brnnsnigm
521 2096 553 2151 at
576 2086 750 2170 Luneburgi
773 2088 859 2162 Dux,
876 2107 947 2150 cum
967 2086 1059 2150 fende
1077 2089 1245 2172 imperialia
1261 2091 1280 2155 b
1353 2145 1358 2157 .

83 2184 183 2247 Sacra
195 2184 333 2250 cesaree
346 2185 507 2267 Majestate
520 2184 706 2266 imperatore
726 2184 935 2247 Fannmuno
948 2184 997 2246 11.
1039 2185 1280 2251 clementissimo

85 2281 224 2347 Domino
237 2292 338 2347 nostro
352 2282 545 2347 Felicissime
558 2291 590 2346 et
603 2280 805 2345 sanctissime
815 2281 968 2345 memorie
980 2291 1149 2364 occeptaret
1160 2294 1279 2356 contra·

84 2379 167 2442 rinm
180 2401 300 2464 qnoque
313 2381 414 2444 sancte
432 2379 583 2462 pollicitus
598 2389 653 2456 est,
667 2380 749 2462 qnod
765 2380 867 2462 ipsum
885 2399 924 2442 ex
939 2379 997 2442 hee
1012 2380 1279 2462 partemuimed

83 2475 141 2537 tuli
154 2475 299 2560 Principe
312 2499 348 2540 ac
362 2479 452 2540 Duce
465 2476 552 2538 aliter
565 2475 648 2542 credi
662 2497 718 2540 neo
731 2476 838 2540 debuit
848 2495 906 2540 nec
917 2476 1026 2558 potnit,
1040 2477 1100 2539 nisi
1111 2478 1176 2540 sine
1188 2498 1280 2542 eausa

86 2583 150 2634 tem
164 2575 306 2655 prudenti
321 2573 457 2656 Principi
470 2573 564 2635 fidem
577 2573 646 2654 quis
657 2572 748 2636 vellat
761 2574 918 2655 derogare.
959 2571 1037 2646 Quae
1050 2593 1124 2637 vero
1140 2574 1180 2637 ad
1199 2574 1279 2638 beno

85 2669 125 2729 ab
141 2667 274 2752 Imperio
289 2671 487 2734 defectionem
504 2671 606 2734 ambas
625 2669 784 2753 Principes
797 2670 904 2732 domos
916 2689 1016 2734 cauete
1029 2670 1189 2748 moverint,
1202 2672 1278 2736 inle-

85 2765 150 2826 rior
166 2786 223 2850 ego
239 2787 307 2830 snm
327 2787 418 2849 qnam
436 2775 471 2828 ut
488 2766 545 2828 hoc
563 2764 630 2828 looo
648 2765 825 2847 disquiram,
839 2787 910 2830 cum
926 2787 982 2830 sno
998 2777 1131 2849 ternpore
1147 2789 1196 2832 res
1213 2770 1279 2852 ipsa

85 2873 196 2925 eventu
208 2865 280 2926 satis
293 2863 457 2927 declarabit
469 2884 506 2926 ex
525 2882 586 2945 qua
601 2872 685 2946 perte
698 2862 789 2926 fuerit
801 2863 891 2946 culpa
903 2865 1008 2946 quisve
1021 2873 1113 2940 recte,
1126 2865 1195 2947 quis
1210 2887 1277 2948 per·

86 2980 190 3041 peram
205 2961 310 3043 egerit.

129 3055 336 3120 Nihilominus
348 3057 471 3138 quando
483 3055 559 3118 mihi
576 3076 657 3119 nnnc
672 3055 769 3118 velex
783 3063 943 3118 vestrumst
959 3055 1143 3118 consessione
1158 3056 1279 3118 abunde

86 3161 215 3228 constet,
228 3155 308 3235 qnod
322 3154 473 3216 Dominus
487 3152 646 3216 Generalis
657 3151 863 3214 locumtenens
880 3173 951 3215 enm
968 3153 1027 3215 sibi
1041 3151 1169 3214 subditis
1181 3153 1277 3235 copiis

85 3251 127 3312 ad
140 3250 254 3312 hostem
268 3250 420 3326 deiecerit,
435 3251 559 3334 ejusque
571 3258 670 3332 partes
684 3249 895 3331 conjunctione
907 3248 988 3310 facte
1001 3249 1068 3329 jam
1084 3257 1155 3310 actu
1171 3268 1278 3330 seqna·

87 3357 147 3422 tur,
169 3345 253 3409 nullo
275 3347 366 3409 modo
385 3347 484 3410 abnuo
505 3367 575 3408 curn
596 3345 810 3408 Dominatione
830 3355 929 3407 vestra
948 3353 981 3408 et
1000 3345 1095 3428 copiis
1110 3345 1172 3407 suis
1186 3347 1278 3428 juxte

86 3441 249 3506 laudabilia
262 3454 349 3524 pacta
361 3443 471 3506 bellica
483 3441 606 3526 pacisci,
619 3463 654 3504 ac
662 3443 753 3524 juxta
765 3461 887 3524 equum
899 3450 930 3503 et
946 3441 1059 3503 bonnm
1072 3441 1155 3524 qnod
1166 3445 1277 3526 probos

86 3540 198 3603 milites
211 3540 298 3603 decet
309 3549 448 3616 tractare,
466 3558 502 3601 eo
520 3538 610 3600 modo
623 3557 683 3619 quo
696 3556 814 3619 semper
825 3557 895 3600 cnm
909 3536 1088 3601 adversmib
1102 3541 1196 3622 copiis
1208 3539 1275 3620 qni·

86 3636 263 3718 bnscunque
277 3635 386 3716 pacisci
398 3655 433 3696 ac
446 3644 575 3698 tractura
584 3643 706 3697 conatus
719 3633 774 3696 fni.
817 3633 943 3706 Quodsi
955 3635 1106 3698 Dominus
1117 3635 1276 3698 Generalis
