3225 4700
474 371 875 441 ITINERARIUM.
1206 374 1271 441 305

55 517 230 579 celerrimi
256 519 315 599 qui
338 528 450 601 poterat
471 523 659 603 expeditione
679 522 783 585 sedulo
807 523 938 585 collectis
964 522 1057 604 copiis
1083 520 1261 583 Bohemiam
1330 548 1333 555 ·

60 633 187 689 versus,
202 636 239 675 ne
253 615 329 677 forte
342 616 360 679 l
373 618 532 679 victorioso
545 620 677 681 exercitu
690 618 801 682 alicubi
815 616 1014 700 deprehendes
1028 620 1177 681 obruetur.
1220 618 1261 679 Et

56 706 269 771 licetsummi
281 712 469 773 contentione
488 713 629 775 laborarit
647 714 864 776 Pioolominius
880 714 930 795 qni
950 713 1114 794 peditatum
1135 714 1262 775 ducebat

58 827 142 867 cum
163 808 317 870 tormentis
336 810 509 890 majoribus,
529 810 665 871 hostilem
682 812 847 872 exercitum
867 819 1053 891 prevertere,
1073 829 1109 870 ac
1127 810 1261 871 incertis

59 904 217 986 angustiis
228 915 435 987 properantem
450 905 561 979 sistere,
577 906 625 966 vel
641 906 745 967 saltem
761 906 905 968 Bresnitii
918 905 971 966 nbi
988 905 1153 965 necessario
1166 914 1261 967 trans·

60 1002 206 1062 eundum
217 1010 290 1074 erat,
301 1000 340 1061 ad
350 1002 531 1062 conserenda
540 987 624 1062 annia
637 1022 754 1084 cogere,
765 1002 873 1062 nullibi
887 1010 984 1063 tamen
996 999 1029 1062 id
1038 1000 1153 1080 assequi
1164 1000 1262 1082 potuit

60 1096 222 1158 celeritate
234 1116 289 1157 rua
301 1116 418 1178 semper
434 1106 631 1178 prevertente
650 1097 815 1170 Bannerio,
831 1096 884 1178 qni
902 1096 988 1159 facile
1006 1096 1127 1157 ridebat
1144 1096 1261 1158 incolu-

61 1193 206 1253 mitatem
220 1212 303 1252 mem
317 1212 497 1272 suorumque
515 1193 545 1253 in
561 1192 624 1254 soli
637 1192 710 1275 iugi
722 1214 784 1254 esse
797 1194 934 1273 positam.
976 1192 1081 1254 Evasit
1093 1192 1193 1273 iteqne
1204 1193 1261 1255 hcc

62 1288 163 1349 modo
181 1288 348 1351 Zwiclriam
367 1287 546 1363 Banneriua
570 1290 621 1350 nbi
639 1310 701 1351 sese
722 1310 791 1352 cum
811 1288 902 1351 Gallo
919 1288 1111 1351 Wimariensi
1130 1290 1260 1351 exercitu

61 1386 236 1468 conjunxit
278 1384 404 1465 coepere
416 1384 467 1446 hic
480 1386 551 1447 nori
563 1385 662 1447 hostes
680 1387 842 1469 confligere
856 1406 926 1448 cum
939 1384 1057 1447 infelice
1076 1385 1176 1460 Duce,
1191 1405 1260 1446 narn

62 1484 202 1564 primum
216 1482 298 1543 anim
312 1481 470 1563 ioegritudo
486 1493 515 1544 et
532 1503 642 1544 moeror
660 1482 785 1544 militem
803 1482 965 1565 gloriosum
981 1482 1091 1543 invasit
1108 1491 1191 1543 tanto
1205 1482 1260 1541 im-

61 1587 152 1658 petn,
167 1588 201 1639 nt
213 1578 304 1639 etiam
317 1579 349 1639 in
361 1597 468 1659 corpus
478 1579 652 1641 redundarit
661 1580 781 1641 morbus
794 1580 847 1659 qui
861 1578 888 1640 ei
901 1578 943 1639 20
953 1576 1031 1638 Maii
1044 1577 1136 1639 altero
1147 1577 1261 1639 scilicet

63 1682 137 1756 post
154 1683 309 1755 acceptam
326 1673 442 1734 cladem
460 1694 562 1735 mense
586 1674 683 1735 fatalis
701 1675 769 1749 fuit,
788 1684 819 1735 et
838 1694 927 1755 quem
946 1672 1031 1733 Mars
1047 1682 1179 1734 sternere
1198 1694 1259 1735 non

63 1770 179 1851 potnit,
193 1770 282 1830 morti
294 1769 415 1830 tandem
435 1770 599 1830 succubuit
640 1770 731 1831 Luxit
746 1769 843 1831 Docie
860 1778 1034 1852 prostratam
1054 1768 1259 1831 fortitudinem

64 1868 228 1928 universos
241 1866 387 1927 exercitus
400 1873 431 1926 et
444 1885 535 1946 qoam
548 1866 618 1927 forti
630 1866 695 1926 viro
710 1866 802 1927 vitam
817 1866 981 1948 producere
994 1883 1053 1924 non
1068 1864 1165 1945 potnit
1177 1865 1260 1928 forti-

65 1965 185 2027 tudinis
197 1964 307 2025 famam
321 1964 359 2024 ad
376 1983 471 2024 aeram
485 1964 687 2043 posteritatem
702 1964 842 2025 extraxit.

109 2061 160 2121 Ne
177 2060 298 2122 interim
318 2060 392 2129 dum
411 2058 666 2120 Doratensohnius
681 2068 856 2120 evocaretur
869 2059 909 2120 ad
922 2058 1038 2119 militie
1057 2057 1261 2139 gubernacula

65 2159 179 2219 viduus
197 2156 344 2218 exercitus
360 2156 565 2217 distitueretur
583 2154 795 2237 Duce-,Tres
814 2154 885 2216 belli
902 2156 1014 2228 Duces,
1035 2173 1163 2235 qnorum
1183 2174 1260 2215 unus

67 2254 208 2315 Adamue
227 2252 320 2314 Pinhl
339 2254 459 2313 natione
481 2251 661 2326 Germanus,
683 2252 758 2313 alter
774 2250 901 2312 Carolus
919 2250 1092 2332 Gustaphns
1114 2250 1258 2332 Vrangel‚

66 2352 189 2412 natione
206 2350 330 2413 Soccus.
372 2349 489 2411 Tertius
507 2348 637 2430 denique
656 2348 795 2412 Alfurtns
810 2348 1003 2431 Wintenberg
1019 2348 1116 2429 patria
1136 2346 1258 2407 Finlan·

67 2450 126 2510 dua
139 2447 298 2529 imperinm
312 2447 344 2507 in
357 2445 467 2507 milites
480 2447 523 2507 ita
535 2445 638 2526 partiti
650 2456 729 2517 sunt,
746 2456 777 2507 ut
790 2445 959 2526 conjunctis
972 2443 1104 2505 consiliis
1117 2443 1256 2504 militiam

67 2544 244 2627 dirigerent.
