3225 4700
510 358 907 427 ITINERARIUM.
1240 365 1300 429 241
1348 308 1351 320 Ι

106 502 238 568 hardum
257 508 348 573 Grata
361 511 510 576 Comitem
524 518 563 577 de
577 516 830 598 Scharpffenstein
844 537 879 577 uc
900 516 1143 599 Metropolitum
1158 517 1302 580 Ecclesiae

109 600 303 684 Moguntinas
317 628 459 691 magnum
474 611 649 687 Custodem,
664 614 762 693 primo
779 613 846 673 loco
864 613 1024 675 sessionem
1040 612 1080 674 ad
1093 614 1228 675 dextram
1243 615 1301 676 sci·

106 696 180 758 licet
195 698 365 782 Imperialis
378 705 487 781 throni,
502 728 537 769 ac
553 710 688 789 proxime
706 710 746 769 ad
766 708 978 789 Imperatorem
997 710 1201 785 monstrando,
1214 711 1299 772 adire

99 794 205 875 jussit,
228 798 282 877 qui
302 801 449 863 transiens
470 804 632 879 Caesarem,
653 804 803 885 profunda
828 804 961 865 exhibita
988 805 1170 867 Reverentia
1195 808 1297 868 sedem

105 892 266 973 capessivit
283 894 466 977 (Imperator
478 919 551 961 vero
569 901 703 963 detracto
723 900 739 959 e
758 899 856 981 capite
874 900 976 981 galero
996 900 1166 963 humaniter
1185 904 1296 964 resulu-

104 988 197 1069 tavit)
209 1001 369 1073 apertoque
383 995 527 1077 tantisper
542 997 639 1078 eapite
659 996 799 1057 substitit.
842 996 896 1057 Ad
915 996 1069 1057 sinistrum
1082 1018 1154 1058 vero
1167 998 1296 1061 Caesaris

103 1081 185 1145 latus
198 1089 407 1169 occupandum
419 1092 500 1153 idem
514 1093 623 1154 culinas
634 1091 801 1153 Praefectus
815 1092 921 1154 annuit
935 1091 1098 1153 Electorali
1110 1093 1296 1155 Coloniensis

103 1178 338 1262 Archipraesulis
365 1186 480 1269 Legato
510 1189 674 1250 admodum
701 1188 880 1250 Reverendo
903 1209 939 1250 ac
962 1188 1134 1251 Perillustri
1160 1189 1294 1251 Domino

105 1274 273 1340 Bartholdo
296 1280 409 1343 Comiti
432 1284 470 1344 de
498 1284 697 1367 Koniugseeh
725 1284 950 1365 Metropolitani
977 1284 1082 1366 templi
1108 1276 1296 1347 Colonie'nsis

74 1443 88 1463 Ι,
102 1371 302 1446 Scholastico.
346 1378 422 1440 Post
434 1378 488 1440 hos
504 1380 693 1442 Serenissimi
709 1380 862 1461 Principis
880 1402 916 1443 ao
938 1381 1035 1443 Ducis
1050 1382 1192 1443 Bavariae
1207 1382 1296 1443 Elee-

101 1470 228 1531 torulem
256 1473 402 1556 Legatum
431 1474 639 1539 Perillustrem
665 1476 816 1539 Comitem
843 1478 881 1538 de
907 1476 1049 1559 Doringh
1075 1478 1116 1539 ad
1141 1478 1295 1539 dexteram

101 1566 213 1627 iterum
227 1568 356 1631 Caessris
367 1571 456 1652 juxta
470 1573 736 1656 Mogentinensem
750 1572 887 1649 deduxit,
909 1573 1098 1635 Serenissimi
1110 1595 1184 1636 vero
1197 1574 1293 1636 Saxo·

101 1664 163 1725 niae
185 1664 283 1725 Ducis
307 1666 505 1731 Electoralem
523 1670 670 1752 Legatum
689 1668 877 1730 Fridericum
897 1667 1017 1729 Metsch
1031 1670 1064 1730 in
1082 1670 1291 1753 Ringenbach,

100 1768 132 1819 et
150 1758 339 1823 Sereuissimi
361 1764 458 1826 Ducis
477 1764 778 1847 Branderrburgensis
797 1763 994 1845 principalem
1013 1763 1160 1846 Isgatum
1173 1766 1293 1828 Electo-

99 1855 196 1917 ralem
211 1858 253 1917 D.
267 1859 290 1920 J
292 1880 419 1922 oannem
432 1862 620 1924 Fridericum
637 1862 676 1921 de
691 1860 801 1921 lowen
816 1860 855 1920 ad
868 1860 1019 1920 sinistram
1032 1860 1121 1940 juxta
1135 1860 1293 1924 Colonien-

99 1972 164 2012 sem
182 1952 226 2013 ire
238 1954 339 2035 jussit.
381 1957 499 2029 Quibus
517 1958 655 2018 omnibus
674 1956 736 2017 Sua
754 1955 893 2016 Caesarea
906 1954 1051 2037 Majestas
1071 1956 1102 2016 in
1122 1957 1250 2018 transitu
1263 1968 1294 2020 et

98 2049 204 2110 debite
220 2050 339 2111 honoris
354 2052 545 2129 exhibitione,
562 2054 680 2116 detecto
698 2050 795 2132 capite
813 2052 1008 2113 reverentiam
1024 2052 1188 2127 redhibuit,
1202 2063 1292 2135 atque

97 2144 145 2205 ita
158 2145 347 2208 subsistentes
361 2148 517 2211 considere
525 2149 624 2230 jussit.

142 2240 308 2322 Postquam
322 2244 496 2307 Electorum
516 2244 622 2327 Legati
642 2241 784 2303 Primarii
802 2244 1014 2315 consedissent,
1023 2245 1090 2326 jam
1103 2264 1182 2325 saepe
1195 2245 1291 2307 nomi-

98 2346 189 2400 natus
211 2337 320 2401 culinae
342 2340 488 2403 Caesareae
510 2340 677 2403 Praefectus
702 2337 933 2414 Haerediturius,
955 2339 1018 2402 uu
1038 2361 1113 2402 voce
1130 2341 1161 2401 in
1181 2362 1290 2423 genere

96 2436 310 2515 pronunciavit
331 2447 365 2499 ut
386 2438 496 2520 reliqui
516 2447 578 2500 tam
600 2434 804 2498 Ecclesiastici
827 2453 918 2514 quam
939 2435 1105 2499 Soeculares
1121 2437 1290 2518 Principes,

95 2531 324 2614 absentiumque
339 2533 444 2616 Legati
458 2533 599 2596 subsellia
612 2533 728 2612 relique
742 2531 833 2610 juxta
850 2531 995 2612 cujusque
1012 2544 1124 2595 statum
1141 2541 1172 2595 et
1184 2534 1288 2595 Comi·

94 2627 208 2689 tiorum
226 2629 364 2691 instituta
380 2639 571 2712 occuparent,
585 2629 666 2710 quod
680 2646 749 2686 mox
766 2625 891 2700 iactum,
905 2626 1170 2710 Ecclesiasticique
1187 2630 1289 2690 dexte·

95 2745 165 2784 rum
182 2723 261 2787 latus
280 2725 446 2788 Saeculares
462 2727 534 2789 verb
553 2727 585 2787 in
603 2725 757 2787 sinistrum
775 2739 902 2801 prosus
921 2724 1048 2806 quisque
1061 2726 1232 2788 conditione
1251 2746 1287 2788 ac

94 2829 176 2882 statu
188 2832 382 2886 secesserunt.

357 2981 559 3040 Ecclesiastici
571 2979 701 3056 laesere
715 2980 815 3040 ordine
829 2980 1029 3040 consederunt.

95 3105 237 3167 Primum
252 3107 366 3169 Iocum
380 3107 476 3170 tenuit
493 3106 696 3168 Serenissimae
714 3127 750 3168 ac
765 3105 977 3168 Archiduealis
997 3105 1166 3168 Austrinos
1177 3107 1285 3170 domus

135 3202 266 3284 Legatns
281 3202 431 3265 Dominus
446 3202 595 3284 Georgius
609 3201 761 3263 Achaeius
774 3203 886 3264 Comes
898 3202 937 3264 de
951 3202 1134 3263 Ioseustein.

94 3299 143 3359 ΙΙ.
166 3298 296 3381 legatus
309 3298 581 3380 Archiepiseopalis
595 3297 842 3381 salisburgensis.

94 3395 163 3455 III.
184 3395 419 3457 Vesontinensis.

94 3489 153 3551 IV.
173 3488 314 3574 Magistri
327 3491 483 3552 Teutonici
497 3490 622 3552 ordinis.

92 3585 132 3646 V.
155 3585 386 3649 Eichstadianus
400 3587 567 3669 Episcopus
581 3586 612 3646 in
626 3584 771 3648 Persona.

12 3667 14 3700 '
93 3682 152 3742 VI.
174 3682 398 3745 Ratisbouensis
412 3682 578 3764 Episcopus
593 3682 623 3742 in
640 3681 782 3744 Persona.

702 3799 712 3837 1
727 3800 738 3838 r
