3225 4700
335 336 400 401 314
724 330 1146 403 ITINERARIUM.

338 497 450 569 quanto
464 487 594 549 bostium
607 487 781 569 triumphet
800 497 831 549 et
843 488 914 550 vero
929 488 1028 569 iuquit
1044 508 1148 549 omues
1160 486 1302 567 impense
1315 486 1349 547 in
1362 504 1485 547 uanum
1501 504 1547 543 re·

338 585 463 647 cideut?
496 605 534 646 an
562 585 693 647 militum
719 586 858 667 profusus
878 587 999 668 sanguis
1023 586 1135 647 inultus
1155 582 1363 663 relinquetur?
1396 601 1441 643 an
1462 579 1546 640 hosti
1595 622 1596 651 ι

339 683 454 745 animos
475 682 622 744 addemus
641 683 680 743 ad
704 684 821 764 majora
839 682 995 743 facinora?
1025 682 1124 757 Absit,
1145 678 1253 760 inquit,
1274 688 1309 741 ut
1333 678 1410 739 illud
1433 678 1545 758 probri
1595 670 1596 713 l

338 788 447 841 nostrae
460 798 651 860 aspergamus
664 778 780 859 glorias,
792 778 870 839 absit
882 788 917 839 ut
934 798 1025 839 canos
1042 786 1166 851 nostros,
1181 775 1271 837 unius
1288 774 1412 857 gloriosi
1431 772 1544 833 militis

338 874 524 955 contemptui
538 893 731 955 exponamus,
742 873 816 954 quin
831 874 930 955 potius
942 894 1100 957 pergamus
1114 892 1256 956 pugnare,
1268 871 1369 952 quoad
1381 870 1433 932 sel
1447 870 1541 950 perti·

337 970 456 1033 nuciam
468 969 632 1033 adversarii
644 969 802 1045 clidemus,
811 971 860 1031 vel
874 970 1002 1052 gloriose
1019 969 1109 1032 semel
1122 977 1208 1049 cepto
1220 967 1303 1049 operi
1315 966 1538 1029 immorimur.

340 1068 386 1129 Ut
398 1066 485 1143 dixit,
499 1066 581 1127 fecit.
622 1065 728 1127 Nouos
740 1086 814 1149 ergo
827 1066 942 1127 animos
955 1066 1045 1128 militi
1057 1065 1187 1139 addidit,
1201 1074 1231 1127 et
1243 1064 1460 1145 potentioribus
1474 1084 1537 1123 ma·

339 1163 437 1224 chinis
455 1162 607 1223 civitatem
625 1180 783 1243 aggressus
801 1170 856 1237 est,
872 1171 955 1225 tanto
973 1170 1091 1237 coustu,
1103 1170 1139 1223 nt
1155 1161 1234 1223 intre
1250 1180 1360 1243 pancos
1377 1160 1444 1221 dies
1464 1180 1536 1221 con-

339 1260 450 1322 stantia
476 1258 668 1341 pertinaciam
691 1257 930 1339 triumphaverit,
952 1258 1072 1339 qnando
1095 1259 1134 1319 de
1159 1259 1298 1321 dedenda
1318 1259 1393 1320 urbe
1419 1268 1537 1319 mumta

338 1356 484 1419 sententia
502 1353 682 1437 proesidiasii
700 1362 828 1417 macore
848 1364 1010 1435 coeperunt.
1063 1352 1247 1437 Subscriptis
1265 1355 1417 1435 utrimque
1439 1355 1537 1436 pactis

340 1453 484 1533 vigesima
498 1451 587 1513 tertia
601 1449 785 1531 Septembris
802 1450 885 1512 mille
903 1450 1025 1513 ducenti
1043 1450 1169 1531 pedites,
1184 1450 1266 1511 mille
1284 1451 1403 1512 circiter
1421 1450 1536 1531 equites

339 1548 462 1609 militari
476 1568 558 1607 more
571 1547 662 1608 armis
675 1556 706 1609 et
718 1547 942 1629 impedimentis
960 1546 1097 1609 instructi
1110 1567 1180 1607 cum
1198 1548 1336 1609 omnibus
1349 1547 1536 1609 solennitati-

337 1644 392 1704 bus
412 1642 523 1725 egressi
540 1651 619 1703 sunt.
660 1641 812 1714 Quoniam
835 1643 908 1705 verb
924 1642 1092 1705 Wancldus
1113 1653 1219 1705 contra
1237 1652 1326 1725 pacta
1347 1643 1536 1705 munimenta

336 1739 439 1819 eliqua
457 1739 598 1800 evertisse
617 1752 648 1800 et
667 1738 780 1830 civium
800 1740 989 1820 quorundam
1010 1741 1115 1803 domos
1133 1740 1272 1822 spoliasse
1292 1750 1361 1801 ente
1381 1760 1534 1821 egressum
1595 1782 1596 1801 ι

337 1835 506 1909 ferebatur3
535 1854 572 1896 ac
598 1834 691 1897 etiam
712 1835 886 1919 vigiliarum
907 1835 1095 1918 profectum,
1119 1837 1246 1899 militem
1271 1838 1323 1917 qui
1346 1836 1475 1901 antehac
1498 1859 1533 1899 ex

339 1930 466 1992 Saxonis
478 1938 562 2012 parte
579 1931 760 1993 militaverat
778 1942 971 2013 repetentem,
985 1932 1074 2014 globo
1092 1934 1249 2014 trajecerat
1266 1933 1375 1995 milites
1392 1934 1489 1995 nostri
1503 1935 1532 1994 in

337 2028 467 2090 furorem
487 2028 559 2103 acti,
583 2027 777 2107 quantumvis
797 2038 903 2089 contre
922 2030 1067 2091 niteretur
1091 2030 1228 2091 Saxouiae
1253 2030 1384 2104 Elector,
1408 2038 1440 2093 et
1459 2032 1533 2091 Dux

339 2124 594 2206 Imveuburgicus,
618 2123 651 2184 iu
664 2122 810 2184 Wanckii
833 2124 943 2185 milites
962 2124 1123 2202 irruerunt,
1146 2146 1197 2187 eos
1219 2146 1381 2207 eorumque
1405 2128 1534 2208 impedi·

337 2229 440 2281 menta
462 2220 660 2301 diripuerunt,
675 2219 833 2300 ipsumque
856 2220 976 2281 Ducem
998 2225 1162 2303 cobgernnt
1184 2232 1338 2303 pectorum
1362 2224 1532 2305 exemplum

338 2317 473 2380 reddere.
505 2316 597 2391 Quod
610 2326 713 2399 postea
724 2316 883 2398 peracerbo
897 2316 990 2378 sensit
1003 2316 1161 2380 Generalis
1176 2318 1327 2397 Stalbaus,
1342 2319 1395 2400 qui
1407 2338 1439 2381 se
1453 2321 1532 2402 iuju-

339 2414 414 2475 riam
428 2415 527 2495 prima
539 2414 640 2475 oblata
652 2413 809 2475 occasione
820 2412 951 2474 ulturum
964 2414 1148 2496 gravissimis
1156 2417 1255 2478 verbis
1266 2417 1465 2478 comminatus
1478 2427 1531 2478 est.

378 2508 559 2590 Compositis
576 2510 699 2571 tandem
722 2508 818 2570 turbis
837 2509 982 2591 vigesimo
1003 2519 1087 2571 sexto
1105 2509 1288 2592 Septembris
1309 2511 1432 2573 Elector
1451 2513 1531 2574 Saxo

337 2605 442 2665 urbem
456 2605 552 2666 victor
565 2606 718 2687 ingressus
730 2619 794 2681 est3
817 2614 847 2666 et
860 2627 931 2668 mox
944 2607 975 2668 in
989 2607 1130 2688 primerio
1143 2609 1255 2688 templo
1268 2609 1422 2670 decantari
1434 2610 1530 2670 soluit

337 2701 485 2781 hymnum
507 2701 576 2764 SE.
596 2702 750 2762 Ambrosii
764 2709 796 2764 et
809 2703 986 2785 Augustini,
1000 2725 1128 2785 cumque
1145 2704 1272 2766 biduum
1291 2705 1403 2766 ibidem
1422 2707 1528 2766 substi-

336 2798 429 2868 tisset,
448 2817 484 2858 ac
503 2797 649 2879 vigesimo
667 2807 774 2859 octavo
793 2799 929 2880 ejusdem
949 2799 1049 2861 hebito
1068 2809 1137 2861 ente
1157 2803 1262 2862 urbem
1282 2801 1473 2874 armilustrio,
1489 2803 1527 2864 ad

335 2895 531 2956 obsidendam
549 2894 746 2975 Lembergem
759 2898 862 2974 (quem
877 2895 1050 2958 Colonellns
1064 2897 1237 2980 Capannins
1250 2899 1315 2979 jam
1329 2898 1446 2979 pridem
1461 2919 1527 2979 pro·

276 3027 279 3034 ·
337 2993 442 3053 dromo
455 2991 545 3052 militi
559 2990 704 3066 cinxerat)
717 2993 882 3052 exercitum
896 2993 1065 3070 dimisisset,
1078 2995 1198 3056 Elector
1213 2994 1273 3056 und
1287 3015 1355 3056 cnm
1366 2993 1527 3056 vulneratis

334 3088 405 3148 belli
419 3089 546 3149 ducibus
561 3087 700 3148 Drestam
714 3087 812 3148 redire
827 3087 974 3151 institnit:
995 3091 1044 3152 cui
1060 3091 1181 3152 honoris
1194 3109 1285 3153 causa
1297 3091 1337 3152 sd
1352 3111 1446 3152 uuum
1461 3091 1525 3152 mil·

335 3183 410 3244 liare
417 3186 554 3263 juniores
567 3183 726 3265 Principes
738 3183 859 3244 obviem
869 3198 1076 3265 processerunt
1087 3199 1122 3249 ut
1134 3189 1268 3250 Domino
1280 3187 1396 3268 parenti
1410 3187 1523 3248 felicem

337 3281 558 3360 expeditionem
572 3290 602 3343 et
614 3280 770 3342 victoriam
784 3281 1015 3363 gratularentur.
1263 3277 1267 3286 ’

377 3374 416 3434 Iu
429 3375 582 3436 combibat
594 3375 626 3435 iu
640 3384 789 3456 posterum
804 3376 942 3440 militaris
955 3399 1029 3441 cura
1042 3380 1277 3464 Icrenburgico,
1293 3381 1324 3442 iu
1338 3401 1397 3462 qua
1410 3383 1522 3444 sdmin·

335 3471 471 3534 istranda
483 3471 646 3532 maximam
659 3471 716 3533 sibi
730 3473 841 3533 dmum
854 3484 884 3535 et
897 3475 1023 3557 gloriam
1038 3480 1232 3560 comparavit,
1241 3480 1294 3560 qni
1307 3480 1380 3540 dum
1394 3480 1522 3540 absoluti

336 3568 502 3650 imperabat
520 3567 621 3640 militi,
634 3577 698 3630 tota
715 3581 814 3632 mente
834 3572 864 3632 in
883 3571 940 3634 hoc
959 3574 1097 3652 intendit,
1111 3585 1146 3636 ut
1162 3576 1284 3638 licentio
1296 3576 1433 3638 militaris
1445 3597 1521 3638 com·

335 3664 522 3744 primeretur.
560 3663 667 3727 Vetuit
687 3666 788 3748 itaque
812 3670 867 3730 sub
888 3670 1070 3752 gravissimis
1090 3672 1196 3754 poeuis,
1217 3693 1256 3736 ue
1277 3674 1345 3754 quis
1364 3675 1437 3736 locis
1457 3675 1522 3736 Deo
