3225 4700
408 395 411 399 .
498 325 520 389 Ι
526 325 583 390 TI
588 325 659 390 NE
670 323 806 391 RARI
817 324 902 390 UM.
1233 323 1296 386 359

99 473 179 558 pulsi
193 480 276 554 sunt)
289 478 492 541 defensionem
506 482 635 562 experiri
649 481 745 542 voluit
759 480 958 542 Gubernator.
1002 477 1186 559 Praeparatis
1199 477 1296 537 omni-

99 571 157 631 bus
171 573 211 633 ad
224 577 478 658 oppugnationem
494 579 677 653 necessariis,
692 579 802 639 validis
817 579 925 639 ictibus
938 576 1069 658 quassati
1083 576 1212 657 primum
1227 585 1297 636 sunt

99 669 191 744 muri,
208 673 425 752 responderunt
439 697 498 735 non
513 676 621 736 minori
633 676 760 756 strepitu
776 675 966 757 praesidiarii,
982 675 1034 754 qui
1049 673 1161 734 crebris
1175 673 1297 753 insuper

99 765 308 844 eruptionibus
324 769 454 832 hostium
475 784 573 833 castra
589 773 770 853 carpebant3
792 772 892 852 quoad
911 772 1057 846 incursus,
1075 771 1114 831 ad
1133 769 1230 851 ipsum
1246 769 1297 828 tri·

99 861 197 921 dnum
216 863 280 923 sine
299 863 361 924 ulla
380 865 442 927 fere
461 867 680 928 intermissione
698 868 896 942 continuatos,
917 868 1085 928 obsidentes
1103 875 1297 947 susceperunt

99 976 181 1016 vano
194 969 312 1033 conatu,
324 970 354 1020 et
364 982 423 1020 non
436 962 496 1023 levi
510 984 564 1025 suo
575 965 695 1025 damno.
739 964 811 1024 Duo
824 964 905 1024 enim
915 985 953 1024 ex
963 962 1119 1024 tormentis
1134 963 1296 1042 majoribus

100 1067 293 1134 crepuerunt,
308 1067 338 1118 et
352 1059 449 1140 pulvis
462 1060 582 1122 defecit.
624 1060 725 1133 Quem
739 1071 773 1121 ut
787 1060 953 1122 Novesium
972 1059 1132 1140 supplevit,
1150 1060 1189 1119 ad
1206 1061 1297 1119 inter·

98 1151 207 1211 missas
222 1153 435 1233 ejaculationes
447 1157 577 1217 reditum
590 1167 645 1218 est.
686 1157 805 1230 Quibus
824 1157 918 1218 nihilo
932 1157 1098 1218 timidiores
1114 1156 1224 1215 obsessi
1238 1155 1297 1215 for-

100 1245 215 1308 tissime
226 1251 399 1312 restiterunt
412 1251 512 1332 aliquo
524 1272 621 1333 operae
635 1255 748 1334 precio,
763 1273 833 1314 nam
847 1263 1045 1335 praeterquam
1060 1253 1142 1332 quod
1151 1251 1297 1334 =Generuli

98 1342 238 1423 'l'rrpadel
257 1346 395 1418 bacillus,
410 1369 499 1429 quem
513 1349 685 1410 officialium
700 1349 877 1410 militarium
890 1349 1026 1410 instituto
1040 1349 1179 1408 manibus
1192 1347 1297 1429 praefc·

99 1439 198 1515 rebat,
212 1461 354 1505 excussus
365 1443 464 1515 fuerit,
479 1466 636 1526 supremus
646 1446 768 1527 insuper
780 1445 893 1529 vigiliis
906 1444 1063 1526 praefectus
1074 1443 1202 1526 legionis
1214 1444 1297 1505 Gue-

100 1537 215 1598 brianae
230 1539 338 1601 fistulae
354 1541 418 1602 ictu
436 1543 552 1603 occisus
570 1550 624 1603 est.
667 1542 819 1604 Videbunt
838 1542 958 1602 int'erim
974 1542 1095 1617 obsessi,
1111 1561 1142 1602 se
1154 1539 1298 1622 paulatim

100 1643 187 1695 tanto
207 1636 352 1697 exercitui
369 1638 587 1713 succubitnros,
607 1649 774 1700 statuerunt
791 1637 930 1700 honestas
949 1638 1144 1709 conditiones,
1165 1657 1240 1718 quas
1260 1637 1298 1696 ab

101 1731 310 1794 obsidentibus
323 1733 380 1794 sibi
394 1735 521 1795 concedi
534 1735 732 1816 postularunt,
746 1755 814 1815 quae
830 1755 900 1796 cum
914 1745 1031 1816 negatae
1045 1744 1153 1811 essent,
1168 1733 1299 1796 obstina-

101 1838 177 1889 runt
190 1831 228 1890 ad
242 1840 407 1891 extremum
418 1841 519 1892 tenere
535 1833 690 1913 oppidum,
705 1832 879 1913 judicantes
896 1832 1001 1892 melius
1018 1831 1081 1892 fore
1099 1829 1228 1913 gloriose
1247 1852 1297 1892 oc-

102 1926 256 2001 cumbere,
272 1927 362 2007 qudm
377 1927 576 2009 ignominiose
589 1929 680 1990 vinci.

147 2023 238 2084 Sexta
255 2025 399 2106 agebatur
418 2023 497 2085 Maii
516 2026 638 2105 quando
659 2024 980 2086 Gallo-Wimarienses
997 2023 1226 2085 furiosissimum
1248 2025 1299 2086 de-

103 2120 215 2180 derunt
228 2119 384 2194 assultum,
399 2121 453 2181 sed
465 2141 535 2180 cum
549 2121 660 2182 damno
673 2122 784 2202 repulsi
798 2134 878 2192 sunt,
892 2141 952 2201 quo
966 2122 1045 2182 facto
1056 2119 1166 2180 obsessi
1177 2119 1299 2201 insuper

103 2237 217 2298 magno
231 2237 356 2278 numero
370 2229 533 2298 eruperunt
547 2219 580 2279 in
593 2217 720 2292 hostem,
735 2218 897 2299 multisque
912 2217 1007 2289 caesis,
1021 2217 1137 2297 aliquot
1149 2236 1221 2277 vasa
1234 2216 1299 2298 pul·

103 2335 177 2376 vere
185 2315 272 2396 pyrio
281 2323 389 2376 onusta
397 2315 589 2376 commoddm
599 2314 766 2377 intulerunt
778 2316 809 2376 in
821 2315 977 2396 oppidum.
1019 2313 1139 2374 Dehinc
1152 2312 1300 2375 cuniculis

104 2423 217 2488 actum,
233 2433 268 2473 ac
282 2413 400 2473 decima
414 2412 492 2473 Maii
506 2412 620 2493 primus
634 2434 794 2473 succensus
807 2423 864 2488 est,
879 2414 932 2493 qui
952 2413 1059 2473 rimam
1073 2412 1199 2493 triginta
1211 2413 1299 2473 facile

104 2511 219 2591 pedum
237 2514 363 2590 aperuit,
383 2530 453 2570 eum
469 2509 540 2570 verb
559 2508 655 2570 hiatui
671 2510 780 2570 obsessi
801 2510 1006 2590 opposuissem
1021 2528 1122 2589 sepem
1140 2510 1230 2569 etiam
1247 2509 1300 2570 illo

106 2607 221 2686 impetu
235 2606 305 2667 caesi
320 2616 391 2667 suut
410 2606 607 2680 incurrentes,
621 2605 796 2666 desideratis
815 2626 939 2666 suorum
954 2606 1116 2685 octoginta,
1131 2606 1210 2666 inter
1223 2627 1298 2686 quos

105 2706 168 2765 duo
187 2704 386 2765 centuriones.
429 2703 513 2775 Quin
533 2712 564 2763 et
583 2702 659 2762 alius
679 2702 801 2784 insuper
822 2702 1015 2784 Capitaneus,
1038 2703 1107 2763 cium
1127 2701 1166 2764 ad
1187 2702 1299 2763 moenia

105 2800 229 2882 propids
243 2800 423 2873 accessisset,
438 2798 610 2881 praegrandi
623 2818 694 2859 saxo
708 2818 865 2879 oppressus
879 2809 934 2860 est.

149 2896 294 2957 Nondum
308 2895 423 2956 destitit
442 2895 534 2955 hostis
551 2895 684 2955 obsessos
703 2907 801 2975 petere
808 2917 820 2969 ,·
841 2904 930 2955 nocte
947 2893 1027 2955 enim
1042 2894 1300 2976 intempestaeque

107 2992 298 3054 undecimam
314 2990 392 3052 Maii
409 3001 512 3051 secuta
528 3001 574 3052 est
589 2990 815 3071 impressionem
828 3011 938 3052 novam
952 2990 1117 3051 adornavit.
1160 2990 1301 3071 Datoque

107 3092 195 3173 signo
205 3087 322 3149 evocati
332 3086 440 3147 milites
450 3098 666 3149 concurrerunt
678 3088 710 3147 in
722 3087 837 3161 castris,
850 3087 889 3147 ad
898 3106 987 3166 quem
998 3086 1221 3167 reprimendum
1231 3088 1300 3148 cirru

108 3186 223 3247 viribus
239 3184 301 3246 suis
320 3183 491 3245 diffiderent
512 3182 629 3255 urbani,
650 3185 766 3245 aedibus
785 3184 966 3264 quibusdam
986 3184 1146 3255 succensis,
1167 3205 1205 3245 ne
1224 3184 1301 3246 hosti

108 3285 189 3344 intra
212 3282 321 3343 moenia
346 3279 543 3341 habitationes
564 3280 776 3360 relinquerent,
802 3280 842 3341 ad
866 3278 1125 3361 propugnaculum
1147 3282 1301 3361 quoddam

14 3361 17 3376 .
107 3380 190 3462 quod
202 3380 283 3440 intra
294 3398 393 3439 arcem
404 3387 434 3437 et
446 3376 551 3436 urbem
566 3376 597 3436 in
609 3388 750 3437 eventum
763 3377 980 3449 excitaverant,
995 3396 1026 3437 se
1040 3386 1238 3453 retraxerunt,
1249 3378 1302 3438 sed

108 3478 178 3539 cbm
193 3496 248 3537 nec
262 3475 329 3535 istic
347 3474 459 3535 securis
476 3493 539 3533 esse
558 3471 672 3547 liceret,
687 3492 777 3554 porro
792 3474 823 3533 in
842 3491 941 3532 arcem
962 3474 1073 3552 recepti
1087 3482 1167 3544 sunt,
1181 3493 1217 3533 ac
1231 3474 1302 3535 inde

108 3574 224 3635 hostem
238 3571 324 3632 noris
333 3570 493 3653 aggeribus
504 3569 840 3649 eruendisoccupatum,
853 3568 974 3629 tertium
986 3567 1210 3642 lacessiverunt,
1220 3578 1302 3631 tanta

109 3671 231 3746 virtute,
255 3678 289 3729 ut
310 3670 409 3729 denuo
427 3667 538 3748 oppido
558 3666 738 3747 pepulerint.
781 3666 917 3745 Septima
937 3668 1055 3729 decima
1075 3668 1163 3743 Maii,
1191 3668 1301 3731 Hesso-
