3225 4700
488 311 512 376 Ι
519 308 802 379 TINERARI
813 309 899 377 ΠΜ.
1231 309 1292 373 201

125 458 209 521 Hoc
227 460 289 523 iere
310 462 415 524 eodem
435 470 567 546 tempore
586 464 744 527 Generalis
764 462 962 525 Suedicarnm
974 460 1138 543 Copiarum
1152 458 1292 522 Stalhans

65 554 279 619 obsidionem
295 557 549 621 Glockoviensem
563 560 677 622 solvere
690 570 813 622 coactus
822 569 877 634 est,
889 579 959 621 cum
968 557 1088 620 interim
1101 556 1291 619 serenissimi

67 650 278 715 Archiduois
297 674 382 715 arma
401 664 506 717 contra
521 657 727 719 Clumutuium
748 657 839 729 irent,
859 657 941 736 quod
959 676 1020 717 non
1040 675 1152 738 magno
1170 653 1291 734 negotio

66 746 324 829 interceperunt,
344 752 606 834 prasidiariosque
626 753 694 814 istic
711 752 850 814 servituti
863 752 992 815 Caesaris
1010 752 1144 812 volentes
1156 757 1186 811 et
1197 748 1290 810 ultre·

65 862 162 904 neos
176 846 378 926 subjecerunt.
421 849 507 910 Hinc
520 870 590 910 mox
604 850 643 911 ad
655 848 948 931 Koningskratzium
961 849 1082 910 admota
1094 857 1140 908 est
1150 845 1288 921 ballivis,

68 960 180 1020 quam
195 941 347 1025 indigenas
360 944 471 1007 milites
484 946 538 1008 diu
555 947 699 1009 sustinere
719 965 780 1007 non
800 954 973 1027 potnerunt,
993 965 1029 1006 ac
1049 943 1146 1025 primo
1165 942 1288 1023 quidem

66 1035 201 1098 vexilla
218 1057 273 1099 sua
290 1040 491 1103 obsidentium
505 1043 631 1123 imperio
649 1062 702 1123 per
715 1042 828 1103 moenia
840 1042 947 1123 ejicere
961 1038 1107 1121 compulsi
1121 1047 1202 1112 sunt,
1216 1058 1287 1097 mox

68 1152 160 1193 vero
173 1142 206 1194 et
218 1133 276 1215 ipsi
289 1156 352 1198 sese
371 1136 509 1200 Caesareo
527 1139 670 1200 exercitui
693 1138 886 1200 Sacramenta
907 1138 1103 1219 obstringere.
1145 1134 1287 1215 Hungari

68 1226 204 1290 interea
217 1239 247 1291 et
261 1229 382 1293 croatae
396 1252 465 1295 cum
479 1233 556 1296 nibil
574 1234 761 1308 feriarentur,
776 1234 830 1295 sed
843 1234 1012 1316 conjunctis
1025 1232 1139 1294 viribus
1151 1230 1286 1312 quotidie

69 1323 108 1384 in
135 1324 256 1387 hostem
277 1339 480 1407 excurrerent,
501 1339 610 1411 praeter
626 1331 760 1412 captivos
778 1330 924 1411 plurimos
941 1331 1043 1412 opima
1055 1347 1175 1409 quoque
1192 1326 1287 1407 spolia

69 1422 264 1483 retulerunt.
304 1424 392 1486 Alibi
416 1446 486 1489 vero
504 1426 679 1490 Colonellus
701 1426 864 1488 Saradeslri
884 1448 945 1489 non
966 1428 1065 1488 minus
1082 1435 1203 1487 strenue
1221 1444 1285 1484 rem

72 1518 161 1597 egit,
185 1518 376 1603 hostiumque
400 1532 514 1585 turmas
534 1522 683 1605 plusculas
710 1522 781 1584 hinc
808 1523 880 1584 inde
902 1525 1040 1599 obruens,
1060 1522 1137 1583 mira
1159 1520 1287 1581 andacia

71 1614 201 1677 stravit.
247 1615 466 1681 Picolomiuius
488 1640 607 1701 quoque
629 1640 683 1702 per
703 1639 772 1681 suos
795 1618 912 1681 bellicae
936 1618 1054 1680 virtutis
1075 1626 1285 1699 argumentum

74 1710 247 1773 duodecim
269 1711 399 1776 hostium
417 1716 529 1778 vexilla
548 1716 580 1777 iu
599 1736 699 1778 arcem
718 1714 980 1777 Pardowioensem
997 1712 1037 1775 ad
1055 1712 1284 1775 serenissimum

75 1807 294 1871 Archiducem
311 1810 463 1892 deportari
485 1812 610 1873 curavit.
652 1812 737 1873 Hinc
755 1812 849 1897 igitur
870 1810 959 1892 paulo
980 1822 1047 1893 post
1064 1808 1213 1870 Serenitas
1230 1826 1285 1869 suu

77 1924 160 1964 cum
174 1914 236 1966 tcto
252 1907 385 1970 exercitu
399 1909 556 1971 discedens
575 1908 777 1971 Gidschinnm
794 1908 954 1989 promovit,
973 1926 1009 1967 ao
1025 1904 1111 1967 nulla
1128 1905 1285 1985 interjecta

75 2018 174 2061 more
187 2000 364 2065 Generalem
380 2005 586 2067 Hatnfeldium
600 2004 764 2067 celerrimis
777 2004 933 2067 itineribus
946 2024 1016 2065 euru
1030 2020 1188 2063 numeroso
1202 1999 1282 2061 mili-

76 2104 154 2157 tnm
164 2098 293 2179 agmine,
305 2100 358 2182 qni
368 2100 504 2182 plerique
517 2102 631 2183 equites
642 2109 736 2177 erent,
749 2100 944 2182 pauculisque
954 2099 1110 2162 tormentis
1118 2096 1284 2180 majoribus

76 2192 207 2255 bellicis
227 2194 346 2275 hostem
365 2199 504 2279 persequi
527 2199 681 2280 praecepit,
707 2200 859 2279 quirem,
883 2197 966 2278 quod
990 2197 1108 2258 Ducem
1133 2194 1282 2277 ejusmodi

77 2291 221 2365 decebat,
243 2293 362 2356 sortiter
382 2314 489 2377 gerens
513 2294 545 2357 in
565 2295 630 2358 dies
654 2294 788 2379 singulos
810 2294 943 2376 captivos
966 2293 1110 2374 plurimos
1132 2292 1173 2352 ad
1195 2310 1280 2352 snam

78 2387 282 2451 Serenitatem
297 2399 375 2452 retro
390 2391 481 2466 misit,
496 2390 597 2474 plures
606 2412 677 2452 vero
687 2412 762 2473 quos
771 2391 844 2452 binc
858 2390 929 2452 inde
942 2389 1046 2451 militis
1059 2388 1153 2451 nostri
1166 2387 1281 2469 primus

76 2485 173 2545 ardor
186 2487 328 2549 obruerat
341 2487 543 2549 internecione
557 2487 677 2549 delevit.

119 2580 240 2643 Videns
252 2583 354 2663 itaque
369 2583 534 2644 Bannirius
547 2591 682 2645 nostrum
700 2583 797 2644 indies
810 2582 976 2645 exercitum
988 2602 1043 2644 suo
1055 2580 1151 2642 milite
1163 2583 1278 2662 angeri,

77 2696 149 2737 suas
162 2697 236 2738 vero
249 2679 350 2761 copias
362 2678 531 2740 notabiliter
544 2679 684 2755 diminui,
700 2679 944 2760 Lydomerioium
961 2697 1080 2739 omnem
1098 2667 1280 2739 snum‘mili·

76 2781 139 2834 tem
153 2774 302 2850 evocavit,
317 2794 445 2856 cumque
458 2776 649 2838 commodum
663 2775 922 2837 animadvertisset
932 2773 1033 2835 locum
1046 2772 1197 2854 paulisper
1211 2772 1279 2833 snb-
1384 2813 1388 2827 .

76 2869 218 2946 sistendi,
232 2870 282 2932 vel
301 2871 326 2932 si
345 2891 392 2932 res
406 2872 492 2933 daret
508 2881 573 2933 tuto
592 2869 767 2954 effugiendi,
789 2870 858 2931 istic
879 2869 1054 2951 aliquandiu
1075 2867 1277 2948 interquierit,

77 2965 157 3027 nihil
179 2987 252 3027 vcro
269 2969 435 3049 quidquam
457 2967 648 3029 laudabiliter
669 2967 771 3049 gessit,
793 2966 851 3026 nisi
869 2966 952 3047 quod
969 2965 1082 3045 templa
1097 2965 1212 3045 aliquot
1224 2985 1278 3046 per

77 3061 146 3124 illas
169 3073 270 3144 partes
293 3064 479 3145 expilaverit,
503 3063 648 3145 pluraque
671 3062 845 3124 molendina
866 3060 999 3121 maxima
1023 3060 1167 3122 frumenti
1190 3062 1277 3143 copia

77 3159 201 3235 resarta,
215 3161 370 3235 exusserit,
384 3160 480 3222 multa
493 3179 612 3240 quoque
629 3159 800 3220 modiorum
819 3167 946 3219 centena
964 3157 1068 3231 millia,
1088 3166 1150 3218 tam
1168 3157 1199 3218 in
1213 3157 1276 3218 sili-

77 3254 148 3334 gine
163 3275 256 3336 quam
269 3256 327 3318 alic
341 3255 483 3317 frumenti
497 3275 669 3337 genereus
684 3255 715 3315 in
730 3273 837 3315 manus
855 3253 1120 3334 Imperatoriorum
1137 3253 1275 3317 venirent

78 3351 109 3410 in
122 3351 231 3413 Albim
245 3351 361 3415 effundi
374 3353 512 3428 voluerit,
524 3353 591 3433 jam
605 3354 677 3415 dum
694 3353 776 3414 enim
789 3352 950 3412 immanem
966 3351 1109 3412 frumenti
1127 3353 1276 3432 quantita-

78 3457 136 3509 tem
157 3449 251 3510 nostri
269 3449 360 3510 variis
375 3450 406 3510 in
421 3449 494 3510 locis
508 3449 736 3530 interceperant,
751 3467 842 3530 quam
867 3447 1031 3508 Bannirius
1048 3447 1152 3508 sedulo
1172 3448 1275 3529 colligi

79 3543 199 3622 iecerat,
223 3545 266 3606 ita
286 3556 320 3606 nt
341 3565 491 3607 nonnemo
515 3565 576 3605 non
598 3545 720 3628 illepide
743 3544 925 3607 Bannirium
947 3544 1060 3605 diceret
1079 3543 1274 3605 carissimum

29 3621 33 3660 ⁵
79 3659 206 3704 annonae
219 3642 364 3705 Oaessrete
378 3641 579 3703 collectorem.

682 3757 701 3794 D
718 3757 737 3794 D
