3225 4700
346 297 412 364 368
737 289 1156 360 ITINERARIUM.

387 445 634 507 Abominandum
647 455 701 518 est,
714 445 796 524 quod
811 445 900 506 certis
914 445 1084 506 cursoribus
1099 442 1244 506 Helvetia
1257 441 1427 505 transmisit
1442 439 1556 500 bestia·
1575 455 1576 462 ¹

346 541 437 603 litatis
451 541 677 602 documentum.
706 540 771 602 Ubi
784 541 856 602 foete
867 542 977 604 bucula
988 544 1064 604 duos
1078 541 1212 602 hnmana
1224 541 1323 624 specie
1336 551 1367 600 et
1380 539 1489 601 forma
1504 535 1557 595 ab·

346 637 553 711 solutissimos,
572 636 598 698 si
614 639 748 698 membra
764 649 890 719 spectes,
911 638 1000 700 foetus
1017 641 1121 701 eodem
1136 652 1226 721 partu
1242 639 1330 700 enixa
1343 647 1399 710 cst,
1418 655 1556 718 puerum

345 735 459 796 seilicet
472 744 503 796 et
519 735 660 817 puellam.
702 733 888 796 Cohorrubre
906 737 946 796 ad
963 736 1167 816 spectaculum
1186 734 1353 810 domestici,
1371 733 1451 794 dum
1476 732 1556 791 sorte

345 832 535 894 illucescente
555 832 605 894 die
626 833 657 892 in
679 830 829 894 stabulum
851 835 1055 914 penetravere,
1078 843 1109 894 et
1130 832 1272 893 horrendi
1292 831 1401 914 flagitii
1430 829 1555 890 indicia

345 931 544 1010 conspexere:
573 949 629 990 nec
649 928 778 990 multbm
799 928 943 1002 cunctati,
964 929 1004 989 ad
1022 927 1191 1012 legitimum
1212 927 1433 1011 Magistratnm
1458 945 1555 1006 nego·

346 1026 420 1088 tium
434 1026 616 1098 detulerunt,
629 1027 649 1086 b
663 1045 725 1107 quo
744 1024 930 1100 conclusum,
945 1036 979 1087 ut
997 1045 1088 1106 pecus
1106 1026 1178 1108 igne
1192 1027 1408 1098 absumeretur,
1426 1025 1460 1084 in
1477 1043 1551 1082 auc-

345 1133 439 1184 torem
453 1123 525 1184 verb
543 1121 652 1204 flagitii
667 1121 771 1182 sedulb
788 1120 997 1202 inquireretur,
1015 1121 1067 1204 qui
1085 1123 1111 1182 si
1130 1133 1266 1204 repertus
1285 1131 1372 1196 essct,
1394 1119 1550 1181 custodie

344 1219 542 1294 addiceretur,
556 1219 668 1300 quoad,
682 1219 757 1299 quid
770 1219 974 1300 impurissimo
987 1221 1093 1282 lenone
1107 1219 1271 1302 agendum,
1286 1215 1409 1278 decerni
1426 1227 1549 1298 posset:

344 1317 434 1377 ambo
447 1316 519 1377 verb
532 1316 620 1377 foetus
634 1314 778 1396 tantisper
790 1327 1048 1391 conservarentur,
1058 1317 1157 1397 quoad
1166 1316 1307 1397 judicare
1318 1313 1424 1376 liceret
1435 1335 1547 1375 verene

344 1413 481 1475 homines
498 1413 613 1473 ratione
631 1412 752 1493 prediti
768 1424 878 1488 essent,
894 1433 931 1474 an
950 1414 1039 1474 bruta
1055 1433 1175 1495 pecora,
1190 1412 1300 1493 quibus
1318 1422 1545 1472 sacramentum

344 1510 577 1593 regenerationis
591 1510 762 1591 negandum
775 1520 830 1571 aut
842 1509 1074 1591 impertiendum
1089 1510 1174 1572 foret.

385 1607 590 1669 Monstrosum
605 1627 722 1687 quoque
742 1617 861 1686 partum
877 1606 956 1667 fudit
972 1606 1076 1667 infelix
1092 1615 1198 1680 mater,
1219 1605 1340 1666 sartoris
1355 1614 1387 1665 et
1399 1603 1544 1664 vinitoris

343 1703 500 1786 cujusdam
515 1723 599 1778 uxor,
618 1702 722 1784 oppidi
741 1702 901 1779 Hochstat,
922 1703 1081 1764 comitatus
1097 1701 1300 1764 Hanoviensis
1315 1699 1435 1772 incolae,
1452 1700 1543 1762 foetus

344 1821 380 1860 ex
396 1809 481 1861 utero
497 1799 601 1860 vivens
618 1819 655 1860 ac
672 1799 789 1879 spirans
805 1820 940 1882 egressus
958 1811 1012 1870 est,
1028 1799 1232 1880 referebatque
1253 1798 1406 1880 geminam
1423 1798 1539 1878 prolem

341 1896 475 1958 humana
494 1895 593 1978 specie
610 1895 783 1977 perfectam,
803 1896 959 1978 geminum
976 1895 1004 1956 ei
1024 1906 1116 1976 caput
1133 1907 1206 1969 erat,
1224 1894 1307 1957 alind
1327 1895 1458 1955 alterum
1479 1915 1539 1954 res·

342 1992 467 2074 piciens,
480 2013 541 2054 snae
555 1992 652 2054 cuivis
664 2013 761 2068 aures,
777 1992 867 2068 oculi,
880 2014 978 2067 nasus,
989 1992 1082 2062 frons,
1094 2014 1137 2066 os,
1152 1993 1267 2074 lingua,
1280 1991 1371 2067 labia,
1387 2003 1536 2061 mentum,

343 2111 449 2151 manus
463 2090 581 2171 utrique
595 2099 626 2150 et
639 2091 730 2170 pedes
743 2090 867 2171 proprii,
882 2110 949 2151 cum
965 2089 1114 2151 consuetis
1132 2089 1246 2152 bomini
1260 2089 1365 2170 digitis
1378 2099 1408 2149 et
1424 2088 1536 2170 ungui-

343 2187 408 2261 bus,
419 2187 537 2268 aliaque
550 2186 652 2248 omnia
661 2189 795 2249 membra
807 2189 844 2248 ab
859 2187 989 2249 bumana
998 2186 1172 2268 symmetria
1184 2185 1260 2247 nihil
1273 2184 1447 2246 abludentis
1461 2205 1537 2265 prae·

342 2293 479 2364 terquam
492 2284 574 2365 quod
585 2283 734 2345 anteriore
748 2295 832 2366 parte
846 2284 958 2345 ventris
969 2285 1012 2345 ita
1021 2283 1202 2358 coaluerant,
1213 2292 1247 2344 ut
1260 2282 1434 2344 communia
1447 2281 1537 2342 intes-

341 2378 405 2440 tina
413 2379 587 2443 viderentur
599 2381 719 2456 habere,
731 2402 787 2443 nec
801 2380 896 2442 ullum
912 2384 998 2443 sexbs
1013 2382 1174 2443 discrimen
1188 2390 1352 2462 appareret.
1397 2380 1534 2461 Uterque

342 2476 435 2537 vitam
458 2488 488 2540 et
511 2478 642 2539 animam
664 2478 814 2560 propriam
835 2478 916 2539 visus
937 2490 982 2539 est
1003 2478 1123 2553 habere,
1144 2488 1233 2559 atque
1253 2477 1362 2538 exinde
1382 2478 1534 2558 duplicem

342 2573 434 2634 fuisse
447 2572 597 2635 hominem
610 2576 841 2657 comprobarunt
855 2575 972 2657 physici
986 2588 1016 2637 et
1028 2576 1154 2637 medicae
1167 2574 1240 2636 artis
1252 2573 1350 2654 periti,
1364 2574 1446 2654 quod
1460 2574 1535 2635 alter

342 2680 408 2750 post
426 2670 551 2731 alterum
572 2672 722 2748 defecerit,
743 2683 773 2734 et
792 2674 908 2756 primus
927 2674 1049 2755 quidem
1071 2672 1173 2734 decem
1194 2681 1310 2733 tantum
1329 2670 1410 2731 horis
1433 2692 1535 2753 snper·

344 2766 461 2842 vixerit,
475 2767 551 2828 alius
565 2769 635 2830 verb
650 2769 764 2830 vicenis
779 2770 932 2851 quaternis
947 2770 1027 2831 horis
1044 2769 1183 2849 spiritum
1197 2770 1307 2830 ducere
1321 2780 1352 2830 et
1366 2789 1398 2829 se
1413 2790 1533 2829 movere

342 2872 461 2924 notatus
480 2865 528 2925 sit.
569 2864 775 2927 convolarunt
794 2868 834 2927 ad
852 2866 977 2929 monstri
996 2866 1199 2947 spectaculum
1220 2865 1420 2947 undequaque
1440 2865 1534 2926 multa

342 2958 498 3021 hominum
513 2960 608 3022 millia
626 2964 723 3023 omnis
737 2966 836 3038 sexus,
851 2964 955 3036 mustis,
969 2974 1000 3024 et
1012 2962 1210 3025 conditionis:
1241 2962 1293 3044 qui
1308 2963 1340 3023 in
1358 2983 1453 3023 seram
1468 2984 1532 3044 pos·

342 3067 474 3119 terorum
497 3060 668 3120 memoriam
692 3080 764 3122 saro
788 3063 936 3141 quadrato
957 3070 1121 3121 monstrum
1140 3060 1235 3121 incidi
1258 3060 1427 3137 voluerunt,
1449 3062 1528 3121 etin

341 3155 445 3215 eodem
463 3156 585 3237 oppido,
603 3156 655 3217 ubi
673 3176 732 3217 non
751 3159 856 3239 procul
873 3158 891 3219 b
909 3158 1013 3239 templi
1031 3158 1143 3239 pariete
1163 3156 1291 3218 cadaver
1309 3156 1458 3237 sepultum
1477 3168 1529 3231 est,

339 3251 426 3333 erigi.

381 3349 463 3410 Dnm
480 3350 694 3436 multiplicatis,
709 3354 885 3432 portentosis
899 3352 978 3424 licet,
991 3362 1020 3414 et
1033 3352 1170 3413 nefandis
1178 3350 1306 3426 foetibus,
1319 3352 1529 3435 benignissima

340 3450 472 3510 universi
485 3469 592 3530 parens
606 3462 712 3510 natura
725 3450 945 3522 obstetricatur,
961 3462 990 3513 et
1004 3469 1168 3531 propagare
1182 3470 1276 3532 genus
1294 3448 1460 3509 humanum
1475 3450 1527 3509 fes·

339 3546 465 3607 tinando
484 3557 515 3608 et
530 3546 694 3611 exerrando
710 3548 799 3608 dietis
816 3546 890 3609 locis
905 3548 1089 3624 connititur3
1108 3546 1180 3608 alibi
1194 3547 1317 3608 sublatis
1331 3550 1347 3609 ὲ
1365 3548 1464 3609 medio
1476 3548 1526 3609 ho·

340 3643 470 3706 minibus
481 3645 614 3726 ejusdem
630 3645 779 3725 proposito
796 3645 959 3706 obsistitur.
1002 3644 1116 3706 Verbm
1133 3644 1213 3707 enim
1227 3647 1298 3707 verb
1312 3644 1439 3707 Viennae
1453 3646 1526 3707 Aus-
