3225 4700
488 319 513 386 1
520 317 808 388 TINERARI
819 319 905 386 UM.
1258 322 1323 387 407

118 474 223 536 biliter
236 472 400 556 praefuisse,
415 481 447 536 et
459 473 642 536 confidimus
655 491 717 532 nou
731 471 948 553 permissurum
962 479 996 533 ut
1008 470 1048 534 ad
1059 472 1208 554 ejusmodi
1219 474 1324 535 munia

118 572 242 654 indigui
263 573 507 653 promoveantur)
528 570 610 631 viros
631 569 736 631 doctos
755 569 876 630 virtutis
897 569 1056 641 studiosos,
1077 569 1226 651 imprimis
1249 572 1323 632 verb

121 668 227 730 Deum
240 669 380 730 timentes
393 668 519 751 deligat.

161 765 243 828 Cum
256 764 329 827 verb
342 765 433 826 etiam
446 785 485 826 ex
497 761 655 825 occasione
670 762 861 843 quorundam
875 779 1048 824 sermonum
1061 765 1173 825 temere
1188 763 1323 845 profuso·

118 883 190 924 rum
208 882 269 923 nou
283 862 326 923 ita
341 862 459 942 pridem
477 861 574 923 coacti
587 860 733 921 fuerimus
747 860 917 921 Dominum
930 861 969 922 de
983 859 1212 923 Chasteaunenf
1225 862 1323 924 udicio

118 958 271 1042 sigilliferi
283 959 413 1039 privare,
431 979 561 1039 sumque
582 958 613 1017 in
634 967 766 1018 castrum
788 955 1018 1038 Engolismeuse
1039 957 1196 1040 ablegare:
1218 959 1323 1039 praeci·

119 1057 232 1139 pimus,
259 1065 293 1117 u't
320 1056 384 1138 ipae
411 1056 525 1117 ibidem
550 1064 695 1127 servetur,
723 1051 824 1135 quoad
851 1075 910 1136 pax
938 1055 1087 1136 generalis
1114 1053 1321 1132 concludatur,

118 1154 245 1235 quaudo
254 1171 310 1234 pro
323 1153 513 1234 beneplacito
523 1153 651 1234 Roginae
661 1162 692 1212 et
699 1152 940 1213 consiliariorum
952 1153 1099 1213 sententis
1109 1153 1134 1213 si
1145 1161 1226 1214 certa
1236 1155 1322 1216 sedes

118 1253 172 1313 vel
186 1253 218 1312 iu
235 1252 283 1312 vel
301 1262 387 1313 extra
399 1270 525 1331 reguum
540 1249 695 1331 designari
711 1249 822 1330 pcterit
837 1250 868 1310 lu
887 1267 947 1330 quo
960 1267 991 1309 se
1008 1246 1048 1308 ad
1062 1247 1126 1309 dies
1140 1248 1210 1309 vitae
1226 1251 1322 1311 conti·

118 1360 208 1410 neat·
243 1348 429 1408 Maudamus
439 1348 530 1408 etiam
544 1356 580 1407 ut
589 1345 722 1407 Ducissa
734 1347 773 1407 de
783 1346 955 1408 chevreuse
966 1346 1004 1406 ub
1012 1345 1193 1427 justissimus
1207 1366 1335 1418 causas„

118 1465 215 1528 reguo
229 1444 351 1515 Gallim,
373 1462 467 1525 nsque
486 1443 527 1505 ad
546 1442 694 1504 bellorum
714 1443 807 1504 finem
830 1443 941 1530 exulet.
983 1443 1132 1506 Volumus
1149 1465 1268 1526 quoqne
1288 1457 1323 1508 ut

117 1561 177 1602 uec
190 1561 265 1622 pace
277 1541 430 1614 conclusa,
445 1542 505 1604 nisi
518 1558 556 1602 ax
570 1541 666 1622 gratia
677 1540 806 1623 Reginae
821 1541 852 1600 in
864 1559 990 1622 reguum
1002 1541 1116 1616 redeat,
1127 1542 1175 1603 vel
1186 1543 1211 1603 si
1225 1543 1322 1605 redire

116 1639 286 1720 contingat,
302 1657 340 1699 ue
360 1637 410 1698 rel
427 1656 520 1719 prope
538 1637 641 1698 aulam
659 1637 836 1718 hospitetur.
880 1637 964 1710 Quin
978 1659 1034 1700 nec
1047 1640 1114 1700 aliis
1128 1640 1237 1701 nostris
1250 1641 1321 1701 sub·

117 1735 204 1807 ditis,
218 1734 271 1816 qui
285 1734 365 1795 ultro
377 1755 409 1795 se
425 1735 528 1796 Gallia
537 1734 586 1796 vel
599 1754 637 1794 ex
651 1735 741 1795 certis
756 1735 854 1795 causis
867 1735 1093 1810 submoverunt,
1104 1737 1321 1818 cujuscumque

118 1831 303 1892 conditionis
322 1831 367 1891 illi
388 1831 512 1903 fuerint,
531 1832 646 1893 reditus
663 1833 696 1892 iu
714 1851 843 1914 regnum
857 1832 1029 1894 ullomodo
1048 1835 1247 1915 permittetur,
1261 1836 1321 1897 nisi

118 1949 190 1990 cnm
206 1929 279 2009 ipsis
292 1927 428 1988 unanimi
441 1949 589 1989 consensu
602 1929 677 1989 dicti
691 1929 856 1990 consiliarii
871 1929 1076 1992 decernerent.

163 2025 307 2106 Denique
315 2026 459 2106 jubemus
473 2035 506 2086 ut
524 2026 557 2086 in
575 2025 642 2087 haec
659 2027 762 2086 omnia
775 2036 888 2108 punctu
898 2037 1055 2107 postremae
1070 2027 1243 2099 voluntatis,
1257 2041 1320 2091 tam

118 2122 243 2204 Regina
260 2123 430 2204 gubernans
447 2124 561 2204 conjux
577 2132 689 2198 nostra,
710 2133 741 2185 et
758 2122 890 2184 liliorum
913 2135 1081 2184 nostrorum
1103 2136 1208 2200 mater,
1220 2147 1320 2207 ,quam

117 2219 213 2280 fruter
231 2229 332 2280 noster
351 2219 425 2280 Dux
444 2219 672 2280 Aurelianensis
689 2229 721 2280 et
739 2220 892 2302 principes
912 2221 1076 2303 sauguinis,
1098 2223 1200 2298 duces,
1222 2244 1318 2305 peres,

116 2314 307 2378 mareschalli
325 2326 358 2378 et
374 2316 516 2379 officiales
528 2316 616 2400 regui
629 2317 732 2379 sancte
739 2313 855 2399 jurent,
872 2318 954 2399 quod
971 2319 1073 2380 omnia
1089 2317 1155 2382 haec
1169 2320 1289 2384 decretu
1302 2322 1321 2382 d

118 2414 206 2475 uobis
215 2414 409 2496 integerrima
416 2413 477 2475 lide
489 2413 701 2475 iuviolabiliter
710 2434 829 2476 servare
838 2427 868 2476 et
877 2417 1046 2478 executioni
1057 2417 1198 2479 mandare
1207 2418 1320 2481 velint:

117 2512 151 2571 iu
170 2530 261 2591 quem
281 2509 374 2571 finem
395 2510 493 2592 primo
512 2530 632 2591 quoqne
655 2520 787 2592 tempore
807 2532 862 2593 per
885 2513 972 2594 regui
994 2514 1165 2594 provincius
1187 2515 1321 2598 publica·

119 2609 242 2668 buntur.
718 2606 736 2642 '·

161 2705 241 2766 Haec
260 2706 363 2766 omnia
379 2726 472 2767 manu
490 2716 591 2769 nostra
606 2708 781 2790 scripsimus
798 2721 830 2771 et
844 2708 1058 2773 subscribenda
1076 2712 1142 2773 aliis
1155 2712 1321 2774 communi·

117 2802 256 2864 cavimus
269 2803 477 2885 subscribiquc
486 2805 632 2887 jussimus
642 2826 695 2887 per
706 2806 857 2889 Reginum
872 2808 1032 2890 conjugem
1046 2820 1188 2879 nostram,
1200 2810 1320 2871 Ducem

118 2900 381 2974 Aurelianensem,
396 2911 427 2960 et
442 2903 633 2963 secretarium
653 2912 758 2975 status,
772 2904 939 2985 sigillisque
956 2905 1139 2966 munivimus
1152 2914 1182 2967 et
1200 2907 1320 2967 robora-

117 2998 218 3058 vimus
230 2998 271 3057 ad
286 2997 434 3058 Sanctum
448 2998 648 3074 Germanum,
662 3018 764 3061 mense
779 3002 891 3082 Aprili,
906 3002 978 3062 anni
1000 3004 1087 3062 1643.
1126 3005 1220 3064 Anno
1233 3004 1321 3087 regni

117 3096 213 3156 nostri
226 3094 384 3175 trigesimo
397 3095 495 3155 tertio.

160 3192 221 3253 His
234 3192 412 3273 subscriptis
423 3202 452 3253 et
466 3213 520 3273 per
531 3192 725 3256 Parlementa
735 3195 905 3277 publicatis,
922 3196 1069 3279 vigesimo
1081 3198 1181 3279 primo
1195 3200 1317 3261 tandem

117 3288 231 3348 mensis
249 3287 367 3369 Aprilis
385 3288 503 3369 Regius
522 3289 671 3371 Princeps
690 3292 917 3375 Primogenitus
938 3314 991 3355 sen
1005 3294 1176 3376 Delphinus
1191 3296 1319 3359 Parisiis

115 3383 265 3464 baptismo
286 3383 424 3446 admotus
444 3396 499 3447 est.
541 3386 641 3459 Quem
663 3388 730 3449 Rex
750 3401 837 3470 pater
857 3390 895 3453 da
914 3412 968 3453 suo
985 3393 1106 3453 nomine
1128 3394 1318 3456 Ludovicum

115 3479 263 3561 appellari
283 3480 391 3543 voluit.
436 3482 465 3542 E
485 3500 571 3545 sacro
591 3485 713 3546 lavacro
732 3506 801 3547 eum
823 3500 1017 3569 susceperunt
1039 3491 1161 3552 nomine
1187 3492 1318 3553 Romani

116 3576 278 3639 Pontificis
291 3578 465 3641 cardinalis
479 3580 666 3659 Macerinus,
679 3602 716 3645 oc
734 3584 856 3645 nomina
877 3584 1095 3666 Hispaniarum
1116 3587 1210 3670 Regis
1227 3587 1318 3649 Priu-

114 3696 186 3757 ceps
199 3675 333 3751 immina,
348 3678 474 3741 Condoei
488 3683 610 3762 conjux.
1068 3704 1069 3711 ¹
