3225 4700
484 354 891 423 ITINERARIUM.
1213 366 1277 430 239

128 506 200 569 Hos
213 506 470 589 consequebantur
482 506 543 569 duo
554 508 578 570 J
579 508 697 571 uniores
711 508 881 571 Anhaidini
896 509 1065 593 Principes,
1075 532 1204 594 quornm
1214 535 1278 577 res·

83 602 166 686 tigia
178 606 353 686 premebant
364 613 422 667 tres
443 605 611 688 Hungariae
631 606 746 668 scilicet
759 605 916 668 Bobemioe
935 614 966 667 et
981 607 1112 670 Austrirs
1126 608 1279 673 Cadncea·

81 708 169 762 tores
183 701 268 781 equis
286 701 435 783 generosis
447 701 599 777 sublimes,
618 701 823 783 proeibantque
835 701 919 764 salut
937 700 1097 771 Prodromi
1109 705 1279 770 IIInstrissi-

82 815 173 856 mum
184 796 361 878 Principem
376 796 563 858 Gulielmnm
577 796 787 859 Marohionem
802 797 974 859 Badensem
986 799 1125 863 similiter
1137 804 1280 885 equitem,

84 892 300 955 Marchionem
313 893 500 974 excipiebant
514 892 774 955 serenissimorum
790 894 914 955 Ducum
928 903 958 956 et
969 895 1142 960 Electorum
1156 901 1280 976 Bavari,

85 988 230 1065 Saxonis,
242 998 272 1051 et
286 989 548 1071 Brandeuburgici
560 989 664 1072 Legati
680 988 824 1071 praecipui
837 998 868 1051 et
881 990 1068 1073 principales,
1079 998 1164 1075 eque
1177 1016 1281 1060 omnes

85 1086 120 1145 in
134 1087 231 1166 equis.
272 1086 370 1148 Porro
389 1086 458 1149 Suae
477 1086 622 1149 Caesareae
641 1086 812 1167 Majestatis
830 1104 987 1167 supremus
1002 1089 1094 1149 Aula
1115 1089 1282 1156 Proel'ectus

85 1182 201 1244 Comes
214 1184 252 1245 de
266 1182 511 1258 Trautmanstori,
527 1182 650 1244 intimus
663 1200 782 1262 quoqne
800 1180 1013 1243 cubicularius
1027 1182 1098 1245 Suae
1112 1186 1281 1267 Majestatis

85 1278 271 1361 Rndolpbus
290 1280 400 1343 Comes
413 1279 451 1341 da
472 1277 632 1349 Bucheim,
649 1296 804 1358 supremus
824 1278 897 1338 item
915 1276 1045 1339 Gaesaris
1062 1277 1281 1343 Mareschallus

85 1376 181 1437 Aulae
202 1375 284 1437 Bere
306 1377 344 1437 de
367 1374 529 1457 Sternberg
547 1393 650 1436 omnes
670 1382 730 1435 tres
747 1374 873 1453 pedites,
891 1372 1026 1435 ordinem
1046 1377 1278 1456 continuabant3

86 1470 120 1531 hi
140 1482 209 1551 post
226 1492 257 1533 se
273 1472 481 1553 relinquebant
498 1470 613 1552 equites
631 1470 706 1532 duos
726 1468 879 1531 Arnoldos
893 1488 946 1530 seu
963 1470 1155 1534 Ehrnholdos
1174 1474 1280 1555 pruefe-

86 1578 187 1630 rentes
199 1568 337 1649 bicipites
353 1568 467 1649 aquilas
482 1566 613 1628 Romani
627 1565 752 1647 Imperii
765 1565 916 1646 insignia;
938 1566 1154 1648 Imperatorem
1169 1570 1281 1633 Βοιιιιι-

85 1682 163 1723 num
177 1682 294 1743 sempor
308 1663 479 1745 Angustum
498 1660 685 1741 quadrupedi
708 1658 906 1741 Neapolitano
922 1681 1013 1742 snpra
1029 1665 1151 1726 modum
1165 1677 1279 1748 specta·

87 1759 144 1821 bili
165 1761 311 1841 nigroque
332 1758 496 1821 holoserico
516 1777 599 1834 auro,
623 1766 697 1832 arte,
722 1766 753 1819 et
773 1757 921 1838 acupicto,
942 1757 1078 1835 instrato,
1098 1760 1279 1827 insidentem

87 1856 279 1937 precedebat
298 1855 385 1917 Sacri
405 1854 536 1917 Romani
556 1853 681 1935 Imperii
701 1853 919 1916 Mareschallus
936 1852 1143 1917 hereditarius
1160 1858 1279 1940 Gaapcr

89 1951 276 2015 Godelridus
289 1952 328 2015 de
342 1951 549 2034 Pappenheim
563 1970 633 2013 ense
643 1950 727 2011 nudo
738 1950 945 2023 formidabilis,
955 1962 1046 2031 atque
1056 1951 1088 2012 in
1099 1972 1177 2033 equo
1186 1954 1280 2015 nobili

87 2050 244 2122 visendus,
253 2051 341 2131 juxta
354 2050 522 2112 Caesaream
536 2049 728 2131 Majestatem
742 2049 834 2131 pedes
849 2049 953 2111 aderat
966 2050 1110 2123 Quardiae
1127 2051 1281 2133 imperiali

90 2145 261 2207 Praeiectus
278 2147 386 2209 Comes
406 2148 502 2223 Lesle,
521 2147 635 2209 Caesari
655 2148 673 2208 a
693 2158 778 2230 tergo
794 2147 878 2209 ibant
896 2146 1069 2209 Electornm
1093 2147 1231 2229 Mogoni,
1250 2158 1281 2209 et

89 2241 278 2303 Coloniensis
292 2242 477 2324 Principales
487 2253 518 2305 et
532 2244 676 2304 Primarii
688 2243 792 2325 Legati
806 2252 932 2324 uterque
943 2244 1055 2323 Eques,
1069 2243 1148 2305 sicut
1158 2253 1188 2304 et
1200 2243 1280 2305 Aus-

90 2338 194 2400 triaoae
208 2336 314 2400 domns
327 2348 358 2401 et
374 2338 601 2422 Archiepiscopi
619 2339 854 2422 salisburgensis
869 2339 974 2422 Legati
992 2338 1201 2422 protrahebant
1219 2340 1279 2404 Co-

89 2437 228 2497 mitatum
246 2436 383 2498 similiter
400 2437 431 2497 in
450 2439 544 2516 equis.
587 2437 651 2500 Sub
670 2437 761 2498 linem
781 2456 898 2518 pompas
916 2437 1062 2498 Coesarere
1079 2437 1279 2499 Reverendis-

89 2533 158 2594 simi
176 2551 212 2594 ac
227 2532 427 2594 Illustrissimi
442 2533 601 2617 Principes
618 2555 653 2596 ac
669 2533 711 2595 D.
728 2534 770 2593 D.
784 2532 1025 2604 Eichsudianus,
1040 2532 1277 2608 Ratisbonensis,

90 2639 122 2692 et
142 2628 393 2710 campidunensis
415 2629 446 2690 in
470 2650 596 2711 persona
615 2629 796 2710 equitabant.
840 2628 971 2689 Omnem
991 2629 1121 2708 denique
1142 2628 1280 2690 ordinem

90 2725 270 2788 claudebant
289 2724 471 2802 Electorum,
490 2746 526 2788 ac
545 2725 724 2807 Principum
743 2724 984 2806 reliquorumque
1003 2724 1205 2786 Dominorum
1225 2725 1281 2787 Sa·

91 2822 208 2895 ullius,
220 2821 394 2903 Stipatores,
404 2821 522 2883 Famuli
532 2821 657 2904 pedites,
667 2822 745 2883 inter
755 2841 831 2902 quos
848 2820 1012 2883 ducebatur
1022 2820 1123 2882 Saorae
1132 2819 1278 2882 Cesarea

92 2919 262 3002 Majestatis
276 2918 378 2994 rheda,
395 2919 575 3001 legatorum
594 2938 713 3000 quoque
730 2917 918 3000 Moguntini,
934 2917 1131 2990 coloniensis,
1154 2916 1278 2992 Bavari‚

92 3016 230 3091 Saxonis,
246 3014 508 3098 Brandeuburgici
522 3014 596 3076 &er
622 3015 734 3076 esseda.

131 3113 181 3176 Ne
194 3133 266 3174 vero
283 3112 314 3173 in
329 3113 414 3173 cuma
426 3113 464 3173 ob
478 3131 666 3172 numerosam
680 3108 782 3192 populi
795 3108 1019 3170 multitudinem
1032 3108 1139 3181 turbe,
1150 3118 1184 3170 ut
1196 3128 1279 3170 oom-

92 3210 223 3272 mnniter
234 3211 267 3270 in
280 3209 427 3292 ejusmodi
441 3209 529 3269 rebus
543 3207 608 3269 deri
623 3205 789 3278 consuevit,
803 3204 1014 3279 excitarentur,
1028 3212 1082 3265 aut
1093 3205 1176 3279 ordo,
1189 3225 1279 3286 qnam

91 3307 200 3389 vulgus
211 3305 284 3381 odit,
300 3305 525 3380 disturbaretur,
539 3304 616 3366 serio
631 3302 788 3364 Praefectis
801 3300 930 3362 militnm
943 3300 1086 3381 precepit
1101 3301 1278 3382 Imperator,

92 3411 126 3464 nt
139 3401 242 3464 sedulo
255 3409 394 3464 curarent
406 3422 459 3482 per
471 3421 540 3462 suos
553 3409 587 3462 ut
599 3419 702 3462 omnes
718 3396 978 3470 inconvenientia,
996 3403 1027 3455 et
1045 3395 1211 3459 insolentiae
1225 3398 1278 3460 de·

92 3499 269 3560 vitarentur.

132 3591 266 3652 Ventum
286 3589 407 3652 tandem
428 3589 530 3651 estad
549 3590 673 3664 curiam,
694 3597 784 3670 atque
804 3588 843 3649 ab
862 3587 948 3670 equis
965 3587 1147 3664 discensum,
1165 3609 1202 3652 ac
1220 3589 1278 3652 hoe

94 3688 196 3750 eodem
208 3685 313 3748 ordine
327 3687 358 3747 in
378 3687 472 3767 ipsam
491 3685 607 3746 curiam
619 3705 823 3760 conscensum,
838 3684 870 3745 in
883 3684 953 3746 aula
967 3685 1032 3766 ipsa
1050 3687 1103 3748 nbi
1116 3687 1278 3767 propositio
