3225 4700
349 339 414 403 356
748 337 1150 404 ITINERARIUM.

351 489 564 552 Serenissimus
575 491 779 574 lotharingiae
791 493 863 553 Dux
875 491 1002 554 Carolus
1013 491 1113 552 valide
1124 490 1272 552 incubuit.
1304 489 1453 550 Exeuute
1464 485 1557 570 igitur

351 589 492 667 Augusto
513 608 584 649 cum
604 589 698 669 copiis
717 590 779 649 suis
802 588 1017 671 prosectionem
1040 587 1170 650 Mottam
1192 607 1295 648 versus
1315 585 1467 658 instituit,
1493 605 1559 644 cnm

352 682 461 757 Gallis,
476 683 625 764 siquidem
638 696 791 767 promptos
803 686 843 747 ad
859 707 943 746 erma
955 686 1107 768 reperiret,
1122 694 1329 768 pugnaturus,
1351 683 1389 744 de
1405 701 1479 762 qua
1494 701 1560 740 cum

349 779 396 839 illi
415 780 556 842 certiores
568 792 667 842 esseut
684 781 805 856 redditi,
822 779 919 842 soluta
931 781 1030 842 subitb
1049 782 1204 843 obsidione
1223 780 1372 842 securiora
1384 778 1466 839 loca
1487 779 1562 858 peti-

352 885 451 935 eruut.

394 971 463 1032 Non
478 973 581 1034 deerat
591 985 663 1035 tunc
671 975 794 1055 quidem
806 976 997 1058 lotharingis
1007 976 1125 1037 animus
1135 972 1334 1056 persequendi
1349 970 1561 1039 Hallierium,

352 1077 433 1128 etex
448 1067 522 1150 fuga
536 1071 706 1133 retrahendi
716 1073 755 1133 ad
769 1093 912 1156 pugnem,
923 1073 991 1134 cbm
1004 1073 1075 1134 verb
1086 1072 1201 1152 equites
1214 1071 1349 1132 excitatis
1361 1079 1391 1130 et
1402 1069 1438 1129 in
1457 1066 1563 1150 plures

352 1164 418 1224 dies
431 1166 611 1229 continuatis
621 1169 777 1230 itineribus
790 1169 859 1230 fessi
874 1169 1064 1250 desperarent
1074 1169 1191 1250 assequi
1204 1167 1380 1250 fugientem.
1395 1165 1562 1227 tantillum

352 1261 463 1340 quietis
474 1263 532 1324 sibi
546 1265 745 1339 indulserunt,
759 1276 790 1326 et
805 1285 876 1326 mox
892 1266 1091 1346 exploratores
1105 1266 1251 1327 miseruut
1264 1265 1316 1345 qui
1335 1271 1562 1346 cognoscerent

352 1359 391 1418 de
405 1357 565 1420 Gallorum
578 1361 648 1432 situ,
664 1371 695 1422 et
711 1382 836 1423 numero
852 1361 994 1436 militum,
1009 1363 1062 1443 qui
1083 1371 1117 1423 ut
1130 1362 1261 1444 primum
1279 1371 1361 1423 certa
1380 1361 1504 1421 nuncia
1524 1359 1561 1419 de

352 1454 492 1514 omnibus
514 1456 689 1529 retulerunt,
709 1458 828 1520 monuit
850 1458 1053 1540 Imtharingioe
1076 1459 1144 1520 Dux
1164 1477 1243 1532 suos,
1264 1467 1296 1519 ut
1315 1458 1355 1519 sd
1377 1457 1437 1518 iter
1460 1475 1560 1537 quau·

354 1550 467 1610 tumvis
480 1551 657 1634 intempesta
674 1563 772 1629 nocte,
788 1565 820 1616 et
837 1554 913 1616 coelo
933 1554 1046 1636 pluvio,
1061 1555 1301 1635 prosequendum
1314 1573 1345 1614 se
1361 1553 1560 1634 expedirent,

352 1653 442 1725 atque
461 1649 595 1710 animose
611 1659 716 1711 contra
730 1651 847 1712 bostem
868 1652 1072 1732 procederent.
1112 1651 1182 1712 Non
1198 1651 1286 1712 latuit
1304 1650 1357 1711 ills
1373 1647 1561 1711 acceleratio

355 1741 551 1820 Bellienum,
564 1746 646 1808 uude
656 1768 693 1808 ex
702 1747 937 1810 alterafluminis
946 1747 1012 1829 ripa
1020 1758 1118 1810 castra
1127 1758 1255 1810 metatus
1262 1757 1317 1818 est,
1326 1757 1356 1809 et
1368 1748 1407 1808 ad
1417 1763 1558 1828 pugnam

353 1838 550 1921 sedisposuit.
594 1842 771 1926 lotharingi
789 1843 910 1904 interim
924 1857 1133 1926 praeoccupato
1147 1844 1224 1906 rado
1242 1845 1401 1925 trajectum
1421 1840 1557 1902 moliun-

353 1944 413 2010 tur,
435 1947 466 1998 et
485 1953 591 2000 contra
611 1939 724 2000 hostem
747 1939 844 2020 plenis
864 1940 1034 2022 agminibus
1054 1951 1185 2012 movent,
1206 1941 1429 2020 fortissimeque
1447 1957 1557 2019 aggre-

354 2033 489 2106 diuntur,
509 2036 584 2097 adeo
600 2047 634 2097 ut
650 2037 749 2116 prima
765 2037 865 2097 statim
885 2037 1089 2117 impressione,
1104 2037 1269 2116 equitatum
1286 2035 1451 2097 Gallorum
1467 2033 1555 2096 dissi·

353 2130 463 2210 pariut,
491 2141 522 2192 et
549 2132 581 2192 in
605 2131 814 2193 effusissimam
842 2133 946 2215 iugum
970 2133 1179 2214 compulerint.
1226 2134 1274 2193 Ac
1302 2153 1372 2194 mox
1398 2131 1557 2194 renovatis

354 2227 462 2288 animis
475 2229 580 2290 eadem
593 2228 767 2290 fortitudine
788 2229 820 2290 in
838 2229 1004 2310 peditatum
1022 2229 1152 2300 irruunt,
1165 2229 1219 2310 qui
1236 2229 1404 2290 exoneratis
1416 2227 1555 2308 simplici

352 2325 419 2387 rice
432 2324 552 2402 fistulis,
565 2346 650 2387 arma
663 2326 728 2387 sine
740 2345 825 2387 mora
842 2326 962 2407 abJecit,
977 2345 1011 2388 ac
1025 2347 1056 2387 se
1072 2326 1177 2408 paucis
1186 2325 1327 2407 exceptis,
1338 2325 1390 2407 qui
1400 2323 1555 2387 beneficio

352 2422 446 2503 sylvae
466 2422 538 2505 iuga
558 2423 651 2505 elapsi
671 2432 752 2498 suut,
773 2444 837 2485 sese
855 2423 1018 2485 victoribus
1039 2423 1229 2484 dediderunt
1271 2422 1404 2484 Obtenta
1423 2433 1500 2485 sunt
1519 2442 1552 2481 ea

353 2518 542 2599 expeditione
554 2540 630 2600 peue
643 2520 746 2581 omnia
760 2518 918 2581 Gallorum
933 2519 1030 2603 signa,
1044 2530 1108 2581 tam
1120 2518 1269 2600 equestria
1280 2519 1371 2599 quam
1387 2519 1553 2600 pedestria,

353 2614 416 2675 unt
435 2633 506 2675 cum
526 2614 760 2695 impedimentis,
780 2636 849 2696 quas
870 2614 974 2676 militis
992 2616 1105 2696 rspinae
1126 2616 1270 2697 permissa
1290 2626 1371 2677 sunt.
1413 2615 1552 2696 Repertu

353 2710 411 2771 fuit
424 2710 503 2771 iuter
520 2732 568 2772 res
585 2710 660 2772 alias
673 2711 765 2772 fascia
782 2712 903 2776 caerulei
924 2710 1031 2773 coloris
1051 2711 1155 2784 serica,
1176 2732 1214 2772 ex
1229 2730 1290 2791 qua
1305 2712 1460 2791 pendebat
1477 2732 1551 2773 crux

353 2826 454 2881 aurea,
462 2808 750 2889 ordiuisetequitum
759 2809 855 2870 musti
865 2808 994 2890 Spiritus
1002 2808 1252 2887 symbolum,eam
1261 2808 1301 2869 ad
1312 2807 1548 2869 Marescballum

354 2905 453 2986 campi
467 2904 588 2966 Hullier
600 2915 747 2986 spectasse
761 2916 900 2966 constans
912 2904 992 2965 fama
1004 2903 1073 2975 fuit,
1086 2924 1177 2985 quarn
1192 2924 1281 2965 unam
1297 2906 1433 2967 exomni
1446 2904 1551 2987 praeda

355 3001 550 3064 serenissimo
562 3001 955 3064 DuciCaroloobtulerunt:
977 3002 1025 3062 cui
1035 3001 1199 3063 sufficiebat
1206 3001 1304 3085 gloria
1313 3012 1343 3064 et
1352 3012 1447 3064 sueto
1457 3002 1547 3073 hoste,

354 3108 385 3160 et
399 3098 499 3160 Motta
511 3100 667 3161 obsidione
681 3100 799 3181 penitus
809 3110 956 3179 exempta.
