3225 4700
498 351 521 416 I
527 348 803 425 TINERARI
810 356 897 425 UM.
1229 364 1298 430 209

60 685 157 746 Nos
173 688 236 749 Dei
253 689 361 750 &otio
374 692 496 751 Amulio
510 693 686 754 Elisabetlro
701 694 817 755 Hasse’c
828 696 1018 774 Londprooio
1031 718 1068 758 ee
1082 700 1203 761 illustri
1216 702 1291 761 Soa-

122 786 222 863 9uiae
239 786 384 847 Comitum
398 787 627 851 Hoaooiecsirtm
641 800 671 851 et
684 792 1023 872 Montzeoberpcrorum,
1041 804 1098 857 ete.
1120 796 1227 860 Viduo.

65 970 368 1125 PRAEMISSA
382 970 567 1053 perhumana
579 980 610 1035 et
623 971 781 1035 favorabili
798 973 895 1038 salute
911 986 944 1039 et
958 978 1105 1061 propensi
1119 980 1287 1057 voluntate,

169 1070 373 1146 Perillnstras,
389 1068 586 1145 Proenobiles,
595 1069 810 1151 perhonoratos
821 1069 1021 1136 Doctissimos
1032 1096 1070 1138 ac
1078 1077 1228 1159 imprimis
1240 1080 1288 1141 di·

65 1167 188 1231 lectos
199 1168 276 1229 scire
288 1167 439 1243 volumus,
448 1166 562 1229 litteras
574 1176 688 1229 vestras
702 1166 907 1252 Norimbergd
918 1171 959 1233 ad
971 1192 1026 1235 nos
1039 1173 1136 1247 datas,
1149 1173 1245 1237 serius
1256 1186 1287 1239 et

66 1285 152 1327 non
174 1264 234 1326 nisi
251 1273 359 1346 quarto
376 1263 466 1347 hujus
483 1264 553 1327 stilo
567 1284 646 1325 novo
660 1264 810 1347 Lipstadii
822 1286 877 1328 nos
889 1268 1050 1351 accepisse,
1061 1288 1098 1331 eo
1109 1268 1199 1352 plane
1211 1279 1287 1333 tem·

71 1380 163 1443 pore
182 1380 246 1442 quo
263 1360 522 1423 destinaveramus
539 1380 600 1421 una
616 1380 686 1423 cum
707 1360 820 1423 dilecto
838 1374 940 1426 nostro
959 1364 1024 1427 filio
1043 1366 1083 1428 ad
1101 1366 1286 1429 ordinariam

72 1458 285 1520 residentiam
306 1466 437 1520 nostram
453 1455 615 1538 proficisci,
633 1458 763 1538 ideoque
776 1455 941 1542 hucusque,
959 1460 1017 1525 boe
1036 1470 1092 1538 est,
1108 1462 1141 1525 in
1153 1462 1285 1525 reditum

76 1564 228 1617 nostrum
247 1575 423 1637 responsum
445 1554 612 1631 distulisse,
633 1554 764 1617 maxime
775 1575 846 1617 cnm
865 1560 1064 1621 necessarium
1076 1560 1285 1642 judicaremus

76 1674 163 1715 cum
176 1651 365 1715 consiliariis
377 1651 486 1713 nostris
495 1671 644 1713 summam
654 1651 785 1715 litteram
796 1662 964 1719 vestrarum
973 1657 1207 1732 communicare,
1218 1677 1287 1740 spe·

80 1770 193 1811 ramus
205 1749 307 1830 itaque
321 1746 496 1810 dilationem
508 1748 642 1830 responsi
654 1748 747 1811 noetri
759 1749 837 1813 vitio
849 1751 934 1813 nobis
946 1752 1072 1815 minime
1084 1754 1286 1817 tribuendam.

132 1846 176 1907 Et
192 1846 271 1908 sicut
287 1844 373 1906 nobis
393 1864 431 1906 er
444 1844 576 1926 prefatis
594 1844 712 1922 litteris,
731 1866 802 1907 sane
820 1846 980 1909 laudabilis
996 1848 1124 1911 intentio
1141 1860 1241 1913 vestra
1256 1860 1288 1911 et

84 1944 305 2025 Norimbergoe
326 1942 446 2004 nomine
468 1940 643 2003 Electorum
663 1941 746 2005 Sacri
770 1942 902 2005 Romani
923 1943 1049 2027 Imperii
1071 1944 1286 2016 collectorum,

86 2040 221 2120 Scopas,
234 2048 268 2100 ut
280 2037 395 2099 scilicet
408 2037 486 2100 inter
498 2057 671 2119 supremum
686 2038 813 2121 Imperii
822 2050 924 2123 caput,
934 2042 1059 2124 ejmquc
1069 2042 1214 2119 membra,
1228 2043 1287 2105 dis·

85 2137 230 2200 ferentiae
249 2144 477 2218 componantur,
495 2156 531 2197 ac
549 2136 614 2198 sinc
633 2136 704 2199 inco
723 2137 878 2200 Germana
894 2138 1061 2216 sinceritas,
1084 2139 1182 2223 positi
1202 2140 1285 2202 omni

86 2234 281 2297 contentione
293 2253 331 2295 ac
343 2232 520 2307 diffidentia,
534 2233 705 2307 reducatur,
719 2244 810 2315 atque
822 2234 865 2296 ita
876 2236 960 2297 omui
972 2236 1105 2317 possibili
1116 2237 1208 2301 modo
1219 2236 1287 2299 uni·

88 2330 215 2394 versalia
226 2350 287 2413 pax
301 2336 493 2402 restauretur,
503 2328 690 2412 gratissimus
700 2328 768 2401 init,
778 2330 823 2394 ita
833 2340 897 2394 toto
906 2331 1007 2396 cordis
1016 2332 1125 2397 affectu
1136 2343 1284 2416 optamus,

87 2436 126 2492 ut
141 2429 227 2490 Dens
240 2427 281 2490 sd
296 2445 361 2489 rem
378 2426 454 2488 adeo
471 2425 672 2489 desideratam
687 2435 807 2507 tamque
820 2428 1016 2492 necessariam
1029 2431 1212 2493 uberrimam
1224 2430 1285 2493 lar·

86 2526 192 2608 gietur
204 2523 343 2607 glutiam,
353 2531 388 2585 ut
396 2521 518 2584 tandem
526 2522 736 2584 communibus
743 2523 873 2586 miseriis
881 2535 913 2588 et
924 2525 1145 2590 calamitatibus
1156 2535 1285 2610 ponatur

85 2622 210 2696 modus,
223 2640 259 2682 ac
271 2627 356 2682 tanto
369 2617 535 2682 Christiani
546 2618 702 2699 sanguinis
713 2619 877 2701 profluvics
889 2622 1021 2698 sistatur,
1030 2645 1068 2687 ac
1080 2625 1208 2688 Sacrum
1221 2625 1286 2686 Ro-

86 2737 215 2780 manum
228 2715 395 2798 Imperium
407 2714 571 2795 aliquando
581 2715 703 2778 tandem
712 2716 753 2777 ad
763 2717 920 2799 pristinam
931 2720 1177 2804 tranquillitatem
1187 2742 1288 2785 rever.

88 2825 182 2878 tatur.

132 2913 225 2986 Quod
240 2931 312 2974 vero
325 2910 366 2973 ed
383 2929 440 2972 nos
456 2907 587 2971 fatemur
603 2927 704 2970 coram
725 2911 929 2993 omnipotente
952 2916 1032 2988 Deo,
1050 2924 1081 2977 et
1102 2914 1286 2978 conscientia

89 3019 205 3084 nostra,
223 3029 280 3072 nos
299 3007 474 3091 obligatam,
496 3014 643 3086 quantum
664 3006 788 3087 quidem
810 3008 943 3072 hnmana
958 3011 1107 3074 industria
1127 3011 1285 3094 permittit,

91 3125 210 3168 summa
227 3125 297 3168 cnm
316 3101 475 3187 diligentia
491 3098 657 3180 cooperari,
677 3101 923 3184 quandoquidem
935 3103 1068 3187 graviter
1083 3125 1202 3186 snper
1213 3105 1285 3168 tuli-

90 3225 169 3280 mus,
184 3223 241 3265 nec
253 3201 402 3265 ullatenus
414 3199 541 3284 probare
554 3210 606 3262 aut
618 3219 793 3283 promovere
805 3200 1054 3278 desideravimus,
1064 3211 1100 3263 ut
1111 3199 1287 3266 charissima

92 3312 193 3364 nostm
206 3299 313 3362 Patria
325 3296 518 3362 Germanicas
535 3297 666 3360 undonis
683 3297 721 3359 ab
739 3296 873 3379 antiquis
889 3297 1022 3360 moribus
1034 3296 1151 3382 legibus
1162 3307 1194 3360 et
1205 3308 1285 3361 statu

94 3397 275 3469 deflecteret,
293 3415 330 3458 ac
348 3393 541 3476 (quodipsnm
562 3393 792 3456 Dominatioues
806 3402 916 3458 vestroe
930 3394 963 3458 in
977 3394 1039 3458 sais
1053 3395 1096 3457 ad
1107 3415 1166 3458 nos
1177 3395 1286 3459 littaris

95 3494 234 3576 tangunt)
247 3503 437 3555 externorum
454 3489 633 3574 Principum
647 3491 817 3554 dominatui
834 3491 1041 3574 subjiceretur.
1082 3491 1197 3554 Utrum
1214 3513 1287 3556 vero

94 3592 133 3652 ad
149 3590 205 3662 lroc
218 3589 404 3672 propositum
417 3588 666 3669 promovendum,
683 3587 856 3671 Mogontia
872 3596 1002 3651 tractata
1015 3588 1096 3650 inter
1111 3609 1166 3651 uos
1178 3598 1209 3651 ct
1223 3589 1287 3650 Im·

96 3686 236 3768 periclem
250 3685 441 3769 Majeststem
456 3681 626 3767 pacificatio
638 3693 754 3746 tantum
770 3683 911 3765 potnerit,
925 3692 1072 3764 quantum
1084 3683 1104 3745 d
1116 3684 1202 3746 vobis
1216 3683 1287 3746 insi-

669 3800 718 3840 uu
