3225 4700
332 337 392 403 166
728 334 1128 405 ITINERARIUM.

327 485 474 549 rimatum
490 492 522 547 et
538 485 683 547 bonarum
703 486 815 549 artium
835 488 1039 565 mittebantur,
1061 487 1289 569 frequentabant
1304 486 1351 551 illi
1368 485 1537 549 sociorum

329 582 548 655 conventicula,
561 582 640 644 inter
652 603 729 664 quos
741 584 917 665 probrosum
931 586 1071 647 rebantur
1088 586 1152 646 siue
1169 605 1229 647 aare
1241 584 1335 645 vitam
1349 583 1538 665 juvenilem

329 679 497 753 traducere,
507 698 635 759 cumque
649 699 690 741 aes
703 680 899 742 domesticum
913 701 966 743 sen
979 682 1109 763 patrium
1122 690 1292 763 negaretur,
1305 680 1344 742 ad
1359 680 1537 761 acquirem-

330 774 403 835 dum
419 775 550 835 alienum
567 775 684 837 animos
701 776 888 856 adjecerunt,
903 797 1033 858 cumque
1046 778 1079 839 id
1086 779 1170 859 justo
1183 777 1272 839 titulo
1285 786 1427 839 mutuum
1441 776 1538 837 aeci·

328 891 398 952 pere
411 892 472 931 non
485 881 614 952 possent,
628 881 692 934 arte
704 872 784 933 meld
797 882 829 934 et
841 874 919 935 dolis
932 874 1073 956 colligere
1089 894 1150 935 non
1166 873 1345 935 indecorum
1359 872 1418 935 sibi
1432 885 1537 953 puta-

327 976 407 1028 runt.
435 967 562 1030 Collatia
574 969 676 1049 itaque
689 970 720 1029 in
735 989 830 1030 noum
844 970 976 1033 consiliis
988 978 1124 1032 statuunt
1136 969 1191 1031 sub
1201 988 1355 1050 vesperam
1364 970 1533 1051 quandam

326 1065 473 1147 insignem
483 1064 634 1146 stropham
646 1075 754 1140 texere,
765 1076 796 1127 et
806 1086 845 1127 ue
854 1066 918 1131 siue
928 1066 1028 1127 fructu
1038 1064 1184 1140 liniretur,
1197 1063 1392 1147 pecuniosum
1402 1084 1529 1139 senem,

325 1162 424 1223 virum
443 1162 569 1223 Parisiis
585 1161 1043 1246 honoratissimumdelegernnt
1059 1162 1136 1225 dolis
1153 1160 1333 1223 cautissimis
1350 1160 1532 1223 circumre-

327 1257 482 1319 alendum.

329 1408 332 1414 .
367 1355 421 1415 Ad
438 1354 528 1435 hujus
541 1352 621 1414 mdes
634 1352 707 1414 hora
721 1353 841 1417 circiter
859 1374 920 1415 nna
935 1363 1002 1435 post
1014 1354 1214 1435 vespertinam
1234 1353 1424 1417 refectionem
1439 1353 1529 1415 serio

325 1461 357 1513 et
369 1452 443 1512 serni
456 1449 598 1532 perplexo
610 1450 697 1511 vultu
709 1451 831 1524 adeunt,
846 1460 936 1532 atque
945 1462 979 1514 ut
988 1472 1026 1512 ax
1036 1451 1156 1513 summis
1165 1450 1203 1513 de
1218 1450 1345 1513 Domini
1357 1450 1526 1532 prmsentia

324 1555 539 1626 cognorerunt,
556 1546 705 1627 petierunt
720 1557 754 1608 ut
770 1547 842 1609 bero
856 1548 1032 1628 quantocius
1053 1547 1257 1621 nunciaretur,
1273 1545 1376 1608 adesse
1387 1546 1526 1628 juvenes

325 1640 441 1702 nobiles
454 1640 574 1703 Fratres
586 1642 732 1723 geminos,
746 1644 799 1725 qui
813 1664 922 1726 urgens
936 1644 1090 1725 negotium
1104 1644 1274 1725 nulliusque
1288 1643 1402 1723 petiens
1419 1662 1520 1705 moroe

325 1759 472 1820 exponere
493 1740 525 1799 in
546 1739 673 1801 Domini
694 1741 854 1802 commoda
873 1740 1011 1801 habeant.
1052 1740 1202 1803 Referunt
1221 1739 1327 1801 famuli
1348 1740 1521 1801 Dominum

325 1856 413 1897 suum
423 1835 489 1916 jam
507 1836 548 1896 ad
560 1835 692 1917 quietem
707 1836 897 1908 concessisse,
912 1856 970 1897 nec
989 1836 1181 1917 imposterum
1196 1836 1354 1897 admittere
1372 1834 1521 1896 momenti

325 1932 453 2013 alicujus
461 1932 592 1993 actiones
599 1951 667 2012 quse
676 1951 815 1993 somnum
826 1932 1005 2007 disturbent,
1014 1931 1155 2011 quoniam
1165 1940 1227 1993 tota
1235 1931 1284 1992 die
1295 1950 1349 2013 pro
1360 1930 1519 1993 communi

325 2028 455 2090 civitatis
466 2029 547 2089 bono
559 2027 739 2104 laborasset;
764 2028 887 2090 veniant
899 2029 1002 2111 igitur,
1017 2028 1042 2088 si
1056 2026 1196 2108 placeret,
1211 2036 1328 2108 postero
1340 2046 1440 2100 mane,
1453 2046 1519 2106 quo

324 2125 412 2205 copia
425 2123 614 2205 colloquendi
628 2124 762 2205 pluribus
775 2123 877 2184 futura
889 2132 975 2185 esset.
1019 2122 1139 2185 Instant
1152 2121 1330 2195 contraisti,
1345 2121 1402 2182 hoc
1417 2122 1447 2183 in
1463 2142 1520 2183 ne·
1607 2192 1608 2209 1

323 2220 408 2301 gotio
423 2220 507 2300 quod
521 2219 741 2301 expediendum
761 2219 970 2301 suscepissent,
990 2239 1046 2281 neo
1064 2219 1122 2279 sibi
1137 2218 1196 2279 seri
1213 2236 1268 2279 aec
1287 2217 1370 2293 rueti,
1390 2226 1519 2299 tangere
1607 2280 1608 2299 ,

323 2316 424 2398 potius
437 2315 574 2393 Domini,
587 2336 677 2398 quem
690 2316 839 2378 monitum
853 2315 1003 2378 venissent
1016 2314 1262 2390 incolumitatem,
1275 2313 1301 2376 si
1314 2313 1437 2394 quidem
1451 2313 1519 2394 ipse

325 2412 420 2474 nollet
438 2413 510 2474 boni
531 2412 679 2475 Consules
695 2413 852 2473 admittere
872 2432 903 2474 se
922 2421 1039 2493 paratos
1056 2431 1120 2472 esse
1141 2411 1239 2472 redire
1260 2409 1340 2472 unde
1358 2418 1518 2484 venerant,

324 2509 469 2571 (Ιιιιιιιιιιιιι
479 2519 579 2570 ιιιιιιειι
592 2528 748 2590 emergens
757 2528 818 2569 uon
828 2507 901 2589 ipsis
909 2508 962 2570 sed
972 2508 1029 2570 sibi
1041 2508 1193 2569 Dominus
1202 2507 1371 2588 imputaret,
1382 2515 1518 2566 metuere

324 2625 374 2666 eos
386 2602 550 2684 plurimum
560 2611 595 2665 ut
607 2623 673 2673 sero
686 2604 758 2664 facti
770 2603 918 2684 poeniteos
931 2614 1020 2684 capnt
1033 2603 1134 2664 scebat
1143 2612 1174 2664 et
1185 2602 1284 2664 crines
1293 2600 1394 2676 vellat,
1406 2601 1458 2683 agi
1467 2621 1517 2662 res

324 2699 503 2782 periculosas
515 2721 576 2761 non
586 2699 639 2760 uni
647 2707 762 2761 tantum
773 2699 866 2781 capiti
875 2700 928 2762 sed
938 2699 1029 2760 totins
1039 2697 1260 2760 communitatis
1270 2696 1388 2778 corpori
1398 2697 1515 2772 noxias,

323 2816 399 2878 quas
414 2796 478 2877 ipse
495 2814 573 2857 aurae
589 2813 645 2875 pro
659 2813 715 2856 sua
729 2795 890 2877 prudentia
908 2795 992 2856 nullo
1009 2793 1178 2877 uegetiore
1196 2801 1311 2854 matme
1329 2791 1480 2854 intellecta
1496 2792 1515 2854 a

323 2891 476 2974 republica
487 2889 605 2952 amoliri
618 2899 725 2972 posset.

364 2987 506 3051 Redeunt
525 2985 627 3067 itaqua
641 2985 683 3047 ad
698 2983 805 3046 herum
821 2985 925 3048 fflmuli
944 2995 1006 3048 tam
1023 2985 1167 3048 seriorum
1186 2983 1386 3067 negotiorum,
1404 2993 1517 3046 ettam

323 3084 557 3165 periculosarum
570 3101 639 3164 quse
651 3083 848 3164 agitarentur,
861 3083 975 3154 nuncii,
988 3083 1231 3162 obtestanturque
1244 3089 1279 3142 ut
1291 3079 1429 3142 honestos
1443 3081 1517 3144 edo·

323 3181 467 3242 lesomoes
477 3188 539 3241 mm
553 3180 699 3241 instanter
711 3177 874 3258 alloquium
891 3178 1073 3260 postulantes
1090 3178 1122 3239 in
1136 3187 1330 3259 conspectum
1343 3177 1449 3258 paucis
1461 3177 1516 3240 sd·
1605 3193 1608 3224 ι

324 3276 434 3338 mittat.
475 3277 583 3339 Haeret
594 3276 627 3337 in
639 3275 784 3357 perplexa
793 3275 944 3357 paulisper
956 3274 1148 3336 meditatione
1162 3274 1291 3347 Praeses,
1304 3274 1380 3353 quid
1394 3274 1517 3336 tandem

324 3392 361 3434 eo
378 3380 512 3452 ternpore
531 3375 564 3432 in
584 3371 658 3433 urbe
675 3390 774 3433 rerum
794 3371 952 3431 noxiarum
969 3371 1021 3453 agi
1041 3371 1143 3452 possit,
1161 3369 1293 3432 occurrit
1312 3367 1384 3430 hine
1404 3368 1516 3452 volgus

322 3471 443 3536 varium
461 3480 492 3532 et
510 3470 672 3534 multorum
692 3471 826 3553 capitum
846 3470 887 3532 ad
908 3470 1010 3532 turbas
1032 3481 1136 3532 contra
1157 3469 1371 3552 Magistratum
1391 3469 1514 3532 ciendae

1606 3229 1608 3388 l

323 3588 469 3654 prouum3
488 3568 560 3629 iude
579 3587 653 3630 vero
676 3567 872 3650 Magistratus
893 3586 971 3648 saepe
994 3567 1085 3628 etiam
1106 3587 1208 3628 secum
1226 3566 1385 3630 dissidem.
1427 3566 1514 3628 Alibi

322 3674 542 3729 sacrosanctum
555 3663 651 3747 Regis
661 3673 761 3745 eaput
802 3663 898 3740 Quid,
912 3663 964 3739 eit,
978 3664 1005 3725 si
1018 3663 1078 3724 viri
1094 3662 1257 3726 turbulenti
1274 3671 1379 3726 eontra
1394 3663 1513 3746 Regem

324 3784 424 3828 meum
438 3762 600 3826 moliantur
612 3759 872 3843 conspirationem.
904 3761 964 3824 His
978 3759 1105 3822 incuria
1119 3759 1193 3841 quid
1207 3759 1419 3843 agatignorat
1444 3760 1512 3822 Ad·
1607 3759 1608 3786 ¹
