3225 4700
304 340 369 406 400
716 329 1125 401 ITINERARIUM.

346 491 389 553 D.
404 489 584 576 Vincentius
597 489 636 550 de
649 488 680 548 la
693 486 801 550 Murra
816 487 1035 550 Murescballns
1050 487 1160 570 campi,
1177 486 1219 548 D.
1241 487 1374 570 Bragius
1391 486 1522 548 Fuscus

305 586 525 650 Mareschallns
541 586 652 667 campi,
667 585 709 645 D.
725 585 852 648 Carolus
869 587 946 648 Pius
960 585 1142 660 Oolouellus,
1159 589 1201 650 D.
1221 587 1370 650 Fabritins
1384 586 1523 650 Caruffa

304 682 488 756 colonellas,
505 683 548 743 D.
560 681 688 744 Carolus
701 683 854 744 Antonius
865 682 1008 744 Salassus
1022 682 1206 759 Colonellus,
1222 685 1265 745 D.
1279 685 1303 747 J
1305 704 1419 746 oannes
1432 683 1521 744 Inui

305 779 453 844 Colonelli
471 778 571 840 locum
589 788 704 854 teneus,
720 778 763 840 D.
783 781 942 863 Virginius
956 780 1052 841 Conci
1066 801 1220 863 supremus
1233 781 1408 864 vigiliarum
1425 781 1521 841 Prae·

305 879 399 940 fectus
409 877 487 938 inter
498 876 677 956 equitatum,
687 875 855 938 Praefectus
866 877 1038 958 vigiliarum
1046 898 1203 959 supremus
1213 880 1308 940 Briau
1320 877 1516 954 Germanus,

305 975 347 1036 D.
369 973 522 1036 Antonius
539 973 650 1056 Ciogui
669 973 825 1034 Romanus
844 973 1011 1036 Prmt'ectus
1029 973 1202 1057 vigiliarum
1220 995 1386 1056 supremus.
1402 975 1519 1056 Adju-

304 1081 399 1135 tautes
408 1070 573 1133 Generales
581 1070 652 1140 dno,
661 1069 775 1131 scilicet
786 1070 898 1132 Petrus
907 1071 1060 1132 Antonius
1069 1071 1213 1132 Orevolar
1220 1081 1251 1132 et
1262 1070 1518 1133 Bartholomaeus

305 1167 489 1240 Zannobius,
499 1167 702 1248 septendecim
714 1167 884 1249 capitanei,
894 1177 995 1249 utpote
1004 1167 1153 1250 Licurgus
1162 1168 1364 1248 Stepbauucei
1372 1169 1412 1230 de
1418 1169 1514 1243 Tudi,

304 1267 440 1330 Joannes
463 1252 595 1326 Biaucbi
616 1264 655 1325 de
680 1263 783 1339 Terni,
805 1264 963 1326 Terentius
986 1264 1126 1326 Montani
1152 1267 1190 1326 de
1216 1263 1341 1340 Pesnro,
1366 1266 1517 1328 Joannes

306 1361 486 1424 Franciscus
499 1359 611 1442 Ciogni
629 1360 796 1435 Romanus,
817 1359 1001 1422 Dominicus
1022 1360 1139 1422 Gentill
1160 1361 1265 1438 Corso,
1287 1362 1434 1424 Nicolaus
1454 1363 1514 1424 Vi-

304 1460 397 1535 viani,
424 1458 575 1540 Botgarus
597 1455 762 1529 Accidens,
786 1457 996 1520 Ferdiuandus
1016 1457 1199 1520 Vechiarelli
1220 1460 1259 1521 de
1283 1459 1378 1530 Rieu,
1399 1458 1514 1520 Cesar

306 1557 402 1627 Betti,
417 1552 527 1616 Petrus
542 1553 639 1628 Nave,
650 1553 692 1613 D.
708 1553 889 1617 Franciscus
899 1553 1031 1627 Caralis,
1045 1554 1141 1617 Bolus
1150 1555 1338 1628 Saraoinelli,
1348 1556 1512 1616 Amadeus

305 1655 342 1715 de
357 1653 462 1725 Niara,
480 1650 658 1712 Franciscus
676 1649 785 1721 Poltri,
799 1651 823 1713 J
825 1670 937 1713 oeuues
951 1651 1104 1713 Antonius
1119 1652 1209 1714 Fabri
1225 1652 1407 1726 Germanus,
1423 1653 1512 1712 Amo

305 1751 416 1813 Gallus
431 1747 610 1810 Francisous
623 1746 745 1822 Sestini,
760 1757 871 1828 prester
887 1745 941 1808 bos
959 1745 1001 1808 D.
1018 1747 1165 1810 Octavius
1182 1747 1334 1824 Bcnznto,
1356 1749 1397 1810 D.
1420 1748 1511 1810 Mar-

304 1830 393 1909 tinus⁸
408 1843 587 1905 Franciscus
608 1841 745 1918 Hieran,
769 1843 853 1906 Baro
870 1843 910 1904 de
930 1843 1076 1906 Siracusis
1097 1844 1214 1920 Gallus,
1238 1845 1280 1906 D.
1296 1845 1333 1907 de
1349 1845 1509 1907 'liorirille

306 1943 424 2015 Gallus,
444 1940 589 2002 Albertus
607 1939 710 2001 Adam
728 1940 767 2001 de
786 1939 947 2002 Transacin
963 1940 1143 2016 Germanum,
1160 1943 1271 2005 Comes
1287 1943 1325 2005 de
1344 1943 1507 2018 Ubaldini,

304 2051 366 2102 tres
378 2037 538 2101 vexilliferi
550 2037 697 2118 equitum,
710 2047 779 2100 octo
788 2037 945 2119 peditum:
968 2039 1125 2100 tormentis
1138 2040 1270 2121 praefecti
1283 2061 1354 2101 cum
1364 2040 1508 2102 omnibus

303 2137 433 2200 famulis.
476 2134 557 2198 Haec
569 2134 661 2217 plaga
678 2135 850 2217 pontificios
863 2133 1055 2197 uehementer
1070 2135 1188 2213 afflixit,
1203 2157 1300 2218 neque
1318 2137 1398 2198 euim
1415 2136 1508 2198 facile

304 2236 479 2300 occurrebat
491 2245 575 2296 tanto
593 2234 675 2296 malo
691 2234 870 2296 remedium.
916 2233 1076 2294 Timebaut
1091 2233 1237 2315 pratereb
1255 2233 1398 2316 Perugiae
1417 2234 1507 2316 cnjus
1591 2281 1594 2302 .

304 2335 386 2399 cives
402 2331 604 2395 dissidebant:
634 2331 788 2413 praecipua
806 2332 909 2412 itaque
929 2352 1003 2393 cura
1015 2329 1073 2393 fuit
1093 2341 1127 2393 ut
1144 2331 1215 2393 novi
1235 2329 1368 2394 delectus
1385 2330 1504 2407 fierent,

304 2432 448 2513 milesque
462 2429 495 2491 iu
507 2430 671 2491 subsidium
686 2430 934 2503 conscriberetur,
946 2429 977 2491 in
990 2448 1080 2511 quem
1091 2427 1184 2491 finem
1195 2428 1331 2511 pecuniis
1344 2448 1418 2510 opus
1427 2438 1502 2503 erut,

304 2542 404 2594 actum
418 2528 512 2611 igitur
528 2547 598 2588 cum
616 2527 831 2589 mercatoribus
845 2535 879 2587 ut
898 2536 1033 2588 trecenta
1045 2535 1255 2587 coronatorum
1276 2525 1373 2586 millia
1392 2525 1504 2605 pende-

303 2637 379 2690 rent.
421 2624 572 2687 Collatum
582 2642 702 2705 qnoque
715 2634 874 2705 argeutum
889 2632 923 2684 ut
937 2622 1103 2704 quingenta
1117 2630 1327 2683 coronatorum
1342 2619 1437 2681 millia
1449 2642 1503 2683 cu·

304 2726 459 2787 derentur.
501 2721 550 2781 Ex
573 2720 712 2783 thesauro
730 2720 814 2793 item,
838 2719 870 2780 in
895 2715 1029 2780 Castello
1050 2718 1081 2781 S.
1101 2718 1217 2801 Augeli
1238 2719 1383 2780 asservari
1405 2718 1502 2795 solito,

304 2823 483 2884 eximeretur
495 2818 642 2880 dimidius
659 2818 724 2880 auri
745 2815 851 2878 millio.
894 2815 1053 2877 Instabant
1072 2816 1187 2877 interea
1207 2814 1303 2887 Galli,
1327 2824 1357 2877 et
1376 2814 1501 2876 'irinum

303 2916 545 2981 constantissime
567 2915 788 2995 fortissimeque
813 2912 965 2995 petebant,
990 2911 1029 2972 ad
1050 2913 1134 2992 quod
1157 2932 1194 2973 ex
1215 2922 1344 2993 quatuor
1368 2912 1504 2994 partibus

303 3016 452 3099 majorum
473 3024 690 3075 tormentorum
710 3010 842 3092 impulsu
857 3008 1000 3071 continue
1020 3007 1205 3084 laborabunt,
1227 3028 1283 3071 nee
1299 3009 1400 3071 miuus
1420 3008 1504 3100 cuni·

304 3113 380 3178 culis
400 3111 591 3182 infestabunt,
605 3128 733 3190 quorum
747 3106 830 3169 felici
844 3126 983 3168 successu
1003 3104 1103 3166 hiatus
1117 3106 1148 3167 in
1168 3117 1298 3167 castrum
1314 3116 1434 3186 apertus
1449 3116 1503 3179 est,

303 3211 383 3273 uude
399 3208 570 3291 paulopost
585 3206 716 3288 impetus
731 3205 903 3274 adornatus,
920 3203 972 3267 sed
988 3222 1100 3285 magno
1115 3203 1274 3265 Gallorum
1293 3202 1501 3274 incommodo:

302 3308 413 3389 quippe
435 3305 523 3368 unico
543 3302 595 3364 illo
609 3302 725 3365 assultu
741 3301 899 3382 quingenti
912 3300 1036 3363 omniuo
1054 3300 1216 3382 perierunt,
1231 3300 1309 3361 iuter
1328 3320 1404 3381 quos
1423 3299 1500 3361 colo·

301 3406 399 3467 nellus
412 3425 491 3465 unus
503 3412 535 3464 et
547 3401 692 3462 tredecim
705 3398 865 3481 capitanei.

343 3502 410 3565 Nec
430 3499 526 3562 multb
544 3507 610 3580 post
626 3498 689 3559 duo
705 3496 815 3558 iterum
834 3495 966 3577 impetus
984 3492 1047 3556 dati
1067 3492 1223 3573 inquibus
1242 3494 1342 3557 denuo
1354 3494 1497 3576 quadrin-

302 3600 385 3683 genti
398 3598 615 3669 occubuerunt,
631 3592 797 3675 octingenti
811 3612 883 3654 vero
895 3612 957 3652 non
971 3591 1076 3653 leviter
1090 3590 1248 3653 vulnerati.

342 3696 425 3768 Quin
452 3704 483 3756 et
503 3690 681 3776 gravissimi
703 3690 815 3751 damna
838 3686 929 3770 panld
949 3697 1016 3768 post
1033 3708 1070 3749 ea
1091 3687 1233 3750 cuniculo
1251 3698 1413 3750 retrorsum
1434 3702 1496 3751 acto
