3225 4700
476 349 883 422 ITINERARIUM.
1214 357 1274 422 281

71 503 203 585 quisvis
216 505 293 567 alius
306 506 401 568 bouus
417 506 610 589 reputabitur,
626 507 697 589 quia
709 507 738 568 in
757 506 897 568 Primatu
916 504 1173 592 Magdeburgensi
1185 508 1276 570 multi

71 600 155 660 boni
171 608 201 662 et
216 602 347 664 moribus
365 603 481 683 probati
499 601 715 664 inveniuntur?
734 601 820 663 absit.
863 601 948 665 Siout
965 624 1034 665 suas
1052 605 1177 685 quisque
1198 604 1275 684 pati·

70 716 153 757 mur
167 716 280 774 manes,
291 697 334 760 ita
347 699 482 778 quemvis
492 718 579 762 suum
589 699 695 760 vitium
707 707 737 759 et
745 697 840 758 virtus
853 698 1004 780 vituperat
1012 700 1061 762 vel
1073 702 1272 764 commendat.

72 791 146 854 Sed
162 793 237 874 quid
250 794 397 871 volumus,
406 795 521 876 jacitur
534 815 611 877 saepe
625 795 657 854 in
671 813 792 878 gregem
812 814 921 855 cauum
939 795 1074 872 baculus,
1087 805 1117 858 et
1134 817 1194 857 uon
1215 795 1275 856 uisi

66 875 157 949 tincti
170 888 384 952 vociferantur:
405 891 448 952 ita
458 887 625 950 existimem
636 887 734 947 dictos
745 895 805 947 tres
818 886 897 948 viros
909 885 1014 949 habitu
1027 888 1190 970 religiosos,
1202 909 1274 950 curu

73 995 145 1045 tam
161 985 249 1046 facila
261 985 317 1046 soli
330 985 468 1048 attollant
484 1003 600 1057 vocem,
614 990 694 1044 recte
707 991 800 1044 tactos
817 1003 891 1058 esse,
910 1003 980 1044 cum
1001 983 1208 1064 prudentiores
1220 983 1274 1045 alii

74 1089 151 1161 post
166 1091 316 1143 maturum
329 1101 452 1142 examen
466 1081 499 1142 iu
517 1078 616 1140 verbis
636 1077 710 1139 meis
726 1077 771 1138 nil
790 1077 959 1139 invenerint
974 1078 1186 1140 obtrectatione
1205 1080 1273 1162 dig·

75 1195 169 1238 num.
212 1177 339 1239 Rectius
352 1178 441 1239 orado
456 1175 531 1238 Zoili
546 1174 605 1236 mei
618 1195 681 1236 sese
699 1182 880 1255 occuparent
896 1174 1008 1236 utiliori
1029 1174 1140 1249 studio,
1158 1185 1188 1236 et
1205 1175 1275 1236 reli·

75 1274 170 1354 giosa
181 1274 305 1336 vivendi
320 1274 452 1336 rationes
472 1272 546 1355 quid
564 1272 645 1332 euim
658 1270 730 1352 ipsis
748 1289 819 1331 cum
832 1270 963 1331 externis
976 1269 1114 1352 negotiis,
1134 1270 1274 1351 dquibus

74 1389 147 1430 sese
173 1379 364 1431 removerunt
387 1369 513 1452 longius.
560 1367 741 1429 Permittant
763 1386 812 1426 me
833 1386 934 1428 meum
958 1366 1064 1428 saltem
1083 1366 1178 1429 otium
1205 1367 1273 1428 utili

75 1465 241 1547 scriptioni
253 1465 436 1547 impendere,
451 1466 476 1528 si
489 1463 561 1546 ipsis
572 1463 673 1525 otiosis
686 1482 749 1524 essa
761 1462 869 1543 placat.

125 1563 225 1624 Lubet
237 1561 284 1624 bis
296 1572 427 1624 attexere
439 1561 552 1624 litteras
565 1559 720 1641 quasdam,
735 1577 803 1638 qum
816 1559 857 1619 ad
869 1578 950 1620 meas
962 1579 1068 1621 manus
1078 1560 1274 1630 devenerunt,

78 1679 120 1720 ex
135 1659 246 1739 quibus
259 1659 378 1720 abunde
391 1659 462 1719 satis
475 1659 623 1739 ingenuus
636 1654 742 1716 Lector
755 1653 877 1736 colliget
889 1654 1069 1717 virulentam
1079 1655 1275 1718 calumniato-

82 1775 155 1816 rum
170 1775 307 1816 meorum
320 1754 583 1816 exacerbationem.

126 1851 171 1913 Et
183 1851 287 1932 primm
306 1851 428 1931 quidam
442 1859 512 1912 suut
526 1847 682 1910 Edmundi
700 1847 835 1909 Granum
852 1844 1192 1920 sacerdotissoecularis,
1213 1867 1274 1908 non

82 1947 230 2030 religiosi,
245 1967 318 2028 quas
331 1948 416 2009 dedit
428 1946 467 2008 ad
480 1945 572 2006 alium
585 1945 768 2006 sacerdotem
786 1952 871 2004 extra
887 1954 984 2003 castra
1001 1957 1073 2003 tunc
1089 1961 1275 2003 commoran-

84 2053 161 2115 tem,
175 2064 224 2106 sos
237 2046 275 2105 de
290 2044 381 2104 verbo
394 2044 434 2104 ad
447 2042 570 2103 verbum
584 2041 730 2102 describo.

130 2139 218 2201 Nihil
231 2138 281 2200 hic
295 2140 379 2201 vobis
392 2137 579 2220 incognitum
593 2136 670 2198 scitu
681 2136 810 2218 dignum
829 2134 989 2196 habemns:
1018 2153 1121 2196 omues
1138 2133 1231 2195 vestri
1245 2155 1277 2195 a·

87 2245 205 2296 mantes
219 2235 300 2316 (Deo
312 2235 391 2310 leus)
404 2235 478 2296 benc
496 2232 639 2294 valemus.
681 2231 748 2314 Ego
766 2232 913 2294 adurimus
932 2251 997 2292 sum
1015 2231 1055 2292 ad
1074 2231 1205 2306 ordines,
1224 2231 1278 2292 sed

88 2331 174 2393 nullo
187 2331 285 2395 adbuc
299 2331 462 2406 ordinatus,
477 2338 598 2411 propter
609 2328 710 2391 minus
723 2348 894 2411 prosperam
908 2328 1040 2413 episcopi
1057 2328 1277 2394 valetudinem:

88 2427 324 2491 nihilomiunsin
334 2426 472 2510 paschate
480 2446 567 2508 spero
577 2424 917 2506 meadpresbyterntum
927 2434 1143 2508 promoturum.
1164 2425 1277 2509 Scripsi

87 2525 173 2586 vobis
186 2526 295 2606 saepius
308 2535 342 2587 ut
351 2526 452 2606 aliqua
464 2522 541 2585 milri
559 2522 610 2583 via
627 2520 857 2603 explicationem
873 2542 977 2584 cursus
994 2522 1054 2583 mei
1072 2521 1278 2603 Philosopbici

89 2620 207 2681 mittere
229 2641 290 2682 nou
313 2621 491 2703 gravemini,
517 2620 599 2701 quod
622 2618 737 2700 etjam
760 2637 947 2699 summopere
970 2616 990 2678 d
1010 2618 1095 2679 vobis
1117 2618 1276 2681 contendo.

91 2714 264 2777 Gulielmus
284 2717 383 2779 Foord
400 2716 464 2779 illic
481 2714 661 2799 preadictum
681 2713 791 2775 librum
810 2711 912 2789 habet,
929 2714 1015 2776 vobis
1034 2715 1225 2789 commendo,
1244 2726 1279 2777 ut

10 2818 11 2821 ’
91 2811 220 2872 eundem
233 2812 308 2873 mihi
321 2813 402 2873 omni
413 2813 503 2875 modo
513 2811 646 2895 possibili
658 2810 791 2873 mittatis.
818 2810 948 2873 Thomas
958 2810 1056 2874 (larse
1065 2811 1139 2873 alias
1149 2810 1278 2874 (lorraiu

92 2907 169 2968 male
181 2906 214 2967 in
229 2906 383 2969 Ultnniam
396 2917 426 2969 et
438 2909 603 2972 Conaciam
620 2917 665 2971 est
681 2909 828 2983 invectus,
848 2908 901 2989 qui
919 2908 1042 2989 impune
1059 2928 1119 2969 non
1132 2906 1208 2970 soret
1220 2908 1280 2969 nisi

95 3002 257 3083 resipiscat.
296 3002 444 3085 Epistolas
455 3003 511 3067 bas
524 3006 591 3067 aliis
605 3005 733 3067 inclusas
748 3004 883 3081 Domino
894 3004 1032 3066 Terentio
1052 3004 1156 3065 Ferrul
1169 3004 1278 3079 tradat,

11 3120 13 3169 i
94 3098 120 3159 si
133 3098 220 3175 adsit,
234 3098 279 3159 sin
293 3100 395 3160 minus
408 3098 471 3181 ipse
484 3101 606 3181 aperiat,
619 3109 650 3162 et
662 3100 813 3182 quidquid
825 3098 864 3160 sit
876 3109 990 3161 secreto
1006 3100 1088 3180 apud
1106 3120 1160 3161 vos
1175 3099 1276 3161 silete:

96 3202 190 3256 tamen
204 3204 344 3276 potarunt
356 3192 513 3277 publicari,
528 3196 568 3257 ad
580 3196 724 3277 majorem
738 3195 862 3257 Thomu
875 3194 1041 3267 infamiam,
1054 3198 1109 3259 sed
1124 3197 1215 3279 aquo
1229 3218 1277 3259 ac·

98 3290 239 3371 ceperitis,
253 3290 330 3352 nulli
343 3310 476 3373 unquam
490 3291 630 3353 revelate.
653 3290 769 3353 Salutat
781 3300 880 3353 vestra
893 3291 1068 3353 Dominatio
1080 3313 1148 3354 meo
1159 3294 1280 3355 nomine

12 3446 13 3461 ,
97 3386 258 3449 DomInum
272 3387 470 3468 capitaneum
489 3386 569 3449 Brid
587 3396 619 3449 et
635 3408 770 3464 uxorem,
789 3388 978 3470 reliquosque
997 3386 1061 3449 illic
1079 3390 1164 3450 vobis
1183 3399 1280 3461 notos,

96 3482 238 3565 precipue
256 3484 423 3546 Robertum
442 3483 566 3555 Album,
586 3492 616 3545 et
634 3484 778 3545 rescribat
794 3484 820 3545 si
837 3483 937 3565 placet
955 3482 1066 3567 Pragse
1084 3486 1134 3547 die
1153 3488 1182 3547 8.
1202 3486 1281 3552 Maii

100 3580 184 3641 Anno
201 3582 288 3641 1640.
687 3578 728 3641 lt.
744 3578 787 3640 D.
805 3581 912 3641 Vestro
924 3580 1040 3657 Serena

853 3676 1036 3739 Eusrunnus
1048 3676 1198 3739 Gnarus.

663 3792 680 3831 o
696 3791 714 3830 o
