3225 4700
286 343 353 412 262
687 341 1090 414 Iri-Nerulum.

284 497 413 579 propriis
424 496 509 578 equis
519 495 646 560 *demon
659 493 779 572 vehere,
797 495 944 560 videbant
959 497 1069 560 miselli
1087 495 1199 572 coloni,
1216 495 1302 571 elice,
1318 493 1404 576 quod
1418 513 1483 555 nou

284 595 513 669 seminaverant,
528 593 561 656 in
574 592 682 656 horreo
695 591 817 668 inferre,
831 615 864 658 ec
882 595 935 676 qui
949 596 1068 677 poudm
1086 593 1239 657 Autumni
1255 601 1288 654 et
1301 591 1395 654 Veris
1407 591 1485 653 tule-

284 701 353 754 mnt
365 691 383 754 l
396 691 496 754 ductu
508 691 556 753 eui
575 689 684 752 loboris
699 689 841 754 exclcdir
860 693 964 775 probe
982 693 1106 774 iuecper
1121 690 1330 773 intelligebant
1346 688 1407 750 nisi
1419 697 1485 749 tem

284 789 413 850 robuste
426 787 590 850 mlemiteti
602 787 710 850 nodus
722 797 885 869 poneretur
894 789 963 852 fore
974 788 1101 850 nt-isree
1111 788 1153 850 sd
1165 788 1328 849 instantem
1340 785 1485 867 hyemem

285 887 428 969 perirent,
446 885 563 949 colletie
578 885 673 968 igitur
688 885 824 950 consiliis
838 886 1027 950 concludunt
1041 885 1157 948 boetem
1171 905 1226 947 scu
1242 895 1345 965 cperts
1362 883 1408 959 ri,
1427 903 1486 944 sen

285 982 403 1046 occulto
421 983 504 1058 dolo,
526 981 545 1045 d
563 991 663 1065 segete
681 1002 737 1046 sus
754 983 925 1064 probibere,
942 983 1036 1046 setius
1051 1003 1117 1045 csse
1129 983 1199 1059 reti,
1219 991 1256 1044 ut
1269 981 1370 1043 subite
1384 988 1486 1042 morte

285 1079 378 1142 semel
390 1079 525 1142 miserias
539 1079 673 1158 linirent,
692 1101 784 1165 quem
802 1081 997 1165 languentem
1016 1081 1149 1142 animem
1166 1079 1206 1142 ed
1222 1077 1328 1141 mortis
1344 1077 1488 1138 victime

285 1176 397 1238 tionem
410 1175 525 1240 iteretis
538 1178 696 1259 suppliciis
709 1181 873 1242 treberent.
903 1181 957 1244 Ad
969 1179 1049 1241 benc
1062 1175 1314 1241 machinationem
1327 1194 1400 1236 vero
1411 1192 1487 1235 cum

284 1293 316 1336 ee
328 1273 410 1336 cives
423 1273 578 1336 inferiores
591 1284 740 1350 notemnt,
759 1293 817 1337 nec
834 1274 914 1337 homi
931 1274 1123 1350 sufficientes,
1142 1271 1234 1334 certis
1249 1270 1369 1333 nunciis
1385 1270 1489 1332 uude·

284 1390 405 1452 queque
423 1390 513 1452 opem
532 1369 664 1434 militum
685 1372 859 1446 sollicitent,
878 1373 1095 1455 edducuntque
1118 1368 1311 1433 Colouellsm
1333 1367 1489 1431 Wolfium

284 1467 338 1548 qui
351 1465 595 1550 Aschefenburgi
603 1489 678 1532 cum
693 1469 829 1552 Legioue
843 1469 1025 1552 Dregonum
1036 1467 1261 1539 subsistebet,is
1273 1466 1354 1529 euim
1363 1485 1433 1527 cnm
1444 1485 1488 1526 ex

285 1565 419 1626 virorum
435 1564 619 1646 prudentum
631 1567 784 1630 reletr'one
802 1566 958 1650 negotium
973 1565 1032 1628 boc
1048 1565 1178 1628 feliciter
1193 1564 1306 1647 suscipi
1323 1573 1355 1626 et
1369 1562 1488 1624 confici

284 1681 371 1744 poese
385 1661 510 1736 videret,
521 1662 620 1726 edicit
632 1673 748 1746 queute
760 1663 858 1746 potru't
869 1662 1022 1726 celerimo
1038 1681 1110 1729 cem
1126 1661 1224 1722 tribus
1239 1673 1407 1741 qnetuorvc
1418 1679 1489 1721 me-

183 1787 190 1806 ·
285 1758 408 1841 nipulis‚
425 1778 462 1820 ec
480 1761 536 1822 sub
554 1781 653 1824 serem
671 1781 830 1843 vesperem
849 1761 998 1824 Hcobstss
1016 1759 1167 1822 Mbcunm
1184 1758 1360 1830 treusm‘uit,
1378 1757 1431 1818 nbi
1450 1776 1487 1818 se

283 1857 505 1938 conjunxerunt
517 1877 555 1919 ex
563 1858 706 1940 praesidio
716 1859 798 1922 illiue
806 1859 877 1935 loci,
889 1857 1208 1940 etGoningeteiuiense
1221 1857 1300 1918 ercis
1309 1855 1402 1918 velidi
1413 1855 1488 1936 qni·

284 1954 355 2016 dem
375 1953 498 2029 milites,
517 1963 550 2016 et
569 1955 630 2018 loci
649 1955 743 2018 situm
762 1956 1068 2036 constitutionemque
1086 1953 1199 2036 optime
1219 1952 1374 2028 callentes,
1399 1951 1486 2014 necti

284 2051 388 2134 itequc
401 2051 498 2114 fidum
515 2053 684 2116 Ductorem
698 2053 834 2135 plerique
851 2052 1084 2115 desultoriorum
1102 2051 1135 2112 in
1154 2051 1246 2133 pedes
1262 2069 1295 2112 se
1306 2050 1486 2123 demittunt,

285 2149 402 2230 iterque
416 2147 552 2211 Ureelles
563 2149 718 2232 dirigunt:
740 2147 941 2212 Ductorcun
952 2149 1075 2211 bibisset
1083 2147 1257 2231 plusculum
1267 2147 1486 2220 dvieubcrret,

285 2265 466 2326 ceueemque
479 2247 593 2327 praehet
605 2255 640 2310 ut
649 2246 765 2308 terdiue
777 2267 870 2328 quem
882 2246 1025 2308 rolebeut
1037 2246 1078 2308 ed
1091 2245 1204 2307 moenis
1215 2243 1410 2326 eppelleseut,
1421 2243 1488 2305 sole

280 2344 347 2427 jem
361 2344 454 2426 prope
467 2343 637 2406 diluculum
652 2343 865 2426 permittente,
881 2343 925 2407 ite
942 2353 978 2405 ut
993 2362 1146 2404 nonnemo
1163 2341 1278 2424 ceperit
1290 2341 1430 2403 dubitere
1443 2362 1487 2403 un

284 2460 332 2501 res
350 2440 462 2502 confici
481 2449 592 2521 posset,
607 2460 646 2503 sn
665 2460 737 2502 vero
756 2440 786 2501 in
804 2440 1009 2503 commodiore
1026 2449 1164 2522 tempore
1178 2438 1297 2501 differri
1315 2438 1487 2519 expediret,

284 2536 358 2620 quie
377 2545 477 2599 temen
493 2538 588 2599 enimi
605 2540 740 2600 omnium
761 2538 802 2600 ed
823 2538 1021 2619 irruptionem
1037 2536 1265 2619 propendebeut
1281 2534 1486 2611 enuuitDux,

284 2634 488 2717 praemisitque
505 2634 809 2717 Coningetcinienum
824 2634 1000 2717 presidium
1018 2655 1090 2697 eum
1110 2654 1166 2697 eno
1185 2632 1321 2695 Ductore
1339 2632 1489 2694 locumte-

284 2740 374 2793 nente
398 2730 442 2793 D.
466 2732 592 2793 Andree
615 2730 745 2793 Seubert
764 2732 861 2793 milite
875 2752 947 2794 eene
970 2732 1094 2816 egregio
1110 2742 1142 2793 et
1161 2731 1194 2793 iu
1217 2732 1320 2813 peucie
1338 2730 1488 2802 animoso,

286 2848 376 2910 quem
395 2828 531 2909 sequitur
549 2828 733 2909 Cepiteneue
751 2828 887 2891 delectue
900 2828 1135 2912 Archisetmpioe
1147 2828 1424 2911 Coningeteinisnse
1437 2827 1490 2887 sis·

284 2946 344 2987 nou
358 2924 458 2987 minuc
470 2924 641 2997 bellicosus,
655 2924 709 3006 qui
722 2946 792 2986 cum
803 2926 844 2988 ed
858 2936 959 3007 portes
970 2915 1204 3008 oppropieeseut,
1215 2944 1253 2989 ec
1262 2923 1488 3006 eliquentulum

284 3023 543 3105 perstrepuiesent,
566 3020 768 3083 inclementer
788 3022 828 3083 eb
844 3024 1029 3099 excubitore,
1050 3023 1120 3103 quis
1135 3022 1336 3103 eppronimet.
1386 3020 1488 3084 silent

285 3140 389 3181 omnes
399 3118 603 3182 etenheietunt
612 3118 761 3195 nonnihil,
772 3120 947 3201 neemepitu
953 3127 1024 3181 ente
1030 3128 1149 3201 tempus
1156 3118 1273 3181 hostem
1281 3118 1487 3201 quiescentem

285 3215 426 3289 excitent,
437 3224 502 3278 tum
513 3214 619 3278 relicte
628 3215 818 3296 eliquentum
831 3225 928 3297 porte,
940 3215 980 3278 ed
993 3217 1106 3278 moenie
1117 3215 1258 3292 tendunt,
1271 3214 1486 3299 epplioentqnc

286 3309 392 3387 coeles,
407 3320 438 3373 et
449 3310 621 3373 felicissirne
634 3330 696 3392 quo
708 3311 851 3374 solebent
862 3311 1027 3374 enituntur.
1049 3312 1171 3375 Interes
1182 3312 1362 3393 pyrobolum
1375 3312 1484 3374 ortiles

284 3408 391 3491 psimsc
404 3418 498 3489 porte
512 3408 725 3491 eppliceveret,
738 3428 776 3470 so
788 3406 918 3469 feliciter
929 3408 1099 3489 disjeoeset,
1112 3428 1184 3469 cum
1192 3410 1259 3491 jem
1268 3410 1309 3471 ed
1318 3410 1484 3472 secundem

285 3504 412 3593 eltemm
431 3504 554 3588 effigere
572 3504 698 3581 lebcnt,
718 3502 830 3567 milites
849 3503 975 3585 quidem
996 3504 1088 3567 tecite
1109 3514 1213 3587 specte
1230 3505 1344 3567 minori
1364 3506 1486 3589 portule

286 3601 483 3685 ejeculentur‚
491 3598 705 3683 hominemque
714 3601 746 3663 in
759 3600 959 3684 medioopere
969 3602 1153 3683 opprimunt.
1174 3602 1330 3693 Quouiem
1338 3606 1482 3688 verojem

285 3698 381 3765 nnlte
394 3718 463 3781 pers
475 3697 608 3763 militum
622 3699 795 3780 civiumque
808 3707 873 3761 eret
889 3698 923 3761 in
939 3698 1031 3776 urbe;
1051 3698 1202 3782 hostisque
1220 3721 1326 3763 somno
1342 3702 1483 3786 indulge-
