3225 4700
237 483 248 486 ‘⁷
299 451 369 562 αἷς,
418 499 435 502 ff
482 423 561 532 Ἦ
579 453 607 496 9
640 448 744 560 gip}
825 428 900 553 ³2¹
951 485 986 496 ⁴
1037 450 1083 552 222
1221 450 1238 497 ²

505 702 697 777 CAPUT
729 703 877 778 XLIV.

93 896 291 964 Francorum
313 897 386 963 Rec
404 900 488 985 perir
508 900 570 966 eibi
591 903 665 968 dari
686 901 878 967 Brisacum:
910 900 1075 989 intercipit
1098 901 1286 969 Palatinam

144 998 296 1066 Comitem
319 998 475 1066 Scaiorem
499 1025 537 1067 ec
557 1004 678 1091 Amplia
697 1026 759 1093 per
785 1004 914 1071 Galliae
935 1006 970 1069 ia
994 1002 1197 1070 Germaniam
1221 1018 1288 1073 tca-

128 1245 224 1328 (ζζκῖὝ
271 1275 276 1290 ’
295 1263 341 1322 inl
368 1260 521 1325 MORTE
537 1263 762 1327 Vinarieusium
777 1264 875 1328 Ducis
889 1264 1050 1342 Bernardi,
1066 1266 1225 1329 Brisecum
1235 1268 1287 1330 ed·

124 1307 342 1457 5²⁶1)
380 1356 440 1418 huo
455 1360 609 1422 euehitur
623 1361 643 1423 a
656 1359 874 1424 contemmis
888 1362 1018 1425 corone
1034 1362 1172 1426 suasca
1190 1364 1288 1426 uuor.

117 1455 144 1558 ’ὲ
159 1463 181 1480 “’
193 1451 339 1566 {griffi
380 1454 447 1529 bus,
460 1454 569 1535 quibus
585 1457 734 1519 exereitus
749 1476 853 1518 curam
868 1459 1058 1521 mmmissam
1073 1478 1136 1521 esse
1151 1461 1287 1543 superius

147 1534 163 1608 'i
177 1545 289 1660 55¹⁷&
318 1557 331 1604 i
381 1553 524 1615 diximus.
574 1554 653 1614 Eam
674 1572 747 1615 vero
765 1554 964 1616 munitionem
982 1576 1053 1617 eum
1073 1577 1128 1619 suo
1149 1556 1288 1620 instituto

113 1649 186 1702 ῗ
196 1639 345 1702 *iefflq
379 1648 503 1712 omnino
515 1650 715 1724 commodam,
728 1649 790 1710 imo
800 1670 854 1731 per
863 1670 953 1731 quam
963 1653 1159 1714 necessariam
1172 1654 1289 1717 videret

96 1747 169 1809 Rex
192 1747 313 1821 Gallias,
336 1746 454 1810 nullum
478 1764 539 1806 non
561 1744 693 1826 lapidem
715 1746 865 1822 movebat,
888 1755 925 1807 nt
941 1746 1145 1810 omnimodam
1167 1750 1200 1811 in
1219 1771 1288 1813 suas

95 1864 206 1905 manns
225 1844 410 1907 deditionem
429 1842 448 1903 t
470 1840 668 1904 directoribus
690 1840 898 1904 Wimariensia
918 1842 1035 1905 nilide
1054 1843 1289 1925 independenter

97 1938 290 2020 exprimeret,
303 1941 385 2001 unde
399 1938 498 2000 obices
511 1956 613 1998 omnes
633 1936 781 2000 indefesso
796 1938 898 2000 labere
912 1948 1054 2015 removet,
1068 1939 1174 2001 arietes
1186 1951 1291 2004 eontra

95 2034 319 2117 potentissimos
331 2034 454 2095 adhibet
466 2031 574 2093 animis
589 2052 789 2113 possessorum
805 2033 1024 2115 expugnandis,
1043 2034 1076 2095 in
1089 2055 1179 2116 quem
1195 2035 1288 2099 finem

98 2130 265 2192 immanem
275 2131 410 2212 pecunie
419 2147 568 2191 summam
576 2127 750 2190 Vinariensi
759 2129 903 2191 exercitui
913 2129 1086 2192 solvendam
1096 2131 1188 2194 misit.
1208 2132 1288 2195 Oum

97 2244 175 2288 vero
187 2226 276 2288 etiam
288 2234 361 2289 tuno
378 2247 426 2289 res
440 2225 615 2308 procederet
629 2222 750 2301 lentius,
764 2244 856 2305 qnam
871 2225 939 2287 Rex
954 2225 1054 2300 vellet,
1069 2227 1177 2289 merito
1192 2232 1287 2311 suspi-

99 2322 165 2385 cari
177 2321 256 2406 cepit
268 2324 307 2386 ad
319 2322 380 2386 bne
392 2340 542 2404 superesse
555 2320 752 2398 obstaculum,
763 2323 846 2403 quod
858 2322 940 2384 omni
953 2330 1063 2384 conatu
1075 2322 1288 2405 inquirendum

102 2429 134 2482 et
146 2420 350 2482 amoliendum
362 2419 487 2500 putavit.

143 2517 262 2598 Agebat
274 2525 346 2578 tunc
363 2515 439 2577 torte
457 2515 491 2576 in
504 2513 620 2597 Anglia
635 2513 783 2595 Princeps
799 2513 958 2576 Palatinus
970 2513 1097 2577 Carolus
1118 2515 1290 2578 Ludcvieus

104 2612 250 2674 Fridcriei
263 2612 335 2674 olim
350 2613 381 2674 in
395 2611 546 2674 Gaesmem
559 2609 686 2686 rebellis,
701 2620 732 2671 et
746 2609 820 2672 elide
837 2619 920 2692 peste
938 2611 1073 2688 extincti,
1091 2610 1191 2672 senior
1208 2610 1290 2673 filius

103 2709 256 2770 rariorum
268 2709 456 2792 negotiorum
469 2725 569 2782 causa,
584 2707 771 2786 reditumque
784 2707 908 2788 parabat
920 2707 951 2768 in
961 2707 1166 2778 Germaniam,
1176 2714 1291 2768 etcum

105 2803 238 2884 Imperio
250 2805 345 2886 (quod
357 2813 431 2866 tuno
443 2803 531 2885 plane
544 2803 732 2880 credebatur)
746 2802 958 2884 preficeretur,
970 2803 1038 2866 loco
1048 2803 1183 2868 defuncti
1193 2804 1291 2867 Ducis

106 2900 267 2974 Bernsrdi,
284 2899 510 2962 Vinmiensibus
529 2898 674 2979 reliquiis.
715 2897 757 2961 Et
777 2899 850 2962 licet
866 2909 969 2980 portus
988 2899 1111 2984 Anglioe
1129 2919 1231 2962 omnes
1250 2901 1290 2964 ad

105 2995 203 3077 ipsum
217 2995 372 3058 octiduum
385 2995 479 3056 clausi
492 2994 664 3071 manserint,
680 2995 724 3056 ita
732 3003 766 3056 nt
775 2993 851 3055 nulli
864 2995 983 3077 ingredi
996 2997 1136 3078 egredive
1146 2997 1191 3058 fas
1203 3006 1290 3073 esset,

106 3111 145 3152 ne
157 3111 219 3172 qua
231 3090 385 3173 Principis
396 3091 543 3153 dimessus
559 3111 596 3152 ex
611 3090 727 3172 Anglia
740 3090 871 3174 cuipiam
889 3091 1096 3168 innotesceret,
1116 3113 1177 3153 non
1193 3095 1292 3176 potuit

106 3195 205 3249 umen
219 3187 277 3249 boc
288 3185 344 3248 iter
355 3187 400 3248 ita
412 3187 513 3262 celari,
524 3187 599 3270 quin
611 3187 651 3248 ad
661 3186 807 3269 Legatum
820 3185 1000 3250 Francicnm
1013 3187 1145 3250 landini
1158 3190 1290 3252 residen-

106 3293 169 3345 tem
181 3285 269 3347 certis
282 3285 445 3347 amicorum
458 3285 564 3347 litteris
577 3305 668 3366 quam
681 3283 833 3347 citissimis
846 3284 964 3346 nunciis
977 3283 1151 3357 deferretur,
1163 3287 1216 3367 qni
1228 3307 1290 3349 uon

7 3387 10 3396 “
106 3380 206 3442 minus
222 3401 346 3463 propere
360 3399 451 3462 quam
466 3380 597 3462 primum
616 3400 705 3444 suum
722 3380 839 3464 Regem
856 3380 1092 3442 commonefecit.
1133 3381 1198 3444 Hic
1212 3383 1291 3445 clam

107 3477 246 3538 omnibus
254 3475 539 3539 commendantibus
549 3497 584 3538 ac
594 3477 750 3539 Praefectia
763 3478 881 3540 urbium
895 3497 948 3559 per
957 3496 1024 3539 suas
1036 3478 1205 3559 provincias
1214 3481 1291 3542 serio

107 3571 275 3654 imperavit,
286 3578 320 3633 nt
329 3572 469 3654 diligenti
482 3593 555 3636 cura
567 3574 763 3652 attenderent,
773 3594 812 3637 ne
822 3593 882 3655 qua
890 3593 943 3656 per
953 3573 1068 3636 Gallim
1077 3575 1173 3638 iturus
1182 3575 1291 3638 Comes

108 3666 267 3728 Palatinus
279 3666 371 3729 libere
384 3669 532 3742 evaderet,
546 3669 598 3730 sed
611 3669 741 3733 suaviter
754 3670 946 3747 muneretur,
960 3672 1059 3750 quoad
1071 3670 1112 3732 ad
1124 3671 1240 3755 Regem
1253 3673 1292 3734 de

109 3762 175 3842 ejus
187 3763 345 3844 prasentia
357 3762 483 3827 relatum
497 3773 581 3827 esset.
