3225 4700
524 356 929 427 ITINERARIUM.
1245 359 1308 424 307

109 507 196 582 sessi,
215 517 304 590 atquc
324 511 365 573 ad
386 512 568 576 deditionem
579 515 730 596 paulatim
747 524 932 598 cogerentur.
969 515 1162 597 Quapropter
1180 511 1306 575 oonsilio

108 614 216 667 coacto
234 606 447 682 deliberarunt,
465 630 524 690 qua
542 612 655 673 ratione
673 632 764 693 qnam
782 611 965 673 maturrime
984 611 1130 683 ferrentur
1147 609 1300 691 suppetiae,

107 721 188 781 quas
205 702 269 765 sine
289 723 391 787 pugna
407 705 567 768 difficulter
585 708 720 787 prestari
738 728 823 788 posse
842 706 1005 782 constabat,
1026 706 1204 768 unanimiter
1223 706 1301 766 ferro

106 800 364 880 perrumpendum
377 821 441 863 esse
454 811 640 864 censuerunt
681 804 727 864 Ea
740 812 860 885 propter
872 804 1110 883 quartadecima
1125 803 1175 864 dic
1191 801 1301 862 mensis

106 892 135 953 J
138 893 200 953 uuii
219 904 315 957 castra
334 896 432 958 subitb
453 906 584 972 movent,
606 917 643 959 ac
662 898 779 959 diurnis
798 898 1019 979 nocturnisque,
1041 899 1196 959 itineribus
1218 907 1299 960 recta

105 987 358 1052 Woifenbutbum
370 993 572 1055 contenduntr
592 1014 653 1075 quo
664 996 770 1057 eodem
784 995 927 1058 Sueeious
942 996 1031 1056 etiam
1046 996 1194 1057 exercitus
1206 1014 1295 1075 quern

104 1083 346 1147 Caesarirmmnm
353 1087 476 1149 consilia
485 1108 545 1150 non
555 1089 677 1151 omnino
686 1090 827 1166 latebant,
838 1089 955 1174 magnis
968 1091 1102 1171 passibus
1115 1090 1295 1171 properavit,

104 1180 151 1243 ita
165 1191 198 1244 ut
210 1183 328 1245 decimo
340 1194 422 1265 septo
436 1185 511 1246 dicti
521 1187 630 1247 mensis
641 1187 729 1248 ambo
738 1187 887 1249 exercitus
897 1208 956 1250 non
968 1187 1072 1268 procul
1083 1185 1294 1247 Wolfenbutho

103 1278 290 1341 substiterint
299 1288 388 1360 atque
399 1300 437 1342 ex
446 1279 503 1341 bau
512 1281 636 1361 quidem
645 1291 729 1362 parte
737 1281 892 1354 Caesareae,
900 1304 937 1344 ex
945 1282 1149 1345 adversaverb
1162 1280 1294 1342 Suecicae

104 1374 201 1454 copiae
213 1394 284 1436 cnm
296 1375 505 1438 confoederatis
517 1399 526 1454 3
547 1376 597 1438 hic
610 1397 671 1438 non
684 1378 738 1440 diu
748 1379 952 1440 cunctandum
963 1378 1029 1454 rati,
1041 1377 1183 1460 postridie
1194 1376 1294 1438 Caesa·

101 1469 183 1530 riani
195 1468 310 1532 hostem
320 1470 462 1533 intr-asna
473 1472 658 1535 munimenta
667 1474 869 1555 quaesiverunt
877 1484 908 1536 ct
921 1475 1153 1537 summarirtute
1163 1471 1294 1555 aggressi
1351 1514 1356 1523 ·

101 1574 185 1641 sunt,
198 1586 259 1627 non
270 1566 334 1629 siue
347 1568 467 1648 copioso
479 1568 634 1649 utriusque
648 1570 741 1650 partis
754 1571 910 1653 sanguine.
952 1570 1022 1643 Qua
1037 1572 1069 1632 in
1083 1589 1196 1653 pugna,
1211 1569 1291 1650 capti

99 1670 174 1722 sunt
186 1660 358 1724 colonellas
371 1663 498 1746 Gniiing
510 1673 541 1726 et
554 1664 726 1727 Colonellus
744 1665 945 1747 Hagenbacir,
961 1676 1083 1746 nterqoe
1101 1668 1180 1728 iuter
1192 1665 1292 1727 Coesa-

99 1778 169 1820 reos
192 1759 332 1834 militans,
357 1760 449 1821 occisi
471 1780 544 1822 vero
563 1760 685 1841 plurimi
708 1781 746 1822 ex
771 1761 987 1842 Imperatoriis.
1029 1761 1091 1824 Sed
1109 1781 1165 1822 nec
1186 1761 1292 1823 Sueeis

98 1864 214 1937 strages
235 1855 341 1917 horum
361 1855 493 1937 impunis
512 1856 580 1930 fuit,
604 1856 807 1918 occubuerunt
829 1856 910 1917 enim
928 1877 966 1917 ex
985 1855 1144 1937 praecipuis
1163 1858 1290 1918 ducibus

98 1952 215 2033 plures,
225 1974 261 2016 ae
274 1954 352 2016 iuter
364 1953 438 2015 alios
453 1952 562 2015 Comes
575 1953 614 2015 de
630 1953 732 2015 Hodie
746 1952 895 2015 colonelli
907 1953 978 2015 item
989 1951 1148 2015 Geseckhc
1161 1961 1192 2014 et
1204 1954 1289 2035 Zwy-

141 2146 206 2207 Hic
220 2166 289 2208 cum
303 2146 574 2208 animadverterent
586 2144 754 2225 imperiales
766 2164 832 2207 earn
843 2165 953 2227 pugnae
967 2146 1112 2207 rationem
1126 2164 1194 2205 curn
1206 2151 1289 2204 tanto

98 2243 230 2305 militum
245 2243 401 2325 dispendio
413 2262 475 2303 non
488 2261 550 2303 esse
565 2243 581 2302 e
596 2242 682 2302 rebus
695 2242 766 2315 suis,
780 2242 913 2323 receptui
923 2241 1096 2303 cecinerunt
1105 2248 1135 2302 et
1143 2238 1288 2322 vigesima

97 2353 205 2423 quarta
218 2342 242 2405 J
242 2342 307 2404 unii
320 2342 374 2404 sub
384 2350 502 2402 noctem
518 2338 721 2422 Sohoningam
733 2338 898 2402 redieruut.
918 2336 1163 2400 Woifenbutburn
1176 2335 1288 2396 interea

96 2440 205 2521 majori
217 2441 250 2500 iu
262 2440 327 2501 dies
340 2458 426 2520 aqnoe
438 2437 606 2499 secretione
619 2437 814 2518 affligebatur.
856 2436 933 2508 Quae
950 2433 1037 2495 sicuti
1053 2431 1204 2512 indigenis
1221 2450 1284 2492 mo·
1407 2517 1411 2527 1

95 2535 172 2597 leste
190 2546 264 2609 erat,
284 2537 327 2597 ita
347 2532 619 2597 Bruusvioensibus
639 2542 669 2594 et
687 2531 986 2613 circumjacentibus
1003 2527 1120 2610 oppidis
1140 2546 1284 2608 perquam

96 2631 298 2707 incommoda,
317 2639 462 2712 quantum
477 2628 557 2690 enirn
570 2648 656 2708 aquae
669 2629 830 2711 cogebatur
843 2629 875 2688 in
894 2635 1035 2701 casuum,
1048 2633 1166 2686 tantum
1182 2643 1283 2684 neces·

95 2728 181 2789 seriis
193 2728 296 2789 ιιείἰιιιιι
308 2727 496 2788 adimebatur
509 2725 623 2808 patriae,
641 2725 727 2806 cujus
744 2724 864 2786 defectu
879 2741 1006 2784 annonae
1024 2718 1212 2783 difficultates
1228 2739 1282 2779 au·

96 2824 266 2906 gesoebant,
280 2842 350 2884 cum
363 2842 419 2883 nec
431 2821 529 2883 farina
541 2821 644 2882 baberi
656 2829 754 2901 posset
767 2840 803 2881 ex
818 2817 1056 2880 molendinorum
1070 2815 1213 2891 siccitate,
1227 2835 1283 2876 nec

94 2919 247 2994 cerevisia,
262 2928 349 3000 potus
362 2918 466 2998 patrina
480 2919 615 2992 usitatus,
633 2915 796 2998 praeparari
813 2935 851 2976 ex
869 2933 955 2995 aquae
972 2911 1082 2994 inopia.
1123 2913 1280 2991 Aquamm

93 3015 226 3078 defectus
239 3013 405 3075 communis
417 3014 552 3075 omnium
565 3021 629 3075 erat
641 3010 771 3092 querela.
801 3008 1010 3072 Wolfenbuthi
1023 3007 1142 3069 interim
1153 3015 1183 3066 et
1196 3006 1282 3086 panis

93 3120 124 3172 et
136 3119 223 3191 potus
236 3118 300 3170 erat
314 3108 413 3170 adbuc
426 3117 491 3170 tum
504 3108 699 3182 abundantia,
713 3116 744 3168 et
761 3126 800 3168 ne
818 3105 849 3166 in
867 3113 1016 3187 posterum
1037 3111 1121 3178 esset,
1141 3101 1281 3163 sollicita·

91 3209 179 3268 batur
192 3205 297 3267 marito
310 3203 599 3287 Rausohenbergius,
614 3204 667 3285 qui
679 3203 747 3264 ideo
760 3222 814 3283 per
827 3219 996 3283 praeconem
1013 3199 1127 3282 praevio
1142 3196 1279 3279 tympani

92 3303 191 3364 sonitu
203 3301 378 3383 proclamari
387 3301 488 3383 jussit,
499 3300 595 3381 utqui
605 3300 637 3360 in
647 3317 761 3360 sunum
772 3304 937 3358 comeatum
949 3316 1010 3358 non
1022 3295 1152 3371 haberet,
1164 3295 1279 3354 mature

91 3405 190 3459 cadro
201 3397 367 3469 excederet,
384 3397 418 3459 id
436 3396 519 3478 quod
536 3396 555 3457 b
573 3393 676 3456 multis
694 3392 870 3454 iaetimum.
913 3393 998 3453 Dum
1014 3411 1088 3454 vero
1106 3388 1195 3453 Sueci
1210 3408 1279 3450 cum

4 3528 5 3537 ι
91 3492 298 3555 oonfoederatis
309 3493 407 3555 Gallis
414 3500 544 3575 pergunt
551 3489 725 3553 continuare
733 3488 930 3562 obsidionem,
938 3487 1036 3549 omnis
1046 3487 1279 3569 circumquaque

90 3587 243 3650 districtus
255 3607 373 3668 pessum
391 3589 464 3650 ibat.
506 3586 636 3649 Nemine
654 3593 802 3648 statuente
816 3583 903 3645 malis
918 3585 1067 3647 remedio:
1087 3582 1278 3666 nequeenim

89 3685 128 3745 ob
141 3683 246 3746 militis
258 3683 446 3747 insolentiam
460 3692 539 3746 terra
551 3681 647 3745 excoli
659 3689 785 3770 poterat,
803 3698 861 3742 nco
877 3679 939 3742 ulla
955 3698 1082 3762 usquam
1098 3677 1281 3743 commercia
