3225 4700
337 337 402 403 286
732 325 1132 398 ITINBRARIUM.

337 487 437 550 entim
450 481 582 568 expungi
595 489 690 556 curet,
702 481 803 543 velud
816 481 975 544 minimum
988 481 1075 542 illum
1092 479 1311 564 paragraphum
1330 481 1364 542 in
1379 501 1448 564 quo
1461 481 1538 544 dicit

338 591 468 644 nmtrem
481 589 602 664 gentem
614 579 691 642 odeo
703 597 766 640 esre
780 577 949 659 imperitum
972 587 1006 640 ut
1025 577 1045 640 l
1061 577 1241 639 commercio
1259 577 1436 660 Anglornm
1456 578 1539 640 fectu

338 679 377 740 eit
390 676 497 740 civilio.
534 675 625 748 Quod
638 675 665 737 ei
677 673 829 757 corrigere
841 672 927 746 nolit,
942 673 1023 735 certi>
1036 672 1111 735 mihi
1123 673 1237 750 credet,
1251 675 1315 737 fore
1326 685 1361 736 nt
1371 674 1414 736 R.
1432 685 1540 738 vernn

337 773 473 836 libellum
485 791 574 834 enum
586 771 681 834 serius
693 770 815 832 tandem
829 770 861 830 in
875 779 1054 852 perpetuum
1069 770 1254 832 ex'ecrnbitnr
1270 770 1330 832 uiri
1347 770 1420 832 boui
1440 771 1538 834 amici

338 869 495 932 consilium
522 877 672 949 sequetur.
714 865 843 927 Interim
871 884 920 927 me
947 865 1138 928 commendet
1159 866 1364 929 Illmtrireimo
1391 867 1538 930 Domino

339 965 496 1030 colonello
513 965 639 1047 eliieque
652 963 761 1026 normis
773 963 861 1024 bouis
873 963 978 1026 amicir
994 964 1106 1047 Progne
1122 964 1172 1026 <lie
1189 963 1241 1026 27.
1258 963 1415 1026 Februarii
1435 965 1538 1026 Anno

342 1063 429 1124 164⁰·
818 1141 994 1202 Amicurli.
1015 1141 1247 1219 Vertroepuepcr

970 1236 1027 1298 Fu.
1041 1237 1236 1300 Fuercrecuo
1250 1236 1407 1300 Fnuunuu.

790 1419 906 1486 Glorrc
921 1417 1083 1486 Aether-ir.

437 1539 593 1604 ULTUM
612 1539 706 1600 miror
722 1537 893 1600 doctissimo
907 1537 1010 1612 Peter,
1024 1538 1106 1618 qnod
1120 1538 1161 1600 R.
1176 1547 1274 1602 vestre
1287 1538 1362 1600 milui
1381 1538 1531 1622 imponet,

449 1635 532 1716 quod
543 1650 699 1715 uunquam
712 1632 732 1694 i
746 1651 795 1693 me
808 1630 868 1693 tliit
880 1629 1056 1713 cogitetum,
1069 1630 1185 1692 scilicet
1197 1631 1283 1712 qumi
1298 1651 1357 1714 ego
1372 1631 1532 1694 diffamer·

338 1753 401 1796 ecrn
422 1741 535 1795 certum
559 1730 721 1805 nationem,
736 1745 905 1808 ¹omoeoque
927 1726 1092 1788 Generelce
1113 1727 1309 1790 Inrictierimi
1332 1727 1533 1810 Imperatoria

338 1829 442 1905 nostri,
457 1845 531 1909 quoe
549 1845 664 1901 omnes,
677 1834 712 1886 ut
724 1824 830 1899 debeo,
843 1823 977 1905 impcnre
996 1843 1131 1886 veneror.
1173 1823 1266 1898 Quor
1277 1845 1350 1887 vero
1365 1825 1478 1906 rcripoi
1491 1827 1531 1886 de

339 1925 466 1988 Ultonie
479 1931 509 1986 et
522 1922 667 1996 Conucin,
679 1921 785 1982 nmcbo
798 1919 939 2002 leguntur
948 1921 1042 1982 verber
1052 1941 1120 1982 meu
1132 1921 1247 1996 nodulo,
1255 1932 1288 1984 et
1298 1921 1467 1997 videbitur,
1481 1941 1530 1983 me

336 2043 397 2084 non
413 2011 452 2083 er
462 2035 531 2082 meo
548 2035 637 2080 sensu
655 2017 709 2080 sed
727 2015 759 2077 S.
780 2015 932 2077 Bernurdi
949 2017 1095 2079 mnoeutic
1112 2018 1224 2092 dicere,
1239 2037 1297 2080 nec
1309 2017 1464 2080 nationem
1480 2039 1529 2078 rue

337 2137 444 2179 vocure
458 2115 624 2178 Burburum
636 2123 672 2176 ut
683 2130 764 2175 nunc
777 2121 832 2186 ert,
847 2113 968 2192 mundo
984 2133 1071 2194 reque
1086 2115 1229 2191 moribus,
1248 2113 1396 2185 doctrine,
1409 2123 1444 2176 et
1457 2114 1529 2175 vitm

337 2214 482 2275 civilitate
502 2209 545 2273 ite
564 2231 595 2273 ee
615 2209 756 2284 excoluit,
776 2217 812 2270 ut
830 2227 900 2269 cum
920 2208 988 2269 uliie
1006 2209 1178 2272 nationibus
1196 2219 1310 2273 certene
1327 2209 1436 2292 ponite
1473 2211 1527 2272 red

336 2311 428 2374 iniere
447 2308 609 2392 eliquundo
628 2306 711 2369 illum
737 2305 888 2369 nationem
913 2305 1090 2385 Burburum,
1115 2308 1204 2371 olenti
1219 2317 1255 2371 'et
1273 2321 1390 2372 caeteru
1410 2326 1526 2370 umnec.

338 2405 388 2468 Mi
401 2414 496 2486 peter,
508 2403 580 2467 retis
592 2402 798 2465 animadverto
811 2403 892 2464 uude
905 2404 1061 2485 proveniet
1072 2405 1128 2468 iste
1141 2426 1233 2477 error,
1251 2414 1283 2467 et
1298 2416 1397 2467 vector
1413 2404 1526 2487 egendi

338 2501 456 2575 modus,
470 2500 495 2561 ei
509 2519 613 2561 verum
625 2498 712 2560 feteri
725 2498 827 2572 vultie,
840 2498 975 2582 plerique
987 2502 1145 2579 unuuetie;
1165 2522 1269 2565 omnes
1278 2501 1418 2564 consertio
1426 2502 1528 2583 cupite

338 2608 368 2661 et
380 2618 457 2659 nnus
475 2597 528 2678 qui
547 2596 664 2678 uliquid
683 2596 779 2657 obiter
798 2596 884 2679 legit,
904 2616 962 2657 nec
980 2596 1123 2678 expendit
1141 2598 1228 2673 oeric,
1249 2599 1335 2661 elteri
1353 2599 1524 2679 peronedet,

337 2695 420 2777 quod
439 2712 498 2755 non
519 2692 673 2775 intelligit,
693 2691 743 2754 rel
760 2712 797 2753 ex
817 2692 949 2773 proferro
966 2692 1033 2755 vult
1051 2693 1239 2756 celumniuri.
1279 2695 1405 2755 Frnotru
1421 2714 1464 2766 ee,
1481 2694 1524 2755 mi

337 2800 431 2873 puter,
445 2788 490 2852 uil
503 2800 588 2851 muto
601 2808 703 2851 eorum
716 2807 785 2869 que
798 2788 838 2849 de
853 2788 979 2849 Ultoniu
991 2789 1165 2865 dictarunt,
1177 2790 1237 2852 uiri
1253 2790 1336 2872 prim
1347 2790 1473 2867 efficior,
1489 2802 1525 2853 nt

338 2888 466 2949 Suuctm
480 2883 655 2947 Bernartius
668 2883 845 2965 corrigetur,
859 2883 941 2964 quod
952 2884 1056 2967 mugni
1069 2885 1127 2947 erit
1144 2885 1264 2947 loboris.
1307 2887 1357 2947 De
1374 2886 1525 2949 Ommini·

337 2984 403 3059 bnr,
421 2980 554 3064 Hymnie
567 2979 776 3043 ecommutibne
790 2980 823 3040 in
836 2999 885 3040 me
897 3000 1058 3061 meumque
1075 2982 1247 3044 codiculum
1263 2982 1295 3043 in
1313 2982 1425 3066 Belgio
1439 2984 1522 3061 forie,

337 3080 382 3141 nil
395 3079 496 3153 credo,
509 3084 580 3139 eunt
592 3075 672 3138 enim
688 3074 793 3156 Belgae
808 3075 867 3136 riri
880 3075 1099 3157 prudentiores,
1114 3098 1206 3159 quem
1218 3086 1252 3140 ut
1267 3097 1300 3140 oe
1316 3080 1355 3141 ob
1372 3079 1522 3142 tantillum

337 3174 472 3263 libellum
481 3182 622 3236 moveant
632 3194 640 3233 ε
659 3171 717 3234 hoc
726 3173 789 3235 ecio
797 3172 907 3234 multoe
918 3172 951 3233 in
963 3172 1074 3256 Belgio
1083 3187 1184 3237 meum
1191 3174 1326 3236 libellum
1333 3185 1365 3237 et
1374 3177 1521 3258 excepime

337 3268 436 3342 urirle,
449 3278 480 3331 et
488 3270 624 3333 leuduree
637 3268 812 3351 plurimum.
840 3268 933 3343 Quod
945 3268 972 3331 ei
984 3278 1082 3333 tumen
1098 3270 1235 3333 nonnulli
1246 3275 1457 3355 reperirentur,
1469 3276 1519 3357 qui

338 3384 419 3428 meur
426 3364 646 3427 lucubrationes
654 3364 788 3429 dicteriis
800 3365 956 3449 scriptisve
964 3366 1106 3449 impetere
1114 3366 1236 3445 vellent,
1243 3368 1443 3451 feriuntquod
1450 3370 1519 3434 iniret

337 3463 363 3525 ei
381 3460 489 3524 erroris
504 3460 677 3539 convincar,
698 3461 827 3525 libenter
844 3462 1004 3544 corrigam,
1017 3462 1109 3525 mium
1122 3484 1171 3525 me
1183 3466 1357 3547 neutiquam
1369 3478 1516 3545 enervent,

336 3558 471 3641 copher
484 3576 572 3619 nemo
585 3558 643 3620 nisi
653 3566 753 3620 erecto
762 3556 867 3621 statuit
874 3558 992 3620 enimc:
1011 3578 1101 3643 egum
1110 3560 1194 3641 quod
1204 3571 1318 3624 rectum
1327 3572 1383 3636 err,
1393 3564 1517 3628 scribom

336 3656 537 3813 ffiffl
553 3664 608 3730 ert,
626 3664 657 3717 et
675 3654 719 3717 ite
737 3655 840 3717 omniu
855 3653 971 3717 invidit
988 3664 1019 3718 et
1036 3655 1188 3719 columnii
1205 3658 1301 3742 mnjcr
1315 3660 1409 3724 ritum
1423 3681 1517 3725 meum
