3225 4700
496 313 898 399 remansurum.
1226 329 1290 394 scs

75 484 205 545 mentis
226 485 266 546 ad
289 485 455 547 Generales
474 486 650 547 conclusum
673 496 727 555 est,
752 485 846 565 quod,
870 483 1116 565 prosequentibus
1136 481 1216 543 bona
1236 502 1291 542 sua

74 580 271 642 officialibus
284 582 406 644 factum.
450 583 521 646 Hoc
538 595 573 644 ut
586 583 728 645 viderunt
747 581 858 643 milites
874 580 1024 643 officiariis
1042 579 1187 652 destituti,
1207 579 1290 641 auxii

75 678 297 740 reddebantur
309 680 348 740 de
362 701 461 741 rerum
476 689 597 756 eventu,
613 680 691 740 unde
705 679 803 760 primb
817 676 949 758 pauculi,
965 697 1036 738 mox
1049 676 1149 758 plures
1162 677 1289 738 transire

76 774 133 834 ad
152 775 300 836 victorum
317 787 416 857 partes
436 777 633 849 constituunt,
652 785 770 838 etcum
791 795 858 836 eam
876 775 914 835 ob
928 793 1049 836 cansam
1067 773 1213 834 dissensio
1225 781 1291 834 orta

77 870 103 930 f
100 869 200 932 uisset
214 871 293 932 iuter
304 873 426 948 milites,
442 874 495 953 qui
506 874 614 954 reliqui
627 874 756 948 fuerant,
768 893 825 933 nec
838 873 876 933 da
890 871 1057 934 defectione
1068 870 1247 952 cogitarant,
1258 867 1288 928 vi

78 966 319 1042 abstrabuntur,
342 980 373 1031 et
394 991 448 1050 per
471 971 603 1054 legiones
625 971 779 1033 Caesareas
800 969 990 1032 dividuntur.
1035 965 1202 1047 Displicuit
1223 963 1289 1026 haec

79 1063 333 1127 audaciamultis
342 1068 395 1128 sed
409 1067 557 1149 imprimis
565 1069 618 1129 ubi
627 1067 760 1128 innotuit
769 1065 980 1138 Genetalibus,
992 1064 1156 1144 quistatim
1168 1061 1289 1123 conclu·

80 1170 208 1229 serunt,
228 1181 283 1222 sua
300 1163 398 1223 cuivis
416 1162 633 1245 impedimenta
652 1185 714 1225 esse
732 1162 944 1245 permittenda,
965 1160 1077 1222 milites
1096 1179 1215 1241 quoque
1236 1160 1288 1239 qui

81 1277 125 1316 se
139 1256 220 1318 ultro
233 1260 381 1320 victorum
395 1261 529 1340 partibus
545 1281 606 1322 nou
626 1260 844 1342 adjunxissent,
859 1258 909 1320 vel
926 1278 996 1318 cum
1010 1256 1154 1319 Caesareis
1170 1274 1289 1314 manere

82 1373 155 1414 nou
174 1355 408 1434 constituissent,
427 1356 634 1430 dimittendos,
652 1377 688 1418 ac
705 1366 795 1438 prout
811 1356 929 1437 petebat
943 1351 1203 1414 Brunckborstius
1217 1351 1289 1410 We·

81 1449 200 1511 saliam
216 1450 392 1514 Hollaudita
405 1473 469 1515 esse
482 1454 686 1516 deducendos.

135 1546 351 1610 lamentabilis
368 1549 427 1611 tuit
447 1550 572 1611 duorum
591 1550 797 1612 Caesareorum
822 1549 945 1609 Ducum
966 1546 1075 1622 exitus,
1096 1542 1149 1625 qui
1170 1544 1202 1606 in
1222 1544 1288 1606 baeo

82 1655 231 1724 tempora
244 1644 361 1707 incidit.
403 1647 499 1708 Erant
518 1648 563 1708 illi
581 1648 755 1710 Colonellus
771 1644 904 1728 Spiegel,
922 1653 954 1706 et
967 1641 1141 1706 Colonellus
1159 1641 1287 1724 Duglas,

86 1749 222 1821 uterque
235 1742 275 1802 ad
287 1761 371 1803 arma
383 1753 549 1825 promptus.
591 1744 722 1805 Miserat
739 1743 794 1804 hos
812 1741 1026 1804 serenissimus
1040 1736 1200 1799 Arcbidux
1214 1737 1288 1798 Leo-

85 1835 204 1916 poldus
218 1837 399 1900 Wilbelmus
412 1839 571 1902 Sittaviam
582 1852 616 1901 ut
624 1861 694 1902 cum
703 1839 899 1902 Suecicorum
912 1855 1064 1898 armorum
1075 1833 1202 1894 ducibus
1212 1840 1289 1894 trac·

84 1943 204 2008 tarent,
218 1933 252 1996 id
261 1935 344 2015 quod
354 1935 482 1997 feliciter
490 1947 521 1998 et
532 1937 608 1998 citra
615 1956 736 1998 omnem
748 1935 964 2010 dissensionem
972 1933 1085 2020 factum
1096 1938 1149 1990 est
1179 1929 1288 1989 Finitis

87 2031 259 2106 tractabas,
272 2041 307 2093 ut
319 2031 387 2094 lieri
399 2032 516 2105 assolet,
529 2034 646 2095 lautum
660 2034 835 2095 convivium
852 2032 871 2093 b
885 2029 1019 2092 Suecicis
1032 2027 1211 2110 quibusdam
1224 2026 1289 2088 offi-

86 2125 221 2188 cialibus
237 2137 283 2189 est
301 2127 483 2203 institutum,
497 2131 528 2190 iu
542 2151 603 2211 quo
622 2151 678 2211 pro
693 2149 774 2191 more
791 2127 957 2210 largissimo
975 2126 1132 2208 potitatum
1146 2132 1210 2198 est;
1238 2143 1289 2184 ex·

88 2223 178 2295 inde,
198 2225 281 2303 quod
297 2225 498 2286 communiter
518 2226 668 2299 usuvenit,
686 2226 718 2286 in
739 2226 820 2286 rixas
841 2225 927 2294 itum,
941 2233 971 2284 et
987 2221 1086 2282 verbis
1106 2218 1288 2280 contentiose

88 2329 255 2396 certatum,
270 2321 346 2383 adeo
363 2331 397 2384 ut
414 2322 489 2384 dicti
503 2323 564 2385 duo
578 2323 739 2398 Colonelli‚
755 2343 827 2385 cum
841 2319 1016 2383 alteralteri
1030 2319 1136 2380 cedere
1150 2315 1288 2392 nesciret,

88 2417 227 2497 asperius
246 2418 353 2494 collisi,
374 2440 438 2481 sese
456 2421 561 2481 mntub
579 2419 619 2480 ad
638 2419 776 2481 duellum
795 2418 998 2491 evocaverim,
1020 2416 1129 2497 inquo
1147 2414 1289 2475 duman-

88 2506 199 2575 dacter
212 2515 379 2590 decertant,
396 2515 533 2577 funestus
548 2515 674 2577 omniuo
689 2515 803 2577 eccidit
815 2535 913 2583 casus,
927 2521 962 2574 ut
980 2512 1095 2575 scilicet
1109 2512 1214 2572 eodem
1228 2511 1289 2573 fere

90 2621 247 2672 momento
268 2612 357 2672 ambo
380 2611 515 2693 sclopum
535 2612 610 2672 alter
629 2610 660 2669 in
682 2609 810 2672 alterum
830 2609 1032 2679 exonerarint,
1051 2627 1087 2669 ac
1108 2628 1139 2668 se
1155 2606 1289 2669 vicissim

90 2708 237 2789 plumbea
254 2708 364 2789 glande
381 2708 563 2788 trajecerint,
584 2727 620 2767 ac
642 2706 795 2788 Spigelius
816 2708 938 2787 quidem
962 2704 1045 2766 nullo
1065 2704 1189 2766 ulterius
1209 2705 1291 2766 edito

92 2803 184 2884 siguo
198 2803 401 2865 miserandum
423 2803 454 2864 iu
475 2804 601 2865 modum
619 2803 771 2877 occubuit,
792 2802 961 2885 Duglasius
981 2800 1052 2861 verb
1072 2819 1151 2883 aegre
1170 2800 1290 2861 trahens

91 2898 245 2979 spiritum,
259 2900 298 2960 ad
311 2899 469 2960 dimidiam
483 2920 541 2959 uou
556 2899 685 2980 amplius
697 2898 800 2959 horum
815 2898 989 2977 supervixit.

137 2995 303 3057 Geminum
317 2996 389 3056 huic
402 2995 540 3075 estquod
553 2994 727 3078 Hamburgi
741 3016 801 3056 non
817 2994 913 3057 multb
925 3004 993 3077 post
1006 2994 1144 3077 contigit,
1155 2994 1206 3055 ubi
1220 2995 1290 3056 vere

94 3103 229 3153 extrema
248 3093 354 3175 gaudii
371 3093 471 3153 luctus
490 3092 659 3173 occupavit.
702 3092 765 3153 Res
784 3093 826 3153 ita
840 3091 937 3152 babet.
981 3092 1168 3151 Invitarerat
1191 3088 1290 3150 Gene-

94 3189 166 3250 ralis
179 3190 352 3272 vigiliarum
372 3188 539 3249 Profectus
554 3189 628 3250 Psul
648 3190 688 3251 ad
706 3189 822 3250 lautum
839 3188 1012 3249 convivium
1025 3186 1202 3267 precipuos,
1216 3206 1291 3267 quos

94 3284 164 3347 istic
182 3296 342 3366 repererat,
357 3284 532 3358 belliduces,
547 3285 600 3366 qui
621 3294 655 3346 ut
671 3285 853 3347 addixerunt
872 3287 1039 3345 convenere
1056 3283 1236 3363 frequentes,
1257 3292 1291 3343 ut

93 3382 268 3457 liberaliter,
290 3383 372 3463 quod
392 3382 562 3443 institutum
582 3392 655 3455 erat,
678 3391 884 3443 tractarentur.
928 3380 991 3442 Hic
1013 3380 1085 3441 dum
1106 3379 1292 3441 accumbitur

92 3476 173 3538 citra
188 3476 281 3538 ullam
296 3477 391 3539 animi
409 3478 674 3558 perturbationem,
690 3478 856 3559 equalibus
876 3477 1050 3549 baustubus,
1068 3476 1107 3537 ad
1124 3496 1200 3556 quos
1215 3474 1292 3535 alter

92 3574 220 3634 alteram
238 3574 395 3648 invitabat,
415 3585 563 3635 certatum
584 3574 715 3645 strenue,
734 3576 788 3636 sed
808 3584 838 3636 et
856 3574 955 3636 subitb
974 3572 1076 3635 nescio
1093 3572 1176 3653 quod
1191 3582 1290 3631 ortum

91 3670 152 3731 suit
165 3669 243 3732 inter
253 3670 276 3731 J
280 3670 414 3732 uniorem
424 3668 633 3752 Knipbausen,
645 3681 674 3733 et
685 3692 857 3752 supremum
868 3669 980 3751 vigiliis
992 3668 1175 3731 Praefectum
1188 3669 1290 3730 Wicb·
