3225 4700
486 358 567 427 11⁷1
570 357 792 428 NERARI
798 358 884 427 UM.
1216 360 1275 426 167

65 507 187 571 mittat
200 508 331 592 juranos
344 510 469 587 nobiles,
483 512 537 575 sed
549 512 625 575 forte
636 521 668 575 et
680 512 737 596 ipsi
750 513 927 575 technarum
942 512 1016 575 socii
1033 512 1135 595 reique
1152 514 1276 577 convin-

64 620 202 673 centur.
241 610 394 673 Excludat
407 612 480 673 eos?
502 613 556 674 sed
568 632 639 675 mox
651 611 684 674 in
698 611 807 694 vulgus
820 619 962 692 spargent
973 630 1014 682 se,
1029 610 1055 673 si
1068 610 1149 692 quod
1162 610 1275 672 malum

66 708 261 789 reipublice
273 707 422 784 imminet,
433 729 488 771 suo
499 707 619 771 hortatu
631 727 829 771 averruncare
842 705 980 785 voluisse,
991 728 1048 771 nec
1057 708 1176 772 admitti
1188 717 1275 789 potuh

68 803 150 864 isse.
182 804 333 866 Admittit
343 804 466 865 tandem
480 803 655 885 impostores
667 804 813 887 egregios,
828 803 881 883 qui
894 811 928 864 ut
940 802 973 865 iu
986 812 1176 885 conspectum
1191 804 1276 865 Prte-

69 898 324 975 sidisveueraut,
333 899 594 982 datoaoceptoque
604 900 695 973 salve,
705 900 872 975 consident,
881 920 917 961 ac
927 898 1069 981 paulatim
1079 902 1166 962 auxie
1175 920 1277 963 servos

70 994 344 1077 circumspiciunt,
369 1006 516 1079 gestuque
535 997 700 1077 loquuntur
720 1004 868 1057 secretum
890 1014 977 1057 suum
1002 996 1128 1059 arbitros
1150 997 1277 1060 famulos

72 1091 264 1172 neutiquam
277 1091 445 1154 admittere·
476 1091 568 1165 Quod
581 1102 616 1154 ut
627 1092 841 1154 animadvertit
854 1092 982 1166 Praeses,
995 1112 1083 1155 omne
1096 1094 1275 1157 famulitium

73 1188 181 1249 cubili
194 1208 296 1250 exesse
303 1189 401 1271 jubet,
416 1188 596 1270 occludique
608 1188 728 1263 ostium,
742 1188 870 1269 juvenes
883 1208 954 1249 vero
967 1190 1050 1269 quod
1062 1189 1174 1251 dimuri
1187 1210 1277 1251 vene·

74 1295 152 1346 rant
163 1284 260 1348 libere
271 1286 392 1368 profari.
420 1286 485 1348 Hic
494 1306 564 1347 cum
577 1285 697 1346 illorum
707 1284 783 1346 altar
792 1284 890 1347 verbis
899 1285 1101 1347 disertissimis
1110 1287 1277 1369 prosapiam

75 1382 179 1463 leuga
190 1381 268 1444 serie
280 1382 464 1458 deduxisset,
482 1391 698 1464 parentumque
714 1400 786 1462 opes
801 1379 905 1443 multis
920 1390 1138 1465 exaggerasset,
1155 1383 1277 1445 taudem

78 1498 173 1539 suam
191 1480 325 1560 inopiam
340 1478 490 1561 professus
505 1479 635 1559 parentis
650 1479 683 1540 in
696 1477 805 1539 liberos
822 1478 905 1559 parci
922 1478 1076 1541 avaritiem
1091 1480 1203 1541 taxavit
1217 1500 1276 1561 qua

78 1575 212 1655 quidem
225 1575 284 1657 ipsi
295 1574 402 1636 fratres
414 1576 502 1635 ambo
514 1573 762 1656 compellerentur
769 1573 897 1635 aliorum
909 1572 1065 1637 hominum
1074 1595 1161 1657 opem
1170 1576 1276 1658 implo-

81 1692 164 1746 rare,
178 1682 215 1734 ut
227 1673 331 1734 saltem
345 1672 383 1733 ab
395 1672 463 1733 aliis
474 1671 559 1733 velut
573 1670 705 1733 mendici
719 1690 781 1732 nou
798 1670 1024 1746 deriderentur3
1044 1673 1160 1735 venisse
1174 1672 1276 1755 itaque

81 1789 118 1831 se
140 1770 184 1832 ad
207 1770 376 1830 Dominum
398 1767 578 1840 Praesidem,
599 1777 635 1829 ut
654 1766 786 1848 aliquam
812 1766 948 1848 pecunia
971 1786 1117 1827 summam
1141 1778 1277 1850 peterent

82 1866 198 1941 amice,
208 1886 298 1946 quam
308 1866 335 1927 si
347 1874 485 1948 negasset
496 1863 553 1925 hoc
566 1864 668 1935 modo,
679 1864 711 1926 ri
723 1862 891 1946 adigendus
903 1872 979 1925 esset
988 1863 1028 1925 ad
1038 1883 1105 1924 eam
1118 1884 1276 1927 numerau-

85 1962 182 2038 dam3
201 1962 348 2044 simulque
360 1980 444 2022 arum
457 1968 608 2043 promunt,
621 1960 739 2040 quibus,
753 1960 813 2021 uisi
828 1967 940 2041 pareat,
953 1978 1022 2021 eum
1035 1960 1168 2021 coacturi
1181 1971 1276 2023 eraut.

85 2059 210 2121 Jubeut
226 2059 348 2140 insuper
367 2058 400 2119 iu
420 2076 539 2119 summa
558 2056 658 2136 quiete
678 2055 833 2118 considere
852 2074 909 2116 nec
930 2056 1055 2117 verbum
1076 2056 1195 2133 mutire,
1217 2058 1276 2119 uisi

82 2154 264 2236 quantocius
276 2153 352 2216 mori
365 2152 447 2216 velit
489 2150 574 2224 Quid
586 2152 635 2214 hlc
649 2160 720 2234 agat
731 2152 934 2233 deprehensus
950 2151 1031 2213 intra
1048 2152 1181 2234 proprias
1195 2154 1275 2217 edes
1350 2166 1355 2181 ’

88 2249 230 2311 seueciol
248 2270 317 2311 eum
330 2247 517 2329 aliquamdiu
529 2246 569 2309 ad
583 2248 769 2309 exactionem
781 2247 943 2309 violentam
956 2247 1161 2321 obmutuisset,
1172 2250 1278 2333 arripit

88 2346 213 2409 tandem
226 2346 350 2429 caligas,
368 2345 537 2428 premitque
554 2342 698 2426 pauculos
712 2363 827 2415 aureos,
846 2364 920 2425 quos
935 2342 1038 2406 effreni
1053 2344 1077 2407 J
1078 2355 1197 2409 urente
1216 2348 1277 2410 sul·

90 2443 220 2506 lecturos
231 2444 265 2504 iu
275 2443 388 2506 lautam
402 2461 519 2504 coeuam
531 2441 665 2523 putabat,
679 2440 726 2501 his
739 2440 871 2521 acceptis
883 2440 970 2522 plura
981 2441 1132 2522 postulant
1140 2443 1277 2525 juvenes,

88 2559 122 2600 se
136 2539 215 2600 enim
225 2559 286 2600 nou
298 2539 413 2601 senisse
425 2558 481 2619 pro
491 2555 553 2598 nno
562 2536 693 2597 alterove
703 2535 764 2611 die,
774 2537 828 2597 sed
840 2557 897 2618 pro
905 2556 984 2597 anuo
994 2537 1119 2619 integro,
1130 2548 1278 2619 promeret

91 2635 192 2715 itaque
209 2654 315 2696 aurum
330 2633 409 2695 intra
424 2633 514 2694 cistas
528 2630 715 2704 conclusum,
731 2631 765 2692 ui
779 2632 871 2694 facist
890 2632 1042 2694 minantur
1060 2632 1174 2696 listulas
1190 2635 1277 2716 pyrio

94 2731 215 2811 pulvere
232 2739 264 2791 et
283 2729 407 2812 plumbo
426 2728 520 2790 fretas.
562 2727 670 2790 Semeu
690 2737 725 2789 ut
741 2727 835 2790 vitam
852 2737 949 2790 servet
965 2749 1071 2790 aurum
1088 2730 1128 2791 ad
1144 2729 1275 2811 ipsorum

92 2826 273 2888 voluntatem
283 2825 417 2908 prodigit
426 2823 624 2904 duodenaque
634 2842 790 2885 aureorum
800 2823 897 2886 millia
905 2825 985 2886 intra
996 2825 1131 2907 geminos
1143 2826 1277 2889 sacculos

92 2923 228 3006 porrigit.
268 2921 354 2983 Huic
374 2922 440 3003 ejus
460 2918 675 2982 munificentiae
695 2920 888 3001 quantumvis
909 2919 1055 2996 illubenfi,
1078 2941 1148 2983 cum
1166 2921 1277 3005 gratius

94 3020 221 3103 egissent
235 3019 423 3100 impostores,
438 3015 655 3079 strictissimam
667 3016 707 3078 de
720 3015 778 3078 hoc
790 3016 869 3078 lacto
882 3016 946 3078 seui
962 3017 1110 3098 imperant
1121 3019 1277 3080 taciturni·

95 3125 193 3179 tatem.
233 3114 377 3189 Quodsi,
396 3113 492 3186 aium,
504 3121 539 3174 tu
554 3113 665 3173 audeas
681 3121 813 3174 nostram
829 3113 986 3174 audaciam
1003 3113 1169 3196 propalare,
1185 3113 1276 3176 habe·

95 3215 190 3275 bimus
201 3211 290 3274 facila
303 3229 364 3292 quo
376 3231 430 3272 nos
445 3219 581 3272 tueamur
594 3209 633 3269 de
646 3216 730 3270 muta
740 3207 862 3290 injuria,
877 3207 1090 3286 testimonium,
1104 3229 1174 3271 oum
1187 3230 1275 3274 uemc

94 3310 148 3372 tibi
160 3309 192 3371 id
203 3307 346 3370 asserenti
364 3306 531 3368 crediturus
548 3314 605 3365 est.
647 3303 872 3386 loquacitatem
890 3323 963 3369 vero
980 3313 1063 3366 tuam
1081 3315 1175 3369 morte
1191 3307 1275 3370 lues:

94 3415 231 3466 ceterum
249 3413 331 3466 certo
351 3402 406 3464 tibi
424 3400 603 3483 pemuadeas
622 3419 679 3461 uos
699 3400 862 3481 aliquando
880 3400 1019 3463 beuefidi
1039 3421 1184 3466 memores
1205 3425 1275 3467 oum

95 3503 203 3564 ioeuore
215 3501 366 3563 refusuros
377 3498 527 3581 quidquid
540 3497 559 3557 d
571 3506 602 3558 ta
613 3497 704 3559 modo
716 3497 896 3579 accepimus.
927 3501 1030 3578 Atque
1043 3517 1112 3560 cum
1125 3498 1182 3573 his,
1194 3500 1276 3562 dicto

95 3598 169 3675 vale,
182 3607 323 3678 tauquam
335 3597 362 3658 si
374 3614 422 3657 res
434 3594 539 3677 magm
553 3593 697 3656 momenti
712 3601 889 3656 tractassent
903 3593 1067 3657 honorifice
1082 3594 1276 3658 dimittuntur

96 3695 185 3757 multo
197 3693 263 3755 auri
275 3692 406 3775 pondere
420 3710 511 3772 quam
524 3710 595 3752 cum
607 3689 837 3772 ingrederentur
849 3690 1012 3773 graviores.

18 3821 25 3838 ·
133 3790 189 3851 VI.
218 3788 330 3870 leydse
354 3787 577 3850 Hellaudorum
603 3786 803 3848 miserandam
830 3785 1007 3869 tragediam
1031 3786 1109 3848 iuter
1132 3787 1276 3869 conjuges
