3225 4700
461 330 884 409 ITINERARIUM.
1186 346 1267 411 ‚133

58 494 150 577 queri
158 494 255 557 'dono
267 500 437 576 potuerunt
477 492 599 557 Cosctis
611 494 644 556 in
656 507 756 557 unum
764 492 1005 577 pecoribus,·jsm
1013 493 1080 575 jam
1093 493 1266 559 obeundum

57 602 137 663 erut,
156 610 235 653 eum
254 610 325 652 ecce
341 590 397 654 tibi
412 590 573 652 nunciatur
591 590 805 654 malevolorum
821 600 851 653 et
864 589 1035 652 invidorum
1049 590 1162 654 civium
1175 592 1265 674 perfi-

60 687 114 749 dit
132 707 172 749 so
188 686 362 769 proditione
377 687 417 748 sd
430 686 491 748 bue
502 687 606 749 sbdits
618 708 681 749 esse
697 708 770 749 sene
781 694 939 769 septemve
952 686 1142 751 bosculorum
1155 690 1265 771 cepits,

61 785 103 845 sd
119 802 194 863 ques
210 782 384 865 indegunds
395 802 488 864 quom
501 802 572 844 mox
584 782 672 859 itum,
687 792 862 865 reperteque
875 780 1024 862 quidquid
1037 787 1070 846 in
1083 786 1266 847 eontrarium

64 879 193 941 nitendo
201 898 263 958 que
270 877 420 960 supplices
426 898 539 960 preces,
549 898 609 959 que
615 878 769 941 tolerabile
777 878 913 961 precium
921 880 1116 943 obtenderent
1124 902 1265 963 pecorum

63 975 198 1052 domini,
222 975 353 1036 sbduets
371 984 453 1050 suut,
475 976 552 1037 sdeo
574 975 725 1057 prefrscti
742 984 774 1037 et
791 974 931 1037 obdurati
947 984 1032 1037 erunt
1050 976 1155 1039 militis
1172 978 1265 1040 nostri

65 1070 181 1132 enimi.
226 1069 332 1131 Scribo
350 1070 416 1131 brec
436 1070 529 1132 libere
548 1080 582 1133 ut
597 1072 761 1154 eontigbre,
777 1091 816 1132 ue
833 1071 902 1150 quis
918 1079 1003 1151 putet
1017 1091 1067 1133 me
1080 1071 1265 1135 adulatorem

64 1166 169 1247 potius
181 1186 277 1247 quum
289 1164 467 1228 historicum
479 1187 579 1249 egere,
593 1166 728 1248 mihique
742 1173 794 1229 sut
802 1166 932 1230 vitulum
944 1168 1094 1229 celumm
1103 1170 1266 1231 excussisse

65 1272 117 1324 sut
128 1262 243 1324 bovem
257 1282 290 1323 os
303 1262 494 1339 obstruxisse,
509 1271 562 1325 eut
570 1284 682 1344 equum
690 1271 889 1325 sbumeutum
897 1273 1041 1346 epotasse.
1084 1263 1266 1326 Panduntur

67 1378 136 1418 mox
159 1366 260 1439 portus
281 1367 312 1420 et
330 1378 440 1440 pecore
458 1357 557 1420 denuo
573 1368 730 1421 numeretur
748 1359 928 1435 educuntur,
947 1357 1067 1421 nonnisi
1085 1359 1266 1422 intolerabili

67 1456 160 1535 prope
178 1454 261 1516 libro
277 1454 375 1516 soluto
391 1455 579 1530 reducends3
601 1455 735 1535 sequitur
747 1454 844 1530 miles,
859 1463 889 1516 et
901 1455 1028 1517 militem
1042 1463 1105 1518 tote
1117 1476 1209 1538 prope
1222 1456 1266 1518 le·

66 1551 180 1629 erymis
194 1550 321 1611 sordide
333 1550 509 1633 Oronbergs
521 1570 591 1612 eum
605 1549 747 1612 Petribus
760 1549 917 1612 Societetis
930 1550 1017 1625 deso,
1031 1571 1158 1632 quornm
1169 1554 1266 1635 preci-

68 1646 122 1707 bus
135 1646 221 1728 opud
235 1645 425 1708 colonellum
438 1646 574 1708 fidebant
587 1645 693 1707 iucoloe
703 1668 711 1707 ε
720 1692 724 1700 .
732 1664 908 1726 persuasum
921 1646 1018 1707 fueret
1026 1646 1113 1729 bonis
1123 1647 1266 1712 Patribus

70 1742 88 1802 l
104 1752 214 1804 nostro
226 1742 333 1818 milite,
350 1742 429 1804 irent
441 1742 532 1805 modo
543 1743 585 1803 sd
597 1740 787 1803 colonellum
798 1750 944 1815 nostrum,
952 1740 1040 1802 'nullo
1053 1740 1133 1823 ipsos
1145 1746 1265 1825 negotio

69 1840 245 1901 obtenturos
257 1839 321 1900 sine
332 1838 434 1920 precio
446 1838 545 1899 boves.
567 1836 764 1918 Fridbergum
776 1843 811 1897 ut
824 1845 947 1899 ventum
960 1845 1015 1910 est,
1027 1838 1080 1898 ubi
1092 1836 1266 1901 Gotonelluc

69 1935 241 1997 exorandus
257 1935 441 2017 sperebatur,
453 1934 498 1996 nil
511 1932 612 1995 minus
624 1932 745 1995 eccidit.
787 1932 851 1993 Hie
864 1932 956 2008 enim,
971 1939 1170 2014 praeterq'usm
1183 1935 1265 2015 quod

71 2031 200 2093 eusdem
220 2032 399 2113 trsgoedr'sm
420 2030 524 2093 ludere
539 2038 671 2111 ceperat
687 2048 758 2091 cum
777 2027 1193 2111 Fridbergemibmcmnem
1211 2050 1265 2112 po·

70 2136 208 2191 testatem
221 2129 319 2190 eiebst
330 2148 394 2191 esse
406 2148 497 2209 penes
510 2128 586 2189 Viee
596 2124 786 2188 Colonellum
796 2134 828 2187 et
837 2144 1009 2206 supremum
1019 2124 1132 2209 vigiliis
1143 2126 1265 2207 praet'ec-

72 2236 147 2301 tum,
157 2226 198 2287 ed
205 2244 282 2305 quos
289 2245 359 2286 cnm
366 2225 443 2286 itum
450 2233 537 2300 esset,
545 2222 774 2285 remittebentbi
781 2222 822 2283 sd
831 2222 961 2294 Ducem,
970 2230 1059 2303 etque
1071 2221 1112 2283 ite
1121 2222 1266 2286 ludebsut

72 2330 102 2382 et
113 2322 196 2385 cives
206 2330 238 2384 et
247 2322 453 2404 deprecatores
463 2320 570 2384 Petres
582 2319 757 2383 Societutis:
775 2319 902 2400 quodut
912 2316 1263 2402 notdruntvlrissgeces,

74 2417 207 2481 inibrunt
226 2418 385 2481 consilium
405 2438 475 2479 cnm
500 2417 616 2480 ciuibus
637 2415 926 2497 cronbergensibus,
944 2434 1022 2476 enne
1042 2416 1196 2497 expediret
1212 2437 1264 2498 pe·

74 2516 207 2577 crurium
221 2515 333 2576 librum
351 2514 507 2578 tolerabile
523 2513 625 2595 pecori
643 2510 819 2574 redimendo
832 2509 957 2587 offerre3
978 2509 1091 2592 ploeuit
1104 2508 1262 2592 plerisque,

73 2612 234 2674 mittuntur
247 2611 364 2673 ‚Pauor
386 2611 440 2692 qui
458 2630 513 2691 pro
531 2609 652 2671 eivitste
669 2608 869 2690 psciscsutur,
889 2615 1028 2680 tractent,
1045 2607 1261 2686 deprecentur:

73 2726 201 2788 eumque
206 2706 289 2769 mille
296 2707 454 2790 quingenti
461 2706 568 2768 flou-eni
575 2705 778 2786 exigerentur,
786 2712 934 2766 trecentos
942 2703 1082 2784 primum,
1092 2701 1161 2764 dein
1168 2703 1263 2784 qund-

75 2803 237 2886 ringentes,
251 2803 431 2885 quingentos
444 2802 574 2881 denique
587 2799 726 2875 offerunt,
740 2809 905 2862 extremum
918 2799 1049 2880 inopium
1062 2797 1102 2859 ed
1112 2816 1201 2879 quem
1210 2819 1264 2880 per
1305 2809 1306 2812 ’

75 2909 187 2963 nosnos
211 2900 322 2962 milites
341 2898 457 2961 reducti
478 2907 576 2960 essent
597 2905 790 2971 excussntes3
812 2897 866 2958 sed
878 2895 988 2957 frustm
1000 2895 1111 2967 omnis,
1119 2895 1264 2976 jurarunt

76 2993 161 3056 duces
180 3015 216 3058 se
232 2994 292 3055 nisi
308 2994 342 3055 in
355 2993 481 3076 gruum
494 2993 621 3055 Petrum
636 2991 792 3054 Societstis
804 2991 828 3053 J
829 3011 882 3052 esu
896 2989 914 3052 d
927 2989 1020 3072 petiti
1032 2991 1169 3071 pecuuioe
1184 3011 1263 3052 sum·

76 3090 122 3151 mi
139 3113 178 3155 ne
196 3089 362 3153 tornutium
378 3089 570 3151 remissurus:
595 3087 679 3149 mille
694 3087 789 3170 igitur
804 3085 956 3168 posnrlunt
971 3086 1110 3160 florenos,
1124 3087 1263 3168 inquibus

75 3185 116 3246 nil
129 3186 299 3268 quidquem
314 3186 454 3248 omnibus
467 3184 610 3248 sdbibitis
625 3183 773 3246 msobinis
789 3183 943 3246 dimovere
962 3190 1134 3264 potueruut.
1183 3183 1263 3246 Cum

76 3280 170 3364 ituque
183 3284 325 3346 viderent
336 3282 443 3364 optimi
452 3281 565 3344 civium
574 3279 703 3361 petroni,
714 3277 1153 3360 sesctumsgerevuledicunt,
1164 3280 1264 3362 indig-

77 3377 197 3442 nitstem
204 3376 652 3450 reivixsiccisoculisferentes‚
660 3385 691 3437 et
697 3375 851 3438 vindicem
861 3374 1038 3456 injuriarum
1048 3375 1150 3436 Deum
1158 3375 1264 3457 implo-

78 3484 180 3539 notun
201 3474 377 3550 valence,
386 3473 574 3536 dominioro
581 3468 1265 3548 fortebmoestiscivibusdetinentur,evocetur

79 3567 181 3634 ibrum
194 3571 270 3633 ulter
282 3573 300 3632 ὲ
314 3569 404 3632 dietis
417 3568 560 3630 Patribus
573 3568 613 3629 sd
627 3567 784 3629 Institores
796 3585 950 3648 pecorum,
960 3565 1011 3628 eui
1021 3568 1095 3630 dom
1105 3586 1264 3628 nonnemo

80 3667 295 3735 uenientibus
302 3665 413 3730 nostris
422 3663 1052 3748 mmmmmingessisseteredens
1062 3662 1263 3728 sebscsultsm
