3225 4700
352 324 417 388 360
742 317 1163 388 ITINERARIUM.

356 476 495 537 Wimarii
508 475 540 536 in
553 475 662 537 atrium
675 475 752 537 arcis
765 476 880 557 impetu
893 475 973 536 meto
987 475 1151 556 irrumpere
1168 472 1267 534 conati
1281 478 1361 546 sunt,
1380 488 1462 550 quos
1483 486 1566 526 cum

355 575 464 636 obsessi
478 574 576 656 primo
588 574 673 636 aditu
684 573 762 635 saxis
775 574 891 635 tantum
905 572 1023 633 amoliri
1038 579 1210 644 tentassent,
1225 567 1368 650 suspicati
1381 576 1458 627 sunt
1474 563 1564 625 obsi·

354 673 469 740 dentes‚
480 671 512 732 id
522 671 653 752 pulveris
661 672 787 750 penuria
796 670 952 744 accidisse,
965 669 1045 730 uude
1054 667 1214 750 majoribus
1224 666 1337 726 viribus
1345 669 1566 728 accesserunt,

353 770 407 830 sed
421 769 462 830 ita
479 769 595 850 accepti
611 769 630 830 t
647 766 851 850 praesidiariis,
868 776 954 828 uteo
971 766 1086 846 impetu
1102 761 1322 844 quinquaginta
1339 756 1565 826 occubuerint,

353 876 384 927 et
397 865 475 927 inter
491 885 542 927 eos
561 866 660 927 locum
682 876 786 927 tenens
801 863 941 946 legionis,
953 872 983 924 et
998 880 1154 944 supremus
1174 859 1346 942 vigiliarum
1363 853 1561 924 Prael'ectus‚

353 982 388 1023 ac
403 955 525 1043 insuper
538 962 661 1024 ducenti
672 962 761 1022 facile
772 961 897 1023 sauciati
909 961 940 1022 in
954 969 1050 1021 castra
1064 957 1216 1020 redierint.

389 1059 548 1141 vigesima
559 1059 693 1120 monada
706 1058 783 1120 Maii
798 1058 913 1138 duplici
927 1057 1082 1138 eruptione
1096 1055 1210 1117 hostem
1226 1053 1315 1115 esuis
1328 1049 1559 1112 munitionibus

351 1156 526 1238 abegerunt,
540 1175 577 1216 ao
591 1155 652 1217 duo
665 1163 814 1216 tormenta
827 1155 941 1235 majora
954 1151 1047 1214 clavis
1058 1153 1204 1214 obdurata
1216 1151 1256 1212 ad
1269 1169 1356 1212 usum
1370 1147 1555 1209 ulteriorem

351 1254 453 1334 inepta
465 1252 672 1314 reddiderunt.

393 1351 512 1411 Interea
524 1350 564 1410 ad
576 1359 674 1410 cestra
686 1348 724 1409 de
737 1348 943 1410 Caesareorum
957 1347 1089 1410 adventu
1097 1345 1220 1408 allatum
1234 1355 1279 1407 est
1291 1342 1448 1417 nuncium,
1462 1345 1553 1402 cum·

350 1467 409 1527 que
422 1445 532 1508 Comes
545 1444 584 1506 de
595 1444 749 1506 Guebrian
758 1445 868 1506 certior
878 1455 954 1506 esset
964 1445 1071 1518 factus,
1083 1463 1152 1505 cum
1163 1441 1310 1504 Caesareis
1321 1441 1416 1521 Bojoe
1426 1440 1552 1508 coiisse,

350 1554 417 1623 post
430 1542 549 1603 brevem
563 1541 809 1604 deliberationem
824 1542 926 1604 statuit
942 1541 1081 1623 expedire
1096 1540 1195 1623 potius
1210 1541 1249 1600 ab
1265 1537 1390 1621 ignobili
1409 1535 1481 1598 loco
1498 1557 1551 1597 ce-

350 1641 432 1712 dere,
454 1639 547 1720 qndm
571 1638 777 1700 imminentem
800 1639 858 1700 sibi
880 1638 1043 1700 exercitum
1064 1647 1230 1720 expectare,
1253 1637 1321 1698 cim
1344 1655 1414 1696 suas
1441 1635 1550 1715 copias

350 1737 555 1818 imperialibus
562 1735 756 1798 aciretmnltb
766 1756 830 1797 esse
838 1735 1002 1797 inferiores.
1043 1735 1092 1796 Ne
1103 1745 1201 1796 tumen
1214 1733 1326 1794 inultus
1336 1732 1443 1806 abiret,
1450 1732 1548 1812 jussit

349 1835 451 1896 omnia
460 1836 575 1896 circum
586 1834 730 1915 oppidum
740 1832 807 1894 loca
817 1831 971 1908 succendi,
983 1853 1018 1894 ac
1030 1833 1176 1914 vigesima
1187 1831 1314 1914 septima
1324 1829 1402 1890 Maii
1417 1828 1547 1890 sublatis

348 1931 453 1993 castris
468 1931 632 1993 Novesiom
647 1931 704 1990 iter
716 1929 819 2010 dirigi.

391 2027 595 2088 Immortalem
608 2025 728 2087 laudem
745 2025 805 2086 loci
826 2025 915 2108 hujus
933 2024 1125 2087 Gubernator
1140 2025 1198 2086 sibi
1210 2022 1266 2086 hac
1279 2023 1370 2086 unica
1384 2024 1544 2086 obsidione

349 2123 535 2206 comparavit
547 2143 637 2204 quem
656 2122 717 2183 und
730 2143 800 2183 cnm
815 2123 896 2183 socio
908 2121 1096 2183 dilaudatum
1112 2121 1289 2182 Franciscus
1303 2121 1341 2182 de
1355 2119 1441 2182 Melo
1451 2142 1543 2182 aureo

348 2231 453 2301 torque
471 2220 605 2292 donavit,
624 2219 714 2280 militi
732 2221 804 2280 verb
822 2219 1008 2301 praesidiario
1025 2239 1166 2302 magnam
1185 2218 1320 2300 pecumae
1339 2237 1489 2280 summam
1508 2219 1540 2278 in

347 2317 504 2401 praemium
519 2315 704 2379 fortitudinis
718 2316 955 2379 distribuendam
969 2316 1036 2379 dari
1051 2316 1155 2379 voluit.

390 2414 460 2475 Hoc
474 2414 580 2475 eodem
593 2434 673 2475 auno
687 2414 775 2475 tertia
788 2415 839 2475 die
857 2414 968 2475 mensis
982 2413 1070 2488 Maii,
1086 2415 1116 2474 in
1137 2434 1229 2495 qnam
1245 2412 1408 2475 Dominica
1419 2414 1539 2485 incidit,

350 2511 561 2573 Serenissimns
569 2510 728 2572 Archidux
738 2510 908 2593 leopoldus
917 2509 1097 2573 Wilhelmns
1105 2510 1232 2573 Viennae
1242 2510 1374 2572 Austriae
1383 2512 1413 2571 in
1425 2512 1538 2593 templo

348 2609 390 2670 lt.
404 2609 445 2670 lt.
461 2608 501 2670 P.
518 2609 557 2669 P.
574 2608 699 2669 Ordinis
713 2608 746 2669 S.
758 2607 924 2690 Augustini
937 2626 1065 2689 magnus
1076 2608 1226 2691 Magister
1239 2608 1366 2670 Ordinis
1379 2609 1536 2671 Teutonici

348 2715 464 2767 creatus
477 2705 629 2766 solennem
643 2704 851 2765 investituram
865 2704 990 2786 accepit.
1032 2704 1271 2786 Comparnerunt
1283 2704 1395 2766 ibidem
1409 2717 1536 2787 quatuor

347 2823 384 2865 ex
402 2802 455 2864 illo
466 2802 571 2864 ordine
586 2800 721 2881 Equites,
738 2801 792 2881 qui
805 2800 978 2883 homagium
993 2808 1023 2861 et
1038 2800 1193 2863 fidelitatis
1202 2802 1406 2885 juramentum
1421 2805 1534 2884 praesti-

348 2911 459 2962 terunt.
500 2900 600 2973 Quem
613 2910 713 2960 actum
726 2918 781 2959 sna
794 2897 1005 2980 augustissima
1015 2898 1174 2979 presentia
1189 2898 1355 2979 Imperator
1368 2898 1533 2972 bonoravit,

346 3018 440 3078 eoque
454 2997 603 3078 completo
620 2996 681 3057 und
697 3014 767 3055 cnm
783 2994 867 3055 dicto
879 2993 1054 3055 Archiduce
1068 2995 1149 3075 apud
1162 2996 1416 3077 Angustissimum
1436 2998 1530 3079 lmpe-

347 3094 488 3156 ratricem
503 3092 688 3155 Ferdinendi
703 3091 750 3151 ΙΙ.
764 3091 889 3152 viduam
905 3090 1083 3152 Eleouoram
1096 3092 1245 3153 accubuit.

388 3190 465 3251 Mox
485 3191 517 3251 in
542 3199 684 3270 sequeme
705 3188 729 3249 J
731 3188 803 3249 nnio
829 3188 1042 3250 Serenissimus
1064 3188 1220 3271 Neoburgi
1244 3188 1390 3271 Princeps
1410 3191 1433 3252 J
1435 3192 1528 3267 unior,

348 3286 443 3347 Filius
456 3284 644 3347 Sereniasimi
658 3283 814 3345 Wilhelmi
829 3284 1025 3367 Neoburgici,
1039 3284 1204 3347 Wursaviae
1222 3285 1325 3366 nupsit
1338 3287 1527 3368 potentissimi

347 3383 530 3445 Polonomm
543 3382 636 3464 Regis
645 3400 786 3442 sororem.
817 3380 881 3442 Ubi
894 3381 996 3442 omnia
1006 3382 1136 3443 maxima
1149 3384 1310 3444 concordia
1319 3394 1439 3465 peracta
1451 3398 1524 3447 sunt.

345 3480 457 3543 Adfuit
476 3478 596 3541 nomine
614 3477 743 3540 Caesaris
768 3477 916 3559 Princeps
937 3477 1073 3541 loannes
1090 3478 1257 3540 Gasimirus
1278 3478 1415 3542 Poloniae
1439 3482 1524 3564 Regis

344 3578 451 3639 irater:
477 3576 598 3636 nomine
618 3576 690 3636 verb
707 3574 925 3655 Hispaniarum
945 3575 1050 3657 Regis,
1071 3576 1220 3658 Princeps
1240 3577 1384 3639 Carolus=
1413 3581 1523 3643 nomine

344 3676 474 3756 denique
488 3673 636 3755 Bojorum
650 3672 747 3734 Ducis
760 3672 929 3753 Episcopus
940 3672 1098 3735 Boseusis:
1119 3684 1154 3735 ut
1163 3684 1194 3735 et
1205 3674 1334 3757 legatus
1346 3674 1521 3739 Serenissimi
