3225 4700
352 320 413 385 192
611 402 614 409 Δ
742 314 1140 383 remeaturum.

385 468 447 529 His
460 468 502 528 ita
514 464 674 549 dispesitis,
684 465 848 529 destinarat
860 467 936 529 sorte
948 467 1047 530 dietus
1061 468 1218 530 Palatium
1231 466 1288 530 iter
1299 486 1387 529 snum
1398 464 1547 529 Molinae

343 564 483 645 dirigere,
497 583 568 625 cum
581 565 619 625 de
632 582 753 625 accessu
766 564 831 643 ejus
842 574 979 625 monetur
992 564 1074 625 urbis
1085 563 1286 640 Gubernator,
1297 584 1388 645 quem
1401 584 1545 645 prasen-

344 668 404 721 tem
417 659 537 721 honoris
550 678 640 721 caasa
655 658 729 734 adit,
747 658 895 740 jubetque
909 659 1032 721 nomine
1049 660 1096 721 sui
1112 660 1207 743 Regis
1223 660 1367 742 tautieper
1381 660 1450 722 istie
1462 661 1545 721 sub·
1579 701 1588 770 p

344 756 457 832 sistere,
468 756 567 836 quoad
578 755 711 817 Parisios
720 755 833 835 deejus
843 756 1162 819 adrentuuunciatum
1171 767 1265 819 esset:
1286 757 1544 838 reditexpeditus

343 872 456 926 cursor,
471 851 524 932 qui
538 851 569 912 in
584 871 683 913 arcem
695 849 828 911 melioris
846 848 990 912 custodite
1005 870 1097 913 causo
1110 852 1321 914 deducendum
1332 872 1396 915 esse
1409 851 1543 913 Princi-

343 969 412 1030 pem
432 947 565 1023 nunciat,
590 946 685 1009 tlouec
707 966 777 1007 cum
798 945 964 1007 sufficiente
985 946 1128 1008 comitatu
1149 946 1182 1008 iu
1203 947 1312 1009 tutiora
1330 947 1398 1009 loca
1417 948 1541 1009 deduci

340 1053 456 1127 posset:
486 1064 541 1105 nec
564 1042 660 1104 multo
683 1053 751 1123 poet
774 1042 814 1103 ud
837 1052 908 1103 eunt
930 1040 1053 1104 ducenti
1078 1043 1193 1123 equites
1214 1046 1231 1104 ὲ
1251 1042 1400 1105 Francica
1420 1044 1542 1105 militia

340 1140 535 1213 aelectissimi,
548 1139 601 1220 qui
614 1138 763 1201 Comitem
777 1136 952 1199 Palatinum
967 1138 1008 1199 ad
1025 1158 1124 1199 arcem
1140 1138 1173 1199 in
1190 1158 1311 1200 nemore
1323 1139 1539 1201 Vincenuensi

339 1236 437 1312 sitam,
460 1236 501 1299 ad
516 1234 669 1297 honestam
689 1232 857 1295 custodiam
877 1232 1101 1308 comitarentur,
1120 1253 1281 1315 omnesque
1298 1234 1413 1304 litteras
1432 1230 1539 1295 aliave

339 1333 450 1413 scripta
470 1349 538 1412 quse
555 1349 657 1391 secum
674 1328 773 1404 ferret,
797 1330 975 1410 (interque
995 1330 1155 1393 cambiales
1175 1330 1283 1393 litterae
1304 1348 1359 1411 pro
1379 1332 1537 1393 Ducentis

337 1428 471 1490 millibus
485 1428 670 1489 Francorum
683 1434 807 1507 reperta
823 1434 902 1502 sunt,
920 1425 990 1488 alite
1005 1426 1077 1489 item
1092 1426 1265 1509 Auglorum
1279 1426 1374 1509 Regis
1387 1427 1537 1489 Palatino

337 1522 504 1606 pollicentis
527 1523 606 1586 dene
626 1522 784 1585 Scotorum
804 1532 836 1583 et
857 1521 1029 1604 Anglorum
1047 1522 1180 1584 militum
1200 1522 1306 1595 millia,
1326 1522 1393 1585 alia
1414 1523 1533 1601 adhuc,

337 1619 447 1699 quibus
451 1618 612 1701 jubebatur
621 1618 799 1700 quantocius
809 1619 971 1681 adventare
979 1618 1012 1679 in
1022 1618 1217 1682 Germaniam
1226 1626 1257 1681 et
1266 1638 1298 1681 se
1307 1639 1377 1681 cum
1391 1620 1534 1683 Hessiois

339 1714 653 1797 Coningsmaricisque
666 1715 760 1797 copiis
773 1715 969 1797 conjungere)
982 1714 1140 1797 eriperent
1182 1716 1260 1789 Quae
1272 1716 1373 1779 omnia
1384 1736 1447 1778 nou
1461 1718 1531 1779 sine

336 1812 445 1873 acerbo
458 1808 592 1873 Palatini
606 1811 759 1893 Principis
771 1808 925 1873 stomacho
938 1820 1058 1891 peracta
1069 1820 1150 1873 suut.

377 1907 477 1970 Carasa
496 1906 676 1989 captivitatis
698 1916 846 1989 pratense
864 1906 932 1969 herc
952 1915 1008 1983 est,
1030 1908 1112 1988 quod
1130 1907 1195 1970 sine
1215 1906 1329 1989 praevio
1348 1908 1390 1970 ed
1407 1908 1530 1991 Regem

338 2005 448 2067 nuncio
459 2004 577 2067 Gallias
589 2005 768 2087 pertransire
781 2004 873 2067 tacite
881 2024 972 2067 ausus
983 2014 1068 2078 emet,
1077 1998 1292 2087 quodquidam
1304 2004 1426 2087 siguum
1438 2016 1532 2077 esset,

337 2099 529 2185 exploratorii
548 2098 653 2173 animi,
674 2108 726 2161 aut
744 2120 815 2161 cum
832 2100 934 2181 aliquo
946 2100 1049 2183 Regni
1065 2100 1193 2182 primate
1209 2100 1451 2182 conspirationis.
1494 2102 1531 2164 si

336 2196 416 2259 enim
429 2196 515 2258 aliter
528 2194 654 2257 transire
663 2193 805 2257 voluisset
816 2194 970 2257 Galliam?
989 2215 1045 2257 cur
1057 2194 1154 2259 inscio
1166 2197 1261 2280 rogel
1280 2217 1336 2259 cur
1348 2198 1452 2259 tecte?
1471 2218 1530 2260 cur

336 2313 398 2356 nou
414 2292 538 2375 apertel
567 2300 601 2354 ut
618 2291 676 2374 ipsi
695 2290 799 2354 saltem
817 2290 934 2354 debitus
952 2290 1047 2354 honor
1064 2291 1198 2356 exhiberi
1215 2294 1253 2356 ab
1272 2292 1411 2356 officiosis
1425 2293 1530 2356 Gallis

336 2391 498 2472 potuisset:
526 2388 707 2470 probabilior
720 2407 811 2450 causa
827 2387 893 2449 lraec
908 2387 1035 2452 videtur.
1069 2389 1163 2462 Quod
1174 2390 1214 2451 ud
1227 2388 1395 2452 Galliarum
1406 2389 1530 2472 Regem

337 2487 425 2550 certis
441 2485 611 2548 rumoribus
624 2485 757 2547 delatum
775 2493 851 2546 esset
865 2483 1041 2566 Principem
1054 2485 1227 2550 Palatinum
1241 2486 1372 2568 Imperio
1384 2485 1529 2548 Romano

335 2580 523 2643 reconciliari
535 2581 674 2658 voluisse,
688 2591 777 2664 atque
790 2590 825 2643 ut
836 2580 1001 2644 faciliorem
1012 2583 1184 2645 haberetne
1195 2582 1410 2664 Imperatorem
1423 2601 1531 2644 acces-

336 2698 414 2752 sum,
430 2677 639 2740 Brisaceusem
654 2677 852 2740 munitionem
865 2676 916 2738 cui
931 2677 1004 2759 ipse,
1018 2698 1074 2740 eeu
1087 2678 1311 2740 Vinariensium
1326 2677 1449 2740 futurus
1463 2679 1528 2740 Ge-

337 2768 457 2843 neralis,
479 2769 589 2851 quibua
611 2789 680 2832 mox
700 2767 912 2851 praeficiendus
932 2770 1097 2843 dicebatur,
1119 2770 1234 2833 Gasari
1255 2769 1418 2832 restituere.
1464 2770 1528 2833 Sed

334 2876 509 2949 argutorum
522 2866 656 2928 virorum
668 2865 815 2928 sententia
830 2865 899 2939 fuit,
917 2885 985 2927 eam
1002 2866 1096 2928 solam
1112 2867 1202 2929 suase
1214 2885 1346 2939 causam,
1358 2867 1446 2947 qnod
1462 2886 1527 2928 me·

335 2970 432 3025 tuerat
455 2963 522 3024 Rex
545 2961 680 3024 Francia
704 2961 730 3024 si
751 2961 909 3023 Palatinus
929 2983 999 3025 cum
1021 2971 1165 3044 potestate
1187 2962 1354 3024 Wimarico
1375 2962 1526 3024 exercitui

334 3058 547 3140 preficeretur,
562 3057 634 3134 lore,
649 3065 682 3118 ut
695 3057 757 3138 ipse
771 3056 828 3120 sibi
843 3077 898 3139 pro
912 3059 1005 3122 tuteli
1017 3068 1048 3121 et
1062 3059 1170 3141 majori
1185 3059 1343 3122 securitate
1361 3059 1522 3120 Brieaoen·

335 3173 398 3216 sem
406 3155 602 3216 munitionem
610 3162 780 3230 reservaret,
788 3152 1074 3236 velutopportunam
1083 3156 1185 3218 sedem
1192 3152 1520 3216 indeiuPalatinatnm

336 3250 524 3311 excurrendi.
546 3250 593 3313 Ut
602 3259 636 3312 ut
645 3250 693 3327 sit,
704 3249 762 3311 hoc
772 3258 887 3312 certum
899 3249 978 3312 hauc
989 3250 1192 3333 captivitatem
1207 3250 1340 3312 Palatini
1352 3251 1519 3331 praecipuos

336 3345 494 3428 Principes
506 3346 660 3430 aegerrime
670 3345 781 3420 tulisse,
791 3345 921 3407 mamma
929 3366 1000 3408 vero
1009 3347 1190 3430 Angliarum
1200 3347 1326 3429 Regem,
1337 3357 1518 3428 quapropter

334 3451 456 3522 accepto
476 3451 557 3504 certo
574 3444 639 3526 ejus
659 3443 701 3504 rei
724 3441 845 3518 nuncio,
865 3462 968 3504 omnes
990 3443 1125 3506 Gallicas
1143 3463 1235 3506 nerea
1254 3445 1287 3504 in
1307 3444 1450 3525 portubus
1470 3441 1515 3504 sui

336 3636 446 3700 Galliae
469 3655 588 3698 causam
610 3633 780 3699 retentionis
801 3635 850 3700 sai
872 3635 989 3720 nepotis
1011 3635 1199 3719 intelligeret.
1251 3634 1313 3700 Sed
1334 3656 1396 3698 nou
1419 3635 1512 3698 multo
