3225 4700
489 345 514 410 I
517 346 732 415 TINERA
740 349 806 415 a!
812 347 898 415 ΠΜ.
1225 352 1289 416 345

78 498 228 560 sinenlia
236 500 435 561 reservatione
444 511 497 561 aut
506 501 691 584 exceptione,
703 501 817 584 prodet,
827 510 857 563 et
867 501 996 564 fideliter
1005 501 1168 563 victoribus
1178 502 1283 577 tradet,

80 616 151 657 nec
175 596 310 657 occultos
333 598 498 673 cuniculos,
519 608 572 659 aut
594 599 799 661 subterraneos
823 599 919 681 ignes,
944 598 1072 660 durante
1095 599 1183 661 etiam
1209 600 1286 661 obsi·

80 692 185 753 (lione
198 693 321 773 positos,
336 694 454 757 celabit.

136 790 183 852 Ut
194 790 261 851 baec
273 792 375 851 omnia
386 812 440 853 suo
453 792 557 855 robore
574 792 701 856 firmiter
715 802 794 855 stent
809 793 959 873 utrImque
975 806 1073 875 partes
1089 794 1285 869 subscribent,

82 907 129 948 ac
154 897 216 949 tam
243 908 298 949 sua
317 889 504 951 Excellentia
529 890 687 951 Generalis
707 889 843 964 Saenius,
865 890 956 970 quam
982 890 1171 953 Gubernator
1192 892 1284 953 Arois

82 983 203 1063 sigillis
215 984 277 1045 suis
285 987 437 1047 munient:
458 996 547 1068 atque
560 987 625 1049 haec
639 988 716 1048 oitra
722 986 987 1049 omnemsraudem
997 1007 1033 1049 ec
1043 988 1146 1050 dolum
1158 989 1283 1051 malum.

84 1083 209 1143 Actum
223 1090 253 1141 et
265 1082 440 1145 conclusum
458 1084 491 1145 iu
504 1084 608 1147 castris
620 1084 660 1144 ad
676 1083 811 1165 Lipsiam
823 1086 872 1145 25.
893 1083 925 1145 N
926 1084 1074 1146 ovembris
1087 1084 1180 1147 Anno
1197 1088 1284 1147 1642.

471 1194 504 1253 L
526 1192 559 1253 S.

454 1197 467 1272 (
528 1190 716 1369 Ldousnnus
729 1305 970 1370 Donsrmrsonu.

567 1416 617 1494 (L
639 1417 687 1494 s.)

613 1529 875 1595 Osnrsroruonus
889 1554 908 1593 s
923 1534 1122 1598 Taounouss.

133 1786 199 1849 Pro
218 1786 339 1849 civitate
358 1788 430 1848 verd
451 1785 610 1856 tradenda,
629 1786 784 1866 aequantia
807 1787 958 1865 utrimque
978 1792 1065 1866 pacta
1085 1784 1163 1845 inter
1184 1784 1284 1846 Gene-

87 1884 186 1945 ralem
196 1884 467 1946 Dorstensohnium
477 1893 508 1944 et
513 1882 694 1945 Generalam
700 1883 949 1946 commissarium
961 1880 1133 1954 Schleinitz,
1144 1880 1284 1943 conclusa

86 1990 173 2044 sunt

133 2079 163 2140 Ι.
183 2078 370 2139 Conceditur
383 2077 527 2139 Generali
540 2078 757 2141 commissario
770 2096 869 2140 rernm
883 2076 1068 2149 bellicarum,
1079 2073 1243 2146 Colonello,
1258 2083 1288 2135 et

89 2174 328 2239 commendanti
349 2174 432 2235 urbis
452 2174 626 2255 Lipsiensis,
646 2174 706 2235 una
722 2195 793 2236 cnm
811 2174 978 2257 legionibus
998 2171 1069 2245 suis,
1091 2170 1237 2252 supremis
1257 2180 1286 2231 et

90 2272 284 2334 inferioribus
303 2271 491 2347 officialibus,
513 2272 659 2355 gregariis
681 2273 754 2333 item
774 2271 932 2344 militibus,
954 2269 1160 2352 cujuscunque
1182 2267 1286 2328 condi·

90 2371 185 2432 tionis
197 2369 321 2444 fuerint,
335 2390 387 2431 sen
405 2369 529 2450 equites,
543 2391 596 2431 sen
610 2371 734 2451 pedites,
748 2389 832 2430 more
850 2367 971 2429 militari
990 2367 1020 2428 in
1039 2375 1189 2449 posterum
1205 2365 1286 2426 diem

92 2466 276 2549 vigesimum
289 2466 449 2555 septimum
462 2467 525 2527 stili
538 2468 658 2542 veteris,
667 2468 777 2528 mensis
788 2465 991 2540 Novembris3
1013 2472 1042 2524 et
1057 2462 1206 2543 equitibus
1220 2461 1286 2542 qui·

93 2565 167 2625 dem
188 2583 258 2625 cnm
279 2563 420 2624 tubarum
442 2562 552 2635 sonitu,
577 2564 678 2644 pensis
697 2563 802 2646 signis,
827 2561 944 2623 eductis
964 2581 1016 2622 seu
1038 2559 1128 2621 nudis
1147 2559 1239 2620 armis
1253 2559 1284 2619 in

95 2681 206 2721 manu:
239 2659 390 2740 peditibus
415 2659 497 2734 verb,
525 2660 775 2742 perstrepentibus
802 2657 953 2740 tympanis
978 2657 1132 2738 explicatis
1158 2655 1285 2731 vexillis,

95 2756 231 2836 utrisque
249 2756 351 2831 armis,
369 2757 542 2817 ardentibus
561 2753 714 2814 fomitibus
735 2751 911 2832 reliquoque
931 2761 1075 2832 apparatu
1095 2750 1134 2810 ad
1157 2749 1287 2810 solenni·

95 2863 187 2913 tatem
214 2851 374 2913 militarem
398 2852 535 2927 faciente,
558 2849 771 2911 comitantibus
797 2848 954 2929 utrobique
978 2847 1106 2919 famulis,
1134 2847 1286 2919 uxoribus,

94 2949 210 3022 liberis,
238 2949 471 3030 impedimentis,
499 2947 631 3030 propolis
656 2945 847 3021 militaribus,
870 2945 980 3018 rhedis,
1006 2943 1154 3017 curribus,
1181 2942 1284 3018 carris,

95 3045 192 3126 equis,
202 3045 374 3107 liberrimus
384 3046 626 3107 etsecuriasimus
635 3063 788 3125 egressum
810 3063 879 3103 cum
890 3039 947 3102 hae
958 3038 1095 3121 expressi
1105 3039 1285 3110 conditione,

96 3150 131 3202 nt
150 3141 249 3202 dictus
269 3142 416 3224 generalis
432 3141 663 3204 commissarius
678 3138 901 3221 quamprimum
919 3137 1042 3198 mandet
1056 3135 1287 3197 commendanti

94 3237 128 3298 in
145 3257 214 3299 arce
232 3238 435 3315 Weissenfels,
450 3239 503 3320 qni
519 3238 613 3320 ipsius
628 3235 762 3318 imperiis
778 3235 888 3310 subest,
906 3242 940 3294 ut
954 3253 1019 3294 eam
1035 3251 1134 3293 arcem
1149 3231 1285 3294 similiter

96 3335 208 3410 dedat3
230 3335 295 3418 ejus
308 3335 380 3398 verb
398 3335 457 3397 loci
472 3335 674 3404 Gubernator,
690 3350 871 3412 quocunque
884 3329 1014 3412 petierit,
1027 3349 1096 3390 cum
1110 3327 1171 3390 suis
1184 3327 1285 3390 salvus

94 3433 289 3494 conducetur.

135 3528 184 3590 11.
207 3529 364 3602 Quantum
377 3529 417 3592 ad
431 3530 584 3592 Caesareos
596 3523 738 3585 officiales
756 3533 787 3585 et
799 3521 920 3597 milites,
934 3521 987 3603 qui
1001 3541 1038 3582 ex
1051 3520 1187 3602 proxima
1199 3519 1285 3584 clade

94 3625 145 3689 rel
158 3627 338 3702 securitatis,
348 3627 395 3689 vel
406 3626 548 3689 curandae
559 3619 738 3684 valetudinis
751 3620 858 3702 gratia,
868 3620 900 3680 in
914 3618 1066 3680 civitatem
1076 3616 1285 3700 confugerunt,

96 3743 151 3806 pro
165 3724 294 3805 captivis
312 3724 529 3794 admittentnr3
556 3717 611 3801 qui
630 3727 731 3779 tamen
751 3725 786 3779 ut
802 3717 934 3798 primum
953 3715 1066 3792 litrum,
1082 3715 1172 3796 juxta
1193 3715 1286 3778 Zitta·

668 3834 689 3872 r
702 3835 722 3874 r
