3225 4700
316 331 381 396 406
716 325 740 391 Ι
745 325 851 395 ΤῙΝ
854 324 1037 393 ERARI
1046 323 1132 392 ΗΜ.

318 491 438 544 tremet
456 483 624 563 Regentem
646 482 802 542 astituram
822 488 854 542 et
873 480 1065 562 prelaturam
1080 479 1183 540 liberis
1203 479 1313 541 uostris
1332 478 1438 540 eadem
1459 496 1531 559 qna

316 600 388 662 erga
401 599 455 640 nos
468 579 527 640 fuit
539 577 612 639 lide.
867 591 870 598 “

339 720 342 726 ,
356 676 508 749 Quoniam
520 675 594 735 verb
607 675 692 736 diota
705 674 825 757 Regina
837 675 949 755 ooujuu
963 683 1075 746 nostra,
1089 674 1121 734 iu
1135 683 1194 738 tam
1208 673 1372 754 multiplici
1381 673 1524 753 negotio-

314 794 381 834 rum
399 773 553 844 varietate,
569 782 600 832 et
611 780 787 833 occurrente
805 771 1001 852 perplexitate
1015 771 1116 832 omnia
1129 791 1182 852 per
1196 779 1290 832 semet
1305 769 1522 830 administrare

314 891 374 932 uon
390 869 519 951 poterit3
548 868 621 948 quin
637 889 693 928 nac
711 887 811 928 rerum
830 868 964 928 omnium
982 877 1157 948 presentem
1176 867 1351 928 memoriam
1364 876 1397 928 et
1412 887 1519 927 ueces-

313 968 423 1028 sariam
441 964 783 1048 experientiam-habere
801 964 1003 1026 necessarium
1020 965 1146 1025 omuino
1161 965 1343 1046 judicemus,
1356 965 1387 1025 ei
1406 964 1519 1046 adjun-

313 1063 429 1147 gendos
449 1083 513 1123 esse
532 1060 720 1123 consiliarios
740 1070 771 1122 et
790 1060 995 1131 administros,
1011 1081 1145 1142 quorum
1167 1063 1300 1124 consiliis
1320 1073 1352 1125 et
1373 1083 1466 1144 opera
1484 1061 1515 1121 in

313 1162 405 1222 rebus
414 1159 514 1223 dubiis
524 1161 569 1221 uti
580 1160 681 1240 possit
725 1159 778 1219 Ad
788 1157 868 1218 hanc
878 1177 967 1238 porro
976 1159 1178 1220 remmsxime
1188 1171 1218 1221 et
1231 1161 1262 1221 iu
1274 1161 1380 1242 primis
1391 1161 1517 1221 idoneos

311 1258 479 1339 delegimus
493 1268 656 1340 cognatum
667 1255 1056 1317 nostrumamautissimum
1067 1266 1154 1318 catate
1166 1268 1196 1319 et
1209 1257 1335 1320 consilio
1349 1257 1514 1339 pollentem

312 1356 489 1437 Principem
509 1354 678 1417 Coudaeum
695 1363 729 1414 ut
746 1363 777 1414 et
794 1353 1078 1414 Eminentissimum
1093 1353 1288 1416 Cardinalem
1309 1355 1515 1422 Mazarinum,

311 1453 524 1514 cancellarium
542 1452 665 1533 insuper
681 1451 768 1532 regni
784 1450 890 1520 nostri,
911 1451 1239 1534 custodemquemigilli
1259 1451 1346 1535 regii,
1361 1462 1393 1511 et
1409 1471 1517 1531 snper·

310 1550 516 1611 intendentem
540 1568 667 1610 camerae
691 1568 728 1610 aa
749 1547 1050 1609 archithesaurarium
1077 1549 1244 1610 Dominum
1270 1551 1340 1611 item
1365 1551 1404 1611 de
1431 1549 1516 1612 Cha·

309 1647 395 1729 vigni
413 1647 605 1707 secretarium
624 1646 721 1727 regni.
763 1646 966 1706 Decernimus
981 1665 1101 1727 quoquc
1122 1657 1155 1708 ut
1172 1647 1243 1708 huic
1264 1645 1390 1708 consilio
1410 1646 1517 1728 praesi·

310 1746 380 1807 deat
396 1744 608 1806 dilectissimus
624 1743 716 1804 irater
732 1753 835 1804 noster
853 1743 927 1803 Dux
943 1743 1179 1820 Aurelianensis,
1195 1755 1226 1806 et
1245 1745 1276 1804 in
1293 1745 1359 1825 ejus
1376 1744 1518 1806 absentie

310 1842 459 1923 Princeps
479 1841 641 1916 Coudmus,
658 1840 708 1901 vel
722 1840 894 1902 cardinalis
909 1840 1095 1917 Macerinus,
1114 1863 1151 1902 ac
1167 1842 1220 1902 alii
1238 1851 1457 1922 consequenter
1477 1863 1515 1902 eo

308 1938 414 1999 ordine
428 1947 463 1999 ut
471 1939 537 2019 jam
551 1937 698 1998 nominati
711 1947 792 2000 suut.
836 1937 1024 1999 Ordinamus
1037 1938 1139 2011 etiam,
1154 1959 1192 2000 ue
1206 1939 1274 2019 quis
1288 1939 1400 2000 audeat
1414 1939 1513 1999 ullam

307 2057 345 2096 ex
366 2035 450 2097 dicto
470 2035 528 2095 hoc
554 2035 679 2096 consilio
700 2055 857 2115 personam
884 2047 1011 2111 mutare,
1035 2057 1163 2112 cassare,
1187 2037 1345 2117 deponere.
1388 2035 1511 2108 Quodsi

307 2143 407 2193 tamen
418 2133 527 2214 aliquis
539 2153 577 2192 ex
591 2132 681 2192 dictis
689 2131 870 2207 consiliariis
879 2130 928 2192 vel
938 2133 1000 2192 vita
1009 2132 1169 2197 decederet
1179 2133 1227 2194 vel
1237 2134 1276 2194 ob
1286 2153 1392 2211 graves
1403 2153 1512 2194 causas

307 2229 433 2291 consilio
451 2229 675 2292 submovendus
695 2237 782 2302 esset,
800 2227 883 2289 haud
901 2247 1055 2308 quaquam
1071 2228 1148 2290 alius
1165 2230 1195 2290 in
1211 2230 1276 2312 ejus
1289 2230 1388 2292 locum
1402 2231 1511 2292 subro-

198 2366 201 2370 >
305 2338 403 2413 getur,
420 2327 478 2389 nisi
494 2349 564 2389 cum
582 2347 732 2389 consensu
751 2325 897 2409 Regentis
919 2326 1048 2410 Reginae
1064 2327 1204 2411 conjugis
1221 2337 1342 2403 nostrae,
1360 2347 1396 2390 sc
1416 2349 1511 2390 nemo

305 2426 363 2487 uisi
371 2446 424 2507 per
432 2424 608 2487 electionem
619 2436 650 2486 et
659 2433 796 2486 votorum
808 2423 1008 2505 pluralitatem
1020 2426 1052 2485 in
1061 2426 1298 2487 consiliariorum
1308 2426 1430 2489 alterius
1439 2426 1509 2489 loco

304 2522 471 2607 adlegetur.
512 2522 701 2604 Imperamus
716 2542 837 2603 quoque
856 2542 893 2583 ex
908 2522 1098 2603 plenitudine
1113 2522 1277 2604 potestatis,
1299 2532 1332 2584 ut
1346 2524 1450 2585 omnia
1467 2526 1508 2585 de

303 2642 378 2703 pace
404 2620 622 2695 constituenda,
643 2629 696 2680 aut
721 2616 801 2679 bello
827 2620 1041 2701 promovendo,
1067 2619 1122 2681 dcc.
1150 2620 1278 2681 consilia
1302 2621 1424 2682 nonnisi
1450 2642 1507 2703 per

303 2718 385 2780 huuc
405 2730 541 2779 senatum
565 2726 783 2799 proponantur,
804 2716 1019 2791 deliberentur,
1042 2728 1073 2779 et
1095 2718 1304 2780 decernantur.
1345 2718 1506 2791 Quantum

302 2816 374 2877 verb
388 2816 429 2877 ad
448 2815 508 2877 alia
520 2818 606 2898 regni
620 2817 729 2892 officia,
745 2814 847 2875 omnia
860 2836 914 2897 per
927 2816 1077 2898 Reginam
1094 2816 1261 2899 Regeutem
1275 2836 1344 2879 cum
1361 2818 1506 2879 consilia·

302 2915 413 2975 riorum
427 2933 574 2975 consensu
587 2915 815 2978 distribuentur.

344 3012 382 3072 In
411 3010 725 3093 archiepiscopatibus,
749 3008 979 3091 episcopatibus,
1008 3018 1038 3071 et
1063 3010 1190 3071 abbatiis
1213 3009 1385 3072 dividendis
1412 3032 1504 3093 opere

301 3108 432 3182 dabitur,
448 3119 483 3169 ut
502 3108 758 3189 quemadmodum
774 3107 929 3187 hucusque
947 3106 1074 3169 sollicitd
1089 3128 1142 3167 nos
1159 3107 1217 3189 ipsi
1233 3106 1446 3183 laboravimus,
1462 3111 1504 3171 ita

301 3224 420 3285 quoque
433 3206 617 3287 inposterum
637 3204 786 3289 ejusmodi
803 3204 979 3286 dignitates,
999 3214 1029 3265 et
1046 3204 1214 3285 proeluturae
1232 3205 1342 3267 talibus
1353 3206 1429 3269 viris
1448 3208 1502 3269 de·

300 3302 443 3376 ferantur,
457 3302 512 3383 qui
526 3304 637 3364 virtute
651 3313 683 3364 et
695 3303 834 3364 doctrina
847 3300 988 3382 polleant.
1033 3301 1126 3365 Unde
1141 3302 1227 3364 nullo
1240 3304 1331 3365 modo
1344 3305 1501 3367 conducet

299 3408 335 3460 ut
354 3397 637 3482 archiepiscopatus,
664 3401 861 3481 episcopatus,
885 3408 915 3467 et
937 3399 1063 3459 abbatim
1085 3399 1196 3461 talibus
1218 3401 1420 3478 conferantur,
1446 3403 1501 3483 qui

299 3507 335 3557 ut
347 3496 509 3567 minimum
522 3498 541 3557 a
553 3497 684 3558 triennio
695 3496 876 3559 sacerdotali
890 3516 1014 3558 munere
1028 3497 1085 3559 rite
1098 3497 1194 3559 functi
1206 3518 1265 3559 nou
1277 3498 1398 3560 fuerint.
1440 3500 1500 3561 Or·

300 3592 439 3653 dinamus
462 3592 557 3674 igitur
579 3604 614 3654 ut
639 3593 760 3676 Regina
780 3594 950 3676 gubernans
973 3594 1070 3655 accito
1097 3596 1128 3655 in
1157 3596 1314 3657 consilium
1340 3596 1499 3659 Cardiuali

301 3687 460 3749 Mazurino
472 3694 575 3771 (quem
589 3702 620 3752 et
635 3691 732 3772 ipsum
747 3692 765 3752 d
783 3690 878 3754 multo
895 3702 1025 3773 tempore
1039 3692 1232 3774 probavimus
1245 3693 1380 3755 ecclesia
1394 3694 1497 3755 landa·
1571 3748 1572 3766 ,
