3225 4700
315 352 380 419 ⁸218
708 350 1110 421 lTINERARIUM.

317 499 526 582 imprimisque
538 496 632 582 uliqui
648 520 685 562 er
705 500 835 565 Comitis
847 500 886 564 de
900 498 1017 563 Hodie
1031 498 1147 563 semilie
1164 499 1340 562 commutati
1357 518 1423 561 non
1440 496 1533 571 sint,

319 596 425 658 merite
437 616 556 677 queror.
597 596 805 679 Quemquam
818 596 1033 661 officiosissime
1046 616 1121 679 rugo
1132 616 1220 659 suern
1234 595 1469 669 Excellentium,
1485 602 1535 655 ut

317 712 372 755 sue
384 692 559 755 suetoritete
569 712 605 754 eo
614 712 678 754 rem
688 693 847 775 disponere
856 694 1009 777 dignetur,
1023 702 1058 755 nt
1069 712 1173 755 omnes
1182 692 1233 754 isti
1242 691 1376 775 serupnli
1387 692 1533 772 quibus-

319 808 439 870 cunque
452 790 543 851 etiem
556 789 595 851 de
607 788 705 851 oensis
717 788 834 871 injecti,
847 789 1027 863 eximuntur,
1042 807 1205 869 omnesque
1223 788 1335 869 eeptivi
1347 786 1533 849 universim

312 886 403 966 juxte
415 895 503 968 pecte
515 894 665 948 convente
676 892 899 975 eommutentur
907 884 971 945 sine
979 881 1151 945 differentis
1163 904 1200 945 eo
1212 883 1400 965 exemptione
1408 883 1533 965 eujus·

319 1000 438 1063 ermque
451 982 576 1057 ordinis,
591 980 731 1057 nationis,
746 990 799 1044 eut
811 980 940 1043 dominii
952 980 1023 1043 siut
1064 978 1156 1053 Quod
1168 980 1194 1041 si
1207 1000 1280 1042 vero
1291 989 1401 1062 preter
1410 1000 1530 1040 mem

318 1098 401 1161 spem
415 1078 598 1141 eontrarium
608 1076 801 1161 deligeretur,
815 1096 906 1140 nemo
917 1078 996 1141 hene
1008 1097 1128 1159 quoque
1139 1086 1255 1160 purtem
1270 1076 1394 1150 terubit,
1408 1076 1438 1137 si
1452 1076 1530 1137 sine

319 1176 432 1259 prieris
445 1174 646 1245 sutisfeotione
659 1175 887 1242 oomuuuodo·
904 1194 966 1239 non
980 1174 1124 1252 dimittet,
1137 1176 1188 1241 sed
1204 1174 1245 1240 ed
1257 1194 1379 1239 snorum
1392 1173 1530 1235 libertu-

320 1282 380 1334 tem
394 1282 507 1337 vestros
519 1272 654 1353 eeptivos
666 1270 802 1345 retinent,
817 1270 887 1333 Imo
898 1270 976 1334 sorte
988 1271 1104 1333 nullum
1113 1272 1236 1334 omnino
1248 1269 1528 1335 eommutetionem

314 1370 407 1451 justis
419 1371 458 1432 de
471 1369 569 1431 oensis
582 1378 648 1449 post
660 1368 716 1431 heo
729 1368 878 1431 udmittet
920 1367 1036 1431 Datum
1050 1389 1088 1430 ex
1101 1368 1196 1453 Regis
1210 1368 1328 1430 Sueeiae
1339 1366 1458 1429 Castris
1468 1370 1528 1426 31.

319 1464 399 1527 Meii
412 1467 505 1528 Auno
518 1466 604 1525 1640.
869 1543 874 1552 .

711 1562 761 1623 Ad
771 1578 832 1623 tuta
845 1560 1039 1623 &alienia
1051 1564 1144 1643 efficio
1152 1570 1281 1639 perotus
1292 1578 1392 1622 ternus

1152 1674 1175 1737 J
1176 1693 1297 1737 orrum
1310 1672 1477 1736 Burrum.

835 1844 989 1928 COPIA,

559 1984 702 2061 Responsi
719 1982 841 2044 Comitis
853 1984 890 2045 dr
905 1982 1082 2045 Pioolotnini
1094 1984 1136 2043 od
1142 1982 1266 2061 prienen.

400 2111 587 2175 Perillustris
601 2109 743 2185 Domine,
757 2110 812 2175 dre.

414 2224 478 2288 ΟΝ
505 2224 588 2307 potui
607 2223 668 2287 huo
692 2244 786 2307 usque
807 2244 855 2287 me
878 2224 1030 2289 eddueere
1051 2234 1088 2288 ut
1109 2224 1262 2287 crederem
1286 2220 1523 2305 Lunsburgiees

433 2330 464 2384 et
480 2319 622 2384 Hessione
642 2320 743 2404 oopies
759 2340 830 2382 oum
851 2340 914 2384 sue
934 2320 1130 2386 Exoellentioe
1151 2320 1284 2384 exercitu
1302 2318 1525 2403 nonjunotiooe

320 2417 410 2494 fecti,
426 2419 581 2493 ooeluisse,
600 2418 727 2500 ideoque
746 2437 854 2501 cepere
876 2440 938 2482 non
959 2419 1045 2501 potui
1066 2419 1220 2501 quomodo
1234 2439 1268 2480 se
1284 2417 1396 2500 euptivi
1415 2417 1524 2483 Lune-

319 2515 437 2599 burgiei
463 2514 504 2577 ed
524 2535 579 2576 nos
600 2515 725 2578 deducti
747 2513 766 2578 d
788 2515 851 2578 suis
870 2535 903 2577 se
926 2514 1109 2598 legionibus
1128 2515 1342 2588 ebsenment,
1362 2533 1399 2576 ee
1419 2513 1519 2576 libere

319 2610 555 2674 latrunculorum
578 2631 660 2673 more
687 2619 830 2694 tunquem
852 2611 952 2674 hostes
973 2621 1155 2695 regerentur
1176 2610 1301 2692 impune
1324 2610 1517 2692 prudentes:

320 2707 563 2788 qnandoquidem
584 2727 655 2768 vere
679 2727 760 2768 nune
781 2727 819 2769 ex
839 2727 902 2770 sne
925 2707 1120 2770 Exoellentite
1139 2706 1248 2770 litteris
1269 2706 1518 2788 sucipiuuious

322 2803 545 2886 Luueburgious
558 2813 589 2865 et
603 2803 747 2865 Hussieus
760 2805 862 2887 oopius
875 2816 946 2870 notu
957 2815 989 2868 et
997 2825 1067 2868 vere
1076 2806 1133 2867 sub
1141 2823 1203 2867 sues
1214 2802 1410 2866 Exoellentiae
1420 2802 1518 2884 impe·
1601 2840 1602 2843 =

322 2901 367 2962 rio
380 2920 454 2974 esse,
468 2899 653 2982 proindeque
666 2908 765 2980 petere
779 2901 913 2983 oeptivos
926 2900 993 2964 illos
1005 2923 1067 2964 non
1084 2901 1185 2963 minus
1202 2917 1294 2983 quern
1311 2919 1392 2972 suos,
1404 2899 1517 2962 lrlreru·

321 2997 432 3059 tionsm
446 3005 476 3060 et
488 2995 753 3058 commutationem
772 3017 834 3059 nou
850 3007 994 3081 gmvetus
1010 3018 1123 3075 ennuo,
1136 2997 1304 3078 leuiumque
1324 3004 1360 3059 ut
1377 2995 1424 3058 illi
1440 3015 1514 3058 oum

319 3093 387 3154 eliis
399 3113 495 3175 nuper
507 3091 635 3175 oeptivis
648 3091 702 3173 qui
715 3092 816 3156 edhuo
829 3095 908 3158 inter
919 3115 1002 3161 meos
1014 3095 1127 3159 milites
1138 3104 1210 3158 sunt
1218 3095 1259 3158 ed
1267 3114 1322 3157 vos
1333 3092 1468 3168 ιοᾱωιί,
1482 3103 1517 3158 et

319 3207 388 3253 eum
403 3188 477 3250 meis
489 3188 570 3270 apud
583 3208 637 3252 ros
650 3189 777 3270 oeptiuis
795 3200 1012 3272 permutentur.
1054 3192 1103 3254 Ex
1119 3191 1247 3262 Comitis
1266 3191 1305 3254 de
1325 3187 1442 3252 Hoditr
1454 3209 1515 3252 seu

317 3279 447 3346 subditis
467 3284 623 3358 militibus,
640 3305 693 3348 seu
716 3305 755 3348 ex
776 3285 893 3349 semilis
910 3288 1015 3365 servis,
1039 3309 1079 3351 ue
1101 3308 1180 3354 unus
1201 3287 1327 3370 quidem
1347 3287 1381 3348 iu
1404 3285 1518 3348 nostris

317 3380 423 3442 cestris
435 3382 591 3462 reperitur,
605 3392 690 3444 extre
707 3403 801 3446 unum
819 3382 1018 3465 Cepituuenm
1038 3386 1280 3462 Ieuteueutium,
1299 3384 1355 3467 qui
1371 3392 1441 3448 ente
1455 3381 1515 3445 lreo

318 3498 373 3561 pro
387 3477 506 3542 Cerere
519 3479 601 3560 epud
613 3499 667 3542 nos
680 3479 834 3553 milituvit,
848 3490 880 3542 et
890 3480 955 3543 sine
968 3480 1092 3545 licentis
1102 3502 1140 3547 ex
1154 3481 1254 3546 nostri
1267 3490 1362 3563 perte,
1375 3477 1516 3564 neglecti

317 3595 407 3656 quem
431 3573 517 3636 dedit
538 3573 610 3652 fide,
634 3585 665 3638 et
684 3573 868 3658 posthabito
887 3577 971 3660 quod
979 3576 1097 3658 juravit
1115 3577 1231 3644 couri
1247 3578 1454 3652 Summum,
1472 3575 1515 3639 ed

316 3670 503 3734 adverserios
524 3669 671 3733 transivit.
714 3669 778 3734 Hie
800 3673 865 3749 jem
890 3672 1077 3754 aliquamdiu
1099 3673 1177 3736 inter
1199 3694 1255 3736 uos
1281 3673 1420 3756 captivus
1442 3671 1511 3746 fuit,
