3225 4700
499 327 906 416 r‘uruuasnrun.
1238 337 1301 400 esa

99 484 269 546 timidiores
283 485 441 546 fortissime
455 485 659 546 obsidentibus
673 485 856 556 restiterunt,
871 507 906 549 ac
920 489 1018 550 varios
1031 488 1158 550 assultus
1169 489 1302 552 animose

102 583 290 657 retuderunt,
308 583 467 663 inquibus
484 583 629 664 nongenti
650 583 738 644 facile
756 584 795 644 de
815 585 1064 647 Wimariensibns
1084 588 1300 648 occubuerunt.

102 681 218 741 Adfuit
236 680 310 741 dum
330 679 396 742 baec
414 690 554 761 aguntur,
573 680 741 760 opportune
759 681 783 742 J
785 680 917 742 ohannes
932 681 1088 743 Warthius
1109 703 1178 743 eum
1202 683 1303 764 aliquo

102 778 239 858 equitatu
253 778 292 840 ad
311 778 496 841 liberandam
511 777 665 838 obsidione
680 778 784 838 urbem
801 779 944 850 intentus,
963 780 1050 861 cujus
1065 780 1254 860 praesentiam
1270 790 1305 841 ut

103 878 274 956 cognosere
288 876 451 937 adversarii
464 874 589 936 sublatis
602 874 708 934 eastris
722 885 918 936 recesserunt.

154 973 359 1034 Excurrerant
384 973 509 1034 ducenti
536 972 658 1032 circiter
680 973 795 1052 equites
824 972 1048 1046 Wimariensss,
1075 972 1157 1054 iique
1187 975 1304 1056 potissi·

106 1089 189 1130 mam
209 1084 324 1150 partem
343 1069 485 1130 officiales
505 1068 660 1149 Viliugam
676 1089 771 1148 nsque
793 1069 876 1130 unde
895 1069 970 1130 duos
988 1069 1126 1150 proelatos
1147 1080 1177 1132 et
1198 1072 1305 1132 Domi-

105 1187 182 1227 num
204 1168 242 1228 de
264 1166 419 1227 Newhaus
440 1165 575 1246 captivos
596 1185 698 1224 secum
723 1175 890 1226 traxerunt.
932 1165 995 1238 Qui
1018 1167 1092 1228 dum
1114 1178 1305 1230 revertuntur

106 1283 201 1343 prope
221 1262 396 1346 Tutlingam
421 1263 440 1324 a
465 1261 593 1323 Bavaris
613 1261 788 1344 cinguntur,
809 1276 839 1324 et
860 1262 995 1344 plerique
1019 1265 1155 1346 pauculis
1174 1265 1306 1346 exceptis

105 1361 319 1423 conciduntur.

151 1457 237 1519 Inter
254 1459 308 1518 has
323 1457 519 1527 velitationes,
534 1457 728 1537 quantumvis
744 1456 825 1518 leves
839 1477 900 1518 esse
915 1457 1104 1533 videbantur,
1119 1459 1190 1541 quia
1204 1467 1304 1520 tamen

107 1555 223 1616 orebrae
235 1567 330 1630 erant,
342 1556 422 1616 intra
431 1556 522 1615 breve
536 1566 653 1635 tempus
663 1554 835 1616 notabiliter
844 1555 1005 1616 decrevere
1017 1555 1305 1617 Gallo-Wimarien-

108 1652 187 1712 sium
202 1652 308 1732 eopiae,
323 1673 450 1732 quarum
472 1662 503 1713 ut
516 1653 601 1713 novis
618 1653 763 1734 suppetiis
783 1652 915 1714 defectus
929 1655 1118 1736 suppleretur
1131 1656 1307 1718 adlaboran-

109 1750 184 1809 dum
203 1749 271 1819 fuit,
289 1769 329 1810 ne
348 1747 492 1830 paulatim
513 1748 661 1810 exercitus
681 1750 800 1830 penitus
821 1761 1018 1812 evanesceret.
1062 1751 1230 1813 Commissa
1250 1753 1309 1814 fnit

107 1844 163 1906 illa
189 1865 262 1906 eura
286 1844 481 1906 serenissimo
505 1846 752 1927 Anguinensinm
777 1847 871 1920 Duci,
897 1847 949 1927 qui
969 1846 1102 1910 collectis
1122 1849 1220 1910 subito
1240 1861 1308 1910 ceto

109 1941 245 2002 millibus
263 1942 392 2003 militum
408 1942 555 2004 festinatis
572 1943 727 2004 itineribus
747 1942 951 2004 adeennm
971 1946 1153 2025 properarit,
1173 1966 1209 2006 ac
1229 1946 1309 2006 intra

109 2059 224 2120 paucos
237 2039 302 2101 dies
317 2038 548 2099 Daehsteinium
563 2038 691 2119 appulit,
706 2050 795 2120 atque
811 2039 877 2100 istie
892 2040 910 2099 is
923 2039 994 2100 belli
1008 2041 1133 2102 ducibus
1145 2041 1308 2124 magnifice

109 2148 252 2218 acceptus
265 2146 310 2196 est
321 2135 504 2216 displosione
517 2137 653 2196 omnium
665 2147 891 2206 tormentorum,
902 2146 931 2198 et
941 2137 1050 2218 saepios
1061 2137 1166 2198 iterata
1175 2137 1309 2198 universi

110 2232 260 2293 exereitus
272 2230 369 2293 fausti
393 2231 618 2306 acclamatione,
637 2251 728 2312 quam
747 2231 901 2293 animabat
915 2253 982 2315 spes
997 2235 1124 2314 argenti,
1143 2235 1226 2316 quod
1243 2235 1309 2294 An·

110 2329 304 2411 geinensium
322 2330 442 2390 Ducem
459 2327 622 2392 contulisse
639 2348 695 2410 pro
711 2328 858 2391 solutione
877 2328 982 2391 militis
994 2329 1093 2392 lausto
1110 2350 1230 2393 rumore
1244 2350 1310 2412 per·

108 2438 239 2507 ceperat.

153 2522 249 2584 Hand
267 2522 364 2584 levius
378 2522 595 2604 triumphatum
610 2533 656 2585 est
677 2522 797 2585 Brisaei
811 2524 849 2585 de
863 2523 944 2585 felici
963 2525 1095 2586 adventu
1109 2524 1184 2585 dicti
1201 2524 1307 2599 Ducis,

110 2621 198 2703 cnjus
212 2621 319 2681 honori
337 2621 469 2682 ducenta
486 2640 571 2683 aenea
585 2632 734 2681 tormenta
751 2620 857 2681 iterata
870 2621 936 2681 vice
953 2620 1075 2701 explosa
1090 2632 1169 2691 sunt,
1181 2620 1248 2682 festi
1265 2622 1311 2682 in·

110 2738 203 2799 snper
224 2717 308 2799 ignes
326 2718 456 2792 accensi,
472 2729 502 2779 et
521 2716 590 2778 miri
610 2716 708 2797 operis
728 2716 869 2777 machma
888 2717 928 2778 ad
943 2718 1103 2799 jaciendos
1122 2719 1209 2799 ignes
1229 2719 1311 2780 labra

110 2814 203 2892 faeta,
228 2817 279 2877 vix
299 2837 433 2896 unquam
453 2816 491 2877 ab
505 2814 735 2876 immemorabili
757 2826 890 2896 tempore
914 2835 1041 2876 aceensa
1062 2815 1210 2896 (jaciebat
1231 2816 1312 2876 enim

111 2912 233 2995 globum
253 2927 376 2974 centum
396 2913 617 2995 qninquaginta
637 2913 796 2988 librarum)
817 2912 926 2993 saepius
950 2920 1072 2973 onerata
1092 2922 1310 2991 exonerataqne

9 3077 11 3102 ι
111 3018 167 3071 est.
211 3009 271 3071 His
284 3010 326 3070 ita
339 3010 485 3070 consectis
497 3030 568 3070 cum
581 3009 708 3070 residuis
721 3008 783 3069 suis
798 3009 905 3069 turmis
917 3009 992 3069 Dux
1005 3007 1197 3089 Anguinaeos
1211 3006 1312 3068 Metas

114 3126 216 3169 versus
229 3126 266 3167 ae
279 3107 351 3167 inde
364 3106 405 3166 ad
418 3105 553 3187 hyberna
565 3126 619 3167 sua
632 3125 767 3166 reversus
780 3115 835 3166 est.

154 3203 513 3285 Constituerantqoidem
525 3222 626 3264 mense
635 3202 803 3264 Novembri
815 3201 1143 3274 Gallo-Wimarienses,
1155 3209 1310 3281 postquam

8 3365 12 3392 ι
113 3303 241 3366 diversis
250 3303 309 3363 viis
320 3301 443 3383 Sylvam
456 3300 586 3383 Nigram
600 3297 786 3359 transiissent
798 3298 960 3361 Rotwilam
975 3318 1071 3379 nupcr
1084 3296 1219 3357 relictam
1234 3295 1312 3356 nord

113 3399 268 3463 obsidione
281 3408 406 3473 tentare,
425 3398 479 3458 sed
497 3406 651 3457 mutarunt
667 3414 727 3454 non
742 3394 837 3455 multb
856 3404 922 3475 post
939 3396 1028 3455 certis
1045 3414 1082 3454 ex
1099 3394 1197 3453 causis
1214 3392 1312 3452 consi-

112 3498 189 3558 lium
202 3516 239 3557 ac
258 3514 360 3556 versus
380 3492 556 3555 Danubium
571 3490 711 3552 simulata
723 3492 755 3551 in
774 3492 936 3552 Bavarism
954 3490 1130 3573 irruptione,
1144 3508 1175 3549 se
1189 3507 1313 3549 eonver-

113 3604 225 3664 terunt,
236 3592 395 3673 sperabant
405 3591 486 3651 enim
497 3590 642 3660 futurum,
655 3597 688 3648 ut
699 3587 771 3648 Boii
781 3588 919 3649 videntes
933 3587 989 3649 iter
1002 3606 1091 3647 suum
1105 3585 1136 3645 in
1150 3584 1312 3645 Bavariam

8 3683 13 3694 ’
114 3692 217 3773 dirigi,
230 3711 262 3751 se
276 3689 433 3752 confestim
453 3688 560 3749 eodem
575 3684 718 3746 directuri
737 3696 843 3757 essent,
858 3694 888 3747 et
906 3683 1067 3769 munitiora
1081 3682 1147 3743 loca
1161 3700 1313 3762 praeoccu-
