3225 4700
320 346 383 409 2³6
542 364 544 380 ¹
717 340 739 406 1
746 337 1028 405 TINERARI
1035 338 1121 403 ΠΜ.

321 494 479 577 per-iulium
492 494 608 553 urbium
623 492 765 573 delegati,
778 509 814 551 ac
827 490 905 552 inter
917 489 970 552 bos
982 490 1135 552 rariorum
1148 490 1270 572 Regum
1282 509 1318 549 ac
1333 488 1533 569 Principum

321 591 353 651 in
371 588 568 669 Imperatoria
584 587 654 650 aula
671 586 791 649 stabiles
805 586 956 661 Oratores,
975 606 1029 648 seu
1046 587 1192 668 Agentes,
1211 596 1265 647 aut
1277 585 1532 647 Procuratores:

324 705 399 767 quos
412 684 599 767 excipiebant
613 683 688 745 varii
706 682 843 755 Praelati,
857 682 992 744 Comites
1002 671 1040 744 ac
1055 682 1192 757 Domini,
1210 690 1242 744 et
1259 702 1329 743 cum
1346 681 1395 742 his
1408 682 1532 741 obsen-

322 782 399 842 tiom
421 780 578 861 Deputati,
596 789 678 841 utet
697 778 802 861 legati
820 788 881 839 tom
903 778 1181 840 Ecclesiastioorum
1200 799 1292 860 quem
1314 777 1531 840 secularium

325 876 450 958 Imperii
464 876 654 958 Principum,
670 875 741 936 Sua
755 894 874 955 quoque
889 873 1041 955 Majestati
1062 875 1081 935 d
1097 875 1226 937 Secretis
1242 884 1274 937 et
1291 873 1415 939 Aulicis
1431 874 1529 937 Con·

322 971 407 1046 siliis,
424 971 570 1033 Officiarii
583 972 655 1033 item
674 981 704 1033 et
716 970 906 1034 cubicularii
922 992 993 1033 oum
1006 972 1125 1053 eopiosa
1142 972 1233 1033 verite
1248 971 1425 1034 Nobilitstis
1437 969 1528 1031 mul·

322 1068 461 1142 titudine,
476 1068 587 1148 absque
597 1067 680 1129 omui
692 1078 829 1149 respectu
838 1068 954 1129 ordinis
962 1077 997 1144 et
1005 1088 1209 1149 personarum.
1246 1068 1366 1130 Horum
1375 1068 1525 1128 omnium

322 1165 448 1248 vestigio
460 1166 634 1247 premebant
646 1164 865 1227 caduceatores
878 1174 948 1239 tres,
969 1164 1163 1247 Hungaricus
1176 1164 1318 1226 videlieet
1330 1162 1526 1226 Bohemicus

322 1272 351 1324 et
371 1263 558 1334 Austriaous,
577 1282 631 1323 suo
649 1261 774 1341 quisque
791 1262 883 1342 juxta
902 1261 1034 1322 officium
1050 1282 1087 1322 eo
1105 1261 1256 1322 nationem
1274 1260 1387 1335 babitu,
1407 1261 1525 1341 singu-

321 1360 402 1440 lique
420 1358 521 1419 album
538 1358 644 1417 dextra
665 1356 789 1418 caducei
811 1357 877 1418 loco
894 1358 1092 1439 praeferebsut
1115 1358 1267 1419 bacillum.
1310 1357 1371 1419 His
1388 1357 1407 1418 d
1426 1368 1525 1438 tergo

322 1456 452 1517 instabat
467 1452 691 1513 Illustrissimus
706 1452 854 1533 Princeps
869 1462 900 1513 et
914 1452 1053 1515 Marolrio
1068 1454 1217 1515 Badensis
1231 1453 1412 1528 Gulielmus,
1427 1454 1524 1534 cujus

323 1551 473 1631 utrimque
485 1549 578 1609 latera
591 1548 717 1631 stipabet
731 1568 785 1630 per
796 1549 910 1610 illustre
921 1550 1048 1611 fratrum
1061 1570 1099 1611 ex
1113 1549 1320 1612 Illustriasimo
1333 1549 1522 1631 Principum

322 1645 567 1707 Anholdinorum
589 1645 734 1727 sanguine
756 1645 936 1722 oriundum
966 1644 1116 1707 Amatheo
1135 1647 1265 1709 Ernesto
1287 1647 1384 1727 primo
1403 1667 1521 1707 nomen

279 1740 281 1745 ’
322 1754 385 1803 erat
398 1740 483 1803 alteri
499 1740 685 1803 Liebwsrdo.
727 1739 804 1802 Post
817 1740 884 1802 illos
896 1741 982 1803 ibant
998 1741 1091 1803 trium
1110 1741 1374 1803 serenissimorum
1391 1743 1519 1804 Princi-

321 1857 394 1917 pum
408 1857 444 1899 ao
463 1836 659 1899 saecularium
674 1836 849 1899 Electorum
869 1858 905 1898 ac
925 1838 1049 1900 Ducum
1067 1839 1206 1900 Bavsrioe
1219 1838 1343 1914 scilicet,
1359 1839 1516 1914 Saxonioe,

320 1942 350 1994 et
369 1933 650 2016 Brandeburgensis
670 1933 775 2016 legati
793 1934 986 2015 principales,
1005 1944 1106 2016 utpote
1126 1935 1192 1997 loeo
1211 1936 1326 1997 Barari
1345 1935 1456 1997 Comes
1474 1937 1516 1998 de

325 2030 478 2114 Dbringh,
493 2032 615 2091 nomine
630 2030 758 2092 Saxonis
773 2030 945 2093 Friderious
960 2030 1080 2094 Metsch
1091 2032 1122 2094 in
1138 2031 1348 2113 Ringenbaeb,
1364 2032 1430 2094 vioe
1443 2054 1519 2094 vero

322 2126 586 2207 Brandenburgioi
599 2127 622 2188 J
624 2146 734 2187 oannes
749 2126 921 2187 Friderious
934 2128 973 2189 de
993 2128 1114 2190 lowen.
1156 2128 1304 2190 Ordinem
1317 2130 1428 2191 dehinc
1440 2151 1516 2192 oon·

321 2223 479 2283 tinuabant
498 2223 560 2283 duo
579 2222 703 2303 Imperii
722 2220 945 2283 Caduoeatores
962 2223 995 2283 in
1012 2244 1068 2285 suo
1083 2237 1209 2306 uterque
1224 2244 1280 2305 pro
1292 2226 1383 2287 officii
1397 2227 1514 2288 ratione

322 2318 435 2394 habitu,
450 2338 552 2381 eorum
565 2338 635 2380 vero
645 2317 780 2400 vestigiis
790 2317 945 2380 insistebat
959 2319 1179 2384 Hereditarius
1189 2321 1315 2404 Imperii
1328 2322 1515 2386 Marescbnl·

321 2416 368 2477 lus
378 2416 496 2498 Gespar
506 2415 692 2477 Godelridus
700 2414 939 2497 b-Pappenbeim
947 2417 1064 2478 nudum
1074 2417 1188 2480 Oaesari
1198 2419 1357 2500 preferens
1363 2419 1512 2501 gladium,

321 2513 404 2593 quod
418 2513 449 2574 in
463 2512 591 2594 publicis
608 2512 670 2574 lere
683 2513 881 2574 conventibus
894 2515 1092 2575 communiter
1109 2515 1177 2578 lieri
1189 2515 1305 2578 assolet.
1345 2517 1432 2578 Tunc
1445 2528 1512 2578 tan-

322 2609 391 2669 dem
414 2627 467 2689 pro
491 2607 651 2690 Majeetate
674 2608 829 2690 Imperiali
849 2610 1028 2690 procedebat
1048 2609 1253 2674 Romanorum
1273 2613 1512 2696 Augustissimus

321 2704 423 2766 Cesar
442 2703 520 2766 latus
540 2724 594 2785 pro
610 2705 828 2766 consuetudine
844 2706 984 2788 cingebat
999 2705 1144 2778 Quardie
1163 2709 1330 2789 imperialis
1345 2709 1510 2772 prefectus

320 2799 430 2863 Comes
440 2801 535 2862 Lesle.
566 2801 717 2862 Cesarem
728 2800 747 2863 b
757 2811 842 2884 tergo
852 2802 947 2864 secuti
959 2814 1031 2865 suut
1044 2803 1189 2866 Primarii
1198 2806 1510 2868 Eminentissimorum

322 2898 495 2961 Electorum
523 2897 802 2960 Ecclesiuetioorum
831 2898 938 2981 legati
968 2899 1090 2961 nomine
1121 2902 1244 2982 quidem
1272 2903 1507 2964 Eminentissimi

320 2995 474 3077 Principis
502 2993 647 3056 Electoris
673 2993 861 3075 Moguntini,
887 2994 982 3078 Hugo
1008 2996 1201 3059 Eberhardus
1224 2999 1315 3061 Grata
1338 2999 1446 3062 Comes
1467 3000 1506 3060 de

321 3089 573 3171 Scharpfsnstein,
593 3109 718 3151 summe
739 3090 814 3151 aedis
830 3090 1023 3173 Moguntinae
1041 3092 1161 3167 Custos,
1174 3095 1323 3177 juxtaque
1341 3096 1438 3176 ipsum
1454 3115 1505 3156 uo-

319 3185 400 3246 mine
415 3185 652 3260 Eminentissimi
668 3185 822 3267 Principis
835 3186 984 3249 Electoris
996 3188 1183 3253 Coloniensis
1201 3191 1354 3254 Dominus
1371 3191 1505 3254 Bertlrol-

319 3282 376 3344 dus
389 3281 498 3344 Comes
516 3283 554 3345 de
573 3281 784 3365 Kbningseolr,
801 3282 1042 3364 Metropolitanus
1056 3287 1202 3350 Ecclesise
1218 3289 1405 3352 coloniensis
1418 3289 1504 3351 Sebo-

318 3377 448 3439 lesticus.
470 3378 582 3456 (locus
593 3378 832 3440 Eminentissimi
842 3379 996 3463 Principis
1006 3383 1153 3447 Electoris
1163 3385 1349 3448 Trevirensis
1357 3387 1503 3462 ramus)

319 3473 384 3536 Hic
402 3473 434 3534 in
452 3474 587 3536 ordinem
609 3475 727 3538 subibat
746 3476 948 3540 Serenissimoe
967 3481 1137 3544 Austriacoe
1159 3482 1266 3544 domm
1286 3481 1426 3563 legatus,
1440 3481 1502 3542 Do·

318 3571 417 3632 minus
438 3570 587 3653 Georgius
602 3572 749 3633 Aebutius
768 3571 878 3634 Comes
894 3573 934 3635 de
953 3577 1137 3654 losenstein,
1152 3589 1182 3641 et
1200 3579 1322 3640 nomine
1335 3577 1501 3660 Archiepis·

315 3678 438 3750 copstue
454 3666 698 3748 salisburgensis,
716 3668 867 3732 Dominus
881 3671 904 3732 J
906 3693 1017 3734 oannes
1030 3674 1233 3738 Theudoricus
1248 3676 1330 3738 Baro
1344 3676 1382 3737 de
1397 3674 1500 3737 Much·
