3225 4700
499 312 897 385 ITINERARIUM.
1227 322 1288 389 tet

95 461 143 523 tia
151 480 206 543 spe
215 461 281 535 isit,
290 460 459 543 musaeque
471 474 586 545 psroen
599 464 721 541 oceidit,
733 464 862 547 reliquos
871 468 912 529 ad
924 466 1060 531 iteratam
1068 469 1291 554 ingenitorum

94 557 270 638 iterumque
288 558 443 640 compulit.
485 559 526 623 In
542 560 602 624 luoe
619 564 764 625 conflictu
783 563 942 627 Generalis
961 565 1166 631 locumteueus
1181 569 1292 633 Comes

95 652 203 715 Bossu
223 654 332 717 Gallus
348 655 544 738 interemptus
562 666 617 731 est,
630 658 747 741 ipsique
760 658 876 722 Comici
890 661 1041 744 Bucqucy
1053 664 1180 746 pilense
1192 667 1292 749 capite

95 770 242 813 exuamus
255 750 370 834 globuli
384 753 400 813 b
414 748 516 814 fistule
527 752 660 833 pulveris
672 755 759 835 pyrei
771 754 803 816 vi
815 756 941 819 emisso:
961 779 1019 821 nec
1030 769 1192 843 potuerant
1207 764 1293 826 Buc-

97 846 235 927 qucyaui
245 846 354 909 milites
360 847 609 911 antedcoudictu
619 848 730 911 retrahi
739 852 1021 936 quamquingentos
1027 858 1294 941 currus,opuleuta

96 963 223 1007 annona
238 942 369 1006 obientes
386 943 623 1025 intercepissent,
637 955 668 1008 et
684 946 803 1009 sdruna
817 950 1003 1013 conductum
1017 953 1154 1016 curribus
1166 954 1293 1038 adjunc-

96 1048 168 1101 tum
181 1038 334 1121 pot'nsimi
346 1060 385 1101 cx
396 1050 481 1122 purte
494 1042 651 1105 fudissent.

141 1136 258 1197 Eodem
277 1156 370 1217 prope
389 1146 523 1219 tempore
542 1138 615 1201 alibi
634 1161 691 1223 ope
711 1140 951 1224 Iamboycarurn
973 1143 1144 1227 Ιεςῐοιιιιιι
1161 1146 1293 1229 Hispani

98 1233 307 1315 septingentos
327 1232 546 1317 quinquaginta
567 1256 672 1297 currus
690 1256 810 1301 annone
828 1238 988 1303 instructos
1006 1242 1242 1324 interceperunt,
1264 1252 1295 1307 et

99 1328 185 1390 mille
205 1329 312 1391 Gallos
330 1330 363 1391 in
383 1330 589 1394 defensionem
604 1334 742 1395 curribus
761 1334 880 1397 additos
892 1336 1096 1399 internecione
1108 1338 1293 1402 deleverunt.

100 1423 175 1496 Quo
192 1426 300 1489 eodem
315 1426 368 1489 die
385 1426 469 1489 Galli
492 1428 670 1491 semiluusm
692 1440 762 1492 ante
780 1430 934 1494 civitatem
954 1434 1049 1495 multa
1068 1454 1190 1497 snorum
1210 1435 1295 1497 cede

98 1520 298 1603 oocapdruut,
310 1523 364 1584 sed
377 1542 448 1585 snex
461 1534 579 1605 postero
589 1525 640 1587 die
652 1526 690 1587 ab
702 1528 833 1589 obsessis·
843 1527 943 1589 denuo
955 1530 1067 1611 repulsi
1079 1540 1159 1593 suut.
1190 1528 1294 1593 Rebus

99 1616 146 1679 ita
165 1618 396 1700 procedentibus
414 1619 616 1681 invalescebat
633 1620 713 1681 iuter
731 1619 837 1681 Gades
854 1620 980 1683 immitis
997 1622 1092 1684 fames
1111 1624 1154 1685 its
1170 1632 1206 1685 ut
1222 1644 1294 1687 curn

99 1716 183 1777 iutra
196 1715 325 1777 sedecim
339 1716 403 1778 dies
423 1736 485 1778 uon
505 1715 564 1778 uisi
578 1716 701 1779 ducenti
718 1737 824 1780 currus
840 1736 968 1779 annonae
984 1717 1195 1782 sdrentassent
1207 1722 1295 1801 (quos

101 1811 237 1893 Hispani
250 1813 443 1893 quantumvis
461 1812 640 1887 laborarent,
654 1814 692 1876 cb
705 1814 823 1876 saluum
833 1813 1018 1877 conductum
1026 1824 1156 1895 quatuor
1167 1835 1206 1877 en
1217 1816 1295 1877 locis

99 1908 294 1985 submissum,
315 1909 495 1991 intercipere
514 1930 575 1971 non
595 1912 769 1991 potuerunt)
788 1910 899 1973 milites
918 1910 1022 1971 inedia
1041 1910 1294 1973 contabescerent.

102 2006 318 2067 Nunciabatur
335 2006 450 2067 interes
467 2026 531 2069 suto
548 2006 655 2089 Regiae
673 2007 825 2069 altitudini
841 2007 986 2088 plurimos
1004 2026 1107 2067 rursus
1120 2026 1227 2069 eunus
1245 2027 1296 2068 co·

100 2111 208 2163 meatu
223 2112 341 2164 onustos
359 2103 391 2163 in
404 2103 455 2164 via
468 2123 531 2165 esse
547 2112 636 2183 etque
648 2104 689 2165 ad
703 2101 823 2165 Gallica
834 2115 932 2165 casua
949 2102 1105 2164 concitetis
1125 2101 1212 2184 equis
1229 2124 1296 2184 pro·

100 2216 220 2279 perure.
260 2198 375 2260 Contra
390 2197 445 2260 hos
465 2198 646 2261 Genernlern
668 2198 801 2279 Inmboy
816 2218 886 2261 cnm
903 2207 1032 2279 quatuor
1048 2199 1184 2280 equitum
1204 2199 1295 2260 milli·

101 2295 161 2356 bus
172 2304 203 2356 et
215 2294 340 2358 totidem
353 2294 487 2358 millibus
500 2294 636 2378 peditum
650 2295 693 2358 ire
701 2296 800 2378 jubet,
812 2316 968 2378 quoscum
981 2296 1038 2358 snb
1051 2296 1148 2358 noctis
1161 2298 1295 2359 medinm

101 2393 136 2452 iu
151 2393 262 2473 oppido
275 2393 406 2474 quodam
424 2403 576 2454 assecutus
593 2403 680 2465 esset,
693 2403 796 2474 aperta
815 2395 847 2455 vi
859 2393 911 2454 via
922 2394 1021 2468 irruit,
1035 2393 1152 2456 salvum
1162 2393 1295 2454 conduc·

100 2497 167 2550 tum
181 2488 317 2570 pauculis
331 2489 474 2570 exceptis,
485 2489 539 2569 qui
551 2489 584 2550 iu
598 2489 697 2550 loreas
711 2509 741 2551 se
755 2489 924 2570 praecipites
936 2499 1076 2572 egerunt,
1086 2509 1206 2552 ornnem
1215 2489 1294 2550 ceci·

102 2584 162 2655 dit,
176 2604 213 2646 ae
226 2584 307 2646 mille
320 2585 463 2647 ducentos
476 2605 591 2660 currus,
605 2585 678 2646 sino
699 2585 822 2658 Laride,
836 2606 924 2667 pane,
937 2587 1051 2647 terrim
1068 2586 1194 2668 aliisque
1206 2587 1295 2648 rebus

102 2681 238 2752 refertos,
252 2681 396 2764 diripuit:
418 2701 454 2743 sc
465 2689 606 2744 sexcenta
617 2681 681 2742 viui
695 2681 778 2743 dolis
789 2682 938 2763 disrumpi
951 2681 1119 2763 imperarit,
1133 2681 1295 2762 manuque

101 2779 137 2839 iu
160 2787 270 2841 terram
292 2777 417 2853 effundi,
440 2798 478 2838 ue
501 2777 579 2839 hosti
599 2777 666 2838 osui
686 2788 773 2853 esset,
797 2778 949 2859 quidquid
967 2798 1038 2840 vero
1060 2778 1079 2840 t
1099 2776 1161 2838 suis
1184 2777 1295 2839 abduci

102 2875 212 2957 potuit,
226 2894 328 2938 secum
337 2874 470 2949 abstulit,
481 2895 587 2936 currus
600 2882 685 2956 porto
698 2874 843 2936 dissecuit
851 2883 883 2936 et
892 2875 1027 2955 subjecto
1040 2875 1111 2956 igue
1121 2873 1153 2934 iu
1163 2873 1294 2934 cinerem

15 3009 16 3012 =
103 2972 232 3053 redegit,
248 2980 337 3051 atque
350 2971 393 3032 ita
406 2971 507 3052 opima
519 2971 624 3052 praeda
636 2971 721 3032 dives
733 2970 773 3032 ad
785 2991 856 3032 suos
869 2971 1001 3033 revertit.

15 3359 16 3366 '
107 3363 152 3416 est

146 3067 339 3129 Gubernator
354 3067 547 3146 Oorbeyauns
561 3066 671 3129 (lomes
684 3066 715 3128 N
717 3066 818 3128 eutuel
835 3076 908 3128 tuuc
925 3085 1045 3147 quoque
1057 3065 1245 3146 operiebatur
1258 3084 1295 3126 ex

103 3163 224 3224 insidiis
236 3171 365 3224 turmam
379 3162 597 3244 Hispanorum,
611 3163 666 3224 sed
677 3163 741 3244 ipse
752 3163 941 3244 intercipitur
952 3170 1120 3243 preterque
1132 3181 1215 3242 spem
1229 3161 1296 3258 vnl-

104 3269 239 3336 neratur,
252 3259 284 3320 iu
297 3259 419 3320 vincula
433 3260 552 3321 mucius
564 3258 717 3340 arripitur,
732 3259 765 3318 in
778 3257 887 3338 quibus
899 3278 960 3318 nou
973 3257 1069 3320 multo
1081 3266 1149 3339 post
1160 3267 1296 3321 mortuus

147 3399 350 3524 biusutumvis
374 3450 507 3532 Hispani
528 3471 593 3512 rem
619 3469 833 3532 usquequaque
856 3449 975 3513 fortiter
999 3450 1295 3533 agerent,ou1nibus

50 3617 55 3628 ,
105 3559 206 3610 umen
225 3547 366 3610 adhibitis
383 3545 530 3610 mschinis
548 3547 621 3609 illuc
638 3546 793 3628 negotium
814 3546 963 3610 deducere
982 3567 1044 3610 nou
1068 3556 1238 3630 potuerunt,
1261 3554 1296 3606 ut

107 3645 213 3708 Galles
226 3645 265 3706 ab
277 3644 433 3708 obsidione
446 3643 632 3707 Arrelateusi
645 3643 839 3724 depellerent,
856 3643 957 3724 itaque
969 3663 1040 3706 curn
1052 3643 1164 3706 obsessi
1176 3643 1216 3704 de
1228 3661 1294 3704 suc·
