3225 4700
461 350 878 420 ITINERARIUM.
1214 355 1256 417 25

75 507 231 576 mortuum,
246 512 339 583 atque
352 502 384 562 in
403 501 608 583 Suarrindorp
621 503 771 565 civitatem
789 501 872 564 omni
884 503 1031 564 instructu
1044 501 1152 564 bellico
1165 501 1255 564 refer·

77 595 213 656 tissimum
240 617 308 658 esse
334 597 478 670 delatum,
505 598 541 658 ed
566 618 685 659 cursum
712 598 828 660 itineris
849 598 908 658 mei
930 597 1043 658 direxi:
1073 598 1124 658 nbi
1150 597 1255 678 appuli

75 690 181 752 dietum
203 691 317 754 ducem
340 713 440 754 meum
467 692 566 754 loculo
592 693 732 774 plumbeo
758 695 925 755 obseratum
949 693 1024 765 vidi,
1045 692 1194 774 simulque
1215 693 1253 753 de

75 787 169 847 mortis
185 809 299 870 genere
314 788 468 868 inquirens
484 788 617 850 intellexi
636 789 818 869 pientissimi
840 789 978 850 omuibus
995 788 1086 849 sends
1102 789 1251 848 munitum

74 881 165 961 ipsum
177 883 350 944 decessisse
392 883 485 945 Dolui
495 895 529 945 ut
544 884 635 945 debui
648 885 850 955 vehementer,
864 883 961 943 virum
976 883 1067 944 tantis
1076 883 1184 944 animis
1197 902 1252 963 pro

75 976 186 1038 (lasere
198 987 231 1037 et
243 977 308 1038 fide
321 977 486 1040 orthodoxe
499 978 648 1054 inclitum,
664 999 723 1038 non
738 978 866 1059 potuisse
879 978 975 1038 obniti
988 979 1091 1038 mortis
1104 978 1249 1038 decretis:

75 1081 131 1132 eret
147 1073 171 1132 is
188 1073 297 1153 utique
315 1073 379 1134 virt
401 1073 496 1134 mrdtd
518 1075 652 1154 longiore
672 1074 875 1155 dignissimus.
917 1072 1038 1134 Interea
1057 1082 1156 1134 tamen
1179 1073 1251 1133 dum

75 1167 143 1226 vixit
160 1167 218 1227 sibi
241 1167 419 1248 neutiquam
441 1169 546 1242 detuit,
565 1191 635 1230 nam
653 1177 687 1229 ut
707 1169 818 1230 mam
837 1168 1004 1242 aeternitati,
1022 1167 1156 1228 animem
1175 1167 1253 1228 coelo

74 1271 217 1335 mereret,
232 1263 444 1345 divitiasquas
458 1263 626 1344 aequissimo
637 1263 735 1325 Marte
748 1262 880 1326 masculi
892 1262 946 1326 sud
959 1283 1051 1322 mann
1064 1263 1142 1322 inter
1155 1262 1253 1324 hostes

75 1357 254 1436 acquisierat,
271 1359 305 1419 in
320 1359 371 1438 pia
381 1358 479 1440 legata
492 1359 534 1420 ita
547 1359 608 1421 iere
620 1359 781 1420 distribuit.
814 1359 930 1421 Vicena
942 1358 1143 1439 imperialium
1157 1357 1253 1417 millia

76 1452 207 1516 Patribus
222 1455 433 1516 Franciscsuis
450 1475 524 1536 quos
544 1455 654 1517 stricta
670 1456 865 1516 observantie
884 1455 1067 1536 appellamus
1082 1453 1206 1536 legavit,
1218 1453 1252 1512 hi

77 1547 176 1631 Prugae
189 1551 301 1612 studiis
316 1548 470 1610 literarum
487 1551 673 1626 excoluntur,
695 1551 941 1630 instruunturquc
958 1552 991 1611 in
1013 1571 1083 1612 eum
1100 1549 1203 1623 finem
1218 1559 1253 1609 ut

76 1646 245 1725 quandoque
264 1645 297 1704 in
319 1646 471 1706 Iberuiam
490 1645 659 1708 Scotiamve
678 1646 811 1721 redeant,
837 1665 927 1725 seque
956 1644 1120 1708 Catholicis
1141 1645 1251 1706 confir-

78 1741 184 1802 mandis
197 1741 229 1800 in
237 1739 313 1815 fide,
323 1742 371 1802 vel
386 1740 546 1802 Haeretieis
559 1741 738 1804 reducendis
751 1741 791 1802 ad
803 1740 941 1812 eandem,
950 1740 1053 1801 sedulo
1065 1740 1251 1821 impendunt.

79 1833 224 1897 Ducentos
243 1836 415 1916 imperiales
435 1837 544 1898 Domui
562 1837 701 1918 professa
722 1835 879 1896 Societatis
894 1835 982 1909 lesu,
997 1835 1048 1896 cui
1065 1843 1192 1914 praeerat
1209 1834 1249 1894 R.

78 1928 111 1990 P.
125 1931 306 1992 Guilielmus
321 1933 510 1995 Iamormain
525 1933 625 1995 Saorae
639 1933 784 1995 Caesarea
800 1929 969 2012 Mnjestatis
982 1929 1186 1992 confessarius
1199 1949 1252 2010 per

77 2027 191 2088 modum
213 2027 412 2108 eleemosyna
439 2030 632 2110 transcripsit,
661 2029 701 2090 R.
725 2027 764 2089 P.
793 2027 888 2088 Petro
912 2026 1054 2107 Vadingo
1081 2024 1150 2086 Soc.
1174 2024 1251 2085 «lesu

79 2121 180 2184 Iberno
191 2133 221 2184 et
233 2144 290 2205 pro
305 2133 438 2204 tempore
453 2123 666 2187 Universitatis
680 2122 843 2206 Pragensis
860 2121 1048 2184 cancellario
1061 2105 1118 2182 nil
1130 2119 1252 2201 imperi-

78 2216 162 2280 alium
169 2219 263 2280 millia
274 2219 343 2280 dari
354 2219 458 2292 voluit,
467 2239 541 2300 quas
549 2221 611 2301 ipse
619 2220 798 2302 pauperibus
807 2218 926 2280 Ibernis
935 2217 1007 2278 illuc
1016 2216 1251 2277 commeantibus

78 2311 250 2396 elargiretur.
295 2315 335 2377 P.
351 2313 480 2376 Patritio
499 2313 707 2388 renoscent»,
727 2312 862 2374 strictam
877 2308 1095 2375 observantiam
1110 2308 1250 2390 professo,

78 2408 245 2491 quingentos
255 2410 436 2493 imperiales,
453 2411 531 2471 sicut
543 2419 574 2471 ot
586 2409 672 2471 alteri
685 2407 806 2469 cuidam
821 2403 975 2468 Sacerdoti
990 2400 1127 2463 similiter
1140 2399 1251 2463 Iberno

79 2505 200 2567 totidem.
241 2506 411 2590 Legnverat
428 2516 459 2568 et
476 2507 543 2567 aliis
564 2506 672 2587 partim
690 2504 836 2587 sanguine
853 2501 963 2584 partim
980 2495 1112 2559 amicitid
1124 2496 1252 2577 junctis,

80 2601 181 2663 sedicet
197 2604 293 2665 sorori
313 2623 375 2665 sue
396 2624 448 2665 sex
468 2603 667 2685 imperialium
688 2599 793 2675 millia,
811 2597 1006 2659 Vicetribuno
1023 2613 1078 2654 suo
1095 2591 1251 2653 Walthcro

80 2694 227 2761 Dereroux
245 2698 330 2761 mille
351 2698 528 2780 imperiales,
552 2698 677 2779 aliisque
698 2715 752 2779 pro
767 2695 879 2758 affectu
896 2702 927 2754 et
942 2690 1060 2752 merito.
1103 2686 1165 2749 Sed
1180 2706 1250 2747 cum

78 2789 136 2853 hcc
159 2794 197 2855 sd
222 2795 281 2856 iter
309 2804 444 2856 nostrum
471 2795 651 2877 exigendum
676 2812 782 2875 parum
804 2792 959 2862 attineant,
983 2785 1050 2847 aliia
1076 2782 1252 2864 exequenda

80 2887 212 2969 relinquo,
240 2910 299 2973 ego
329 2891 361 2951 in
395 2890 531 2953 instituto
563 2890 668 2951 itinere
694 2909 762 2950 meo
788 2885 973 2969 progredior.
1027 2880 1106 2943 Cum
1136 2877 1250 2958 optimo

78 3000 137 3044 meo
158 2984 290 3047 Domino
314 2986 440 3049 Butlero
465 2986 529 3046 viro
552 2982 665 3045 Caesari
687 2980 856 3063 gratissimo
877 2986 908 3037 et
933 2973 1078 3036 fidissimo
1102 2990 1162 3030 non
1186 2969 1250 3030 sius

80 3096 178 3160 magno
195 3082 297 3145 dolore
314 3083 364 3164 pie
382 3090 593 3164 parentassem,
610 3078 650 3139 ed
668 3097 767 3138 arcem
783 3070 1065 3151 Wisensteigensem
1081 3066 1194 3129 Comiti
1210 3066 1249 3126 de

81 3172 209 3237 Holstcin
222 3179 372 3239 subditam
386 3176 551 3260 properavi.
584 3173 783 3235 Detinebatur
796 3170 827 3230 in
841 3168 877 3230 ed
889 3164 1061 3228 Waltherns
1075 3163 1247 3237 Deveroux‚

80 3270 189 3351 globulo
203 3274 343 3355 plumbeo
358 3275 399 3336 ad
419 3272 634 3352 Nortlingense
647 3268 786 3350 praelium
804 3262 969 3327 secundum
982 3280 1051 3321 crus
1064 3257 1248 3330 vulneratus,

81 3366 212 3431 unicum
225 3370 416 3431 moestissime
428 3366 521 3430 ridud
541 3363 727 3440 Butleriand‚
742 3381 810 3444 qure
825 3356 960 3421 defuncti
976 3355 1024 3416 sui
1041 3354 1141 3416 mariti
1157 3353 1248 3413 funus

81 3462 240 3545 paulopost
258 3466 290 3527 in
309 3465 489 3527 Bohemiam
508 3484 577 3524 cum
595 3461 677 3523 salvo
693 3459 823 3521 militnm
846 3454 996 3517 conductu
1016 3460 1118 3513 secuta
1137 3458 1192 3524 est,
1212 3466 1248 3507 ac

82 3553 135 3618 illic
146 3558 202 3641 ipsi
214 3562 483 3644 sumptuosissime
496 3560 567 3621 fecit
580 3556 730 3638 exequias.

672 3672 692 3712 a
