3225 4700
18 180 51 330 ὲ

18 461 54 552 ἰ

484 324 508 390 I
515 321 803 392 TINERARI
813 321 900 389 UM.
1254 323 1318 389 407

115 479 218 542 biliter
230 478 396 562 praefuisse,
411 485 442 540 et
455 477 638 539 confidimus
651 495 713 536 non
726 474 943 556 permissurum
957 482 991 537 ut
1004 473 1044 536 ad
1054 474 1204 556 ejusmodi
1215 475 1320 537 munia

115 577 238 660 indigni
258 577 503 658 promoveantur)
523 574 605 635 viros
626 574 732 634 doctos
751 571 872 634 virtmis
892 572 1051 644 studiosos,
1072 572 1222 654 imprimis
1245 574 1318 634 verb

118 673 223 736 Deum
236 673 376 735 timentes
389 672 515 756 deligat.

156 771 239 834 Cum
252 770 325 832 verb
337 769 429 831 etiam
443 789 480 830 ex
494 765 652 830 occasione
666 765 857 846 quorundam
871 781 1043 828 sermonum
1056 767 1169 827 temere
1183 765 1319 848 profuso·

116 887 185 930 rum
203 867 322 928 nonita
337 867 455 947 pridem
473 864 570 926 coacti
584 864 729 924 fuerimus
743 863 912 923 Dominum
926 864 964 924 de
979 862 1208 924 chasteauneui'
1220 863 1319 926 officio

116 964 267 1047 sigilliferi
279 964 409 1044 privare,
426 983 557 1043 eumque
577 961 609 1021 in
630 970 762 1022 castrum
784 959 1014 1041 Engolismense
1035 959 1192 1042 ablegare:
1214 960 1319 1041 praeci-

115 1062 228 1145 pimus,
255 1071 290 1122 ut
316 1061 381 1142 ipse
408 1061 520 1122 ibidem
545 1066 691 1130 servetur,
719 1054 820 1138 quoad
847 1077 906 1139 pax
934 1057 1083 1139 generalis
1109 1055 1317 1133 concludatur,

117 1160 241 1241 quando
250 1177 306 1239 pro
319 1157 509 1238 beneplacito
519 1156 647 1238 Reginae
657 1165 688 1216 et
696 1154 936 1217 consiliariorum
948 1154 1095 1215 sententia
1105 1155 1130 1215 si
1141 1163 1221 1215 certa
1232 1156 1318 1218 sedes

116 1258 168 1318 vel
182 1258 213 1318 in
231 1256 279 1317 vel
297 1266 382 1316 extra
395 1274 522 1336 regnum
536 1253 691 1335 designari
707 1253 818 1333 poterit
833 1253 865 1312 in
883 1269 943 1332 quo
956 1269 988 1311 se
1004 1249 1044 1310 ad
1058 1250 1123 1311 dies
1136 1249 1210 1311 vitae'
1222 1250 1318 1312 conti·

115 1365 204 1416 neat·
239 1353 425 1414 Mandamus
435 1353 526 1412 etiam
540 1360 576 1411 ut
585 1349 718 1410 Ducissa
730 1351 769 1410 de
779 1349 951 1411 chevreuse
962 1349 1000 1408 ob
1008 1347 1189 1429 justissimas
1203 1367 1331 1419 causas,¹

115 1471 211 1533 regno
225 1450 347 1521 Gallim,
369 1466 463 1530 usque
483 1449 523 1509 ad
543 1446 691 1508 bellorum
710 1446 804 1508 finem
826 1446 937 1533 exulet.
979 1445 1128 1508 Volumus
1145 1465 1264 1528 quoque
1284 1459 1319 1509 ut

114 1566 173 1607 nec
186 1566 261 1628 pace
273 1546 426 1618 conclusa,
442 1546 501 1606 nisi
514 1564 553 1606 ex
566 1544 662 1627 ςιιιιίιι
672 1544 802 1626 ‘Regina
818 1544 848 1604 in
861 1563 987 1625 reguum
998 1543 1111 1618 redeat,
1124 1544 1171 1606 vel
1182 1545 1207 1605 si
1221 1545 1319 1606 redire

114 1644 282 1726 contingat,
298 1661 336 1704 ne
356 1642 407 1702 vel
424 1661 516 1724 prope
534 1641 636 1702 aulam
656 1641 833 1722 hospitetur.
876 1640 960 1714 Quin
974 1659 1030 1702 nec
1043 1642 1110 1702 aliis
1125 1642 1233 1703 nostris
1246 1644 1318 1704 sub·

114 1741 200 1814 ditis,
214 1740 267 1821 qui
282 1739 361 1800 ultro
374 1759 405 1800 se
421 1739 524 1800 Gallia
533 1737 583 1800 vel
596 1758 634 1798 ex
647 1738 738 1799 certis
752 1737 850 1799 causis
864 1739 1089 1812 submoverunt,
1101 1739 1317 1820 cujuscumque

116 1836 300 1898 conditionis
319 1836 364 1896 illi
384 1836 509 1908 inerint,
527 1836 643 1896 reditus
659 1837 692 1896 in
711 1853 839 1918 regnum
854 1835 916 1896 ullo
934 1836 1025 1896 modo
1044 1837 1244 1918 permittetur,
1258 1838 1318 1898 nisi

116 1955 187 1994 cum
202 1936 275 2015 ipsis
289 1932 425 1994 unanimi
437 1953 586 1994 consensu
598 1933 674 1993 dicti
688 1932 852 1993 consiliarii
867 1933 1072 1994 decernerent.

161 2031 303 2111 Denique
312 2031 455 2111 jubemus
469 2040 503 2090 ut
521 2031 554 2090 in
572 2030 639 2090 haec
656 2030 759 2090 omnia
772 2039 884 2110 puncta
894 2039 1052 2110 postremas
1066 2029 1240 2101 voluntatis,
1254 2041 1316 2092 tarn

116 2127 239 2210 Regina
257 2128 426 2209 gubernans
444 2128 557 2208 conjux
575 2137 686 2202 nostra,
707 2137 738 2188 et
754 2124 888 2186 filiorum
910 2137 1078 2187 nostrorum
1100 2139 1205 2202 mater,
1226 2147 1317 2209 quam

115 2225 211 2286 frater
229 2234 329 2284 noster
347 2224 421 2284 Dux
441 2223 669 2284 Aurelianensis
686 2232 718 2284 et
737 2223 889 2304 principes
909 2223 1072 2306 sanguinis,
1095 2225 1197 2300 duces,
1219 2245 1316 2307 pares,

115 2319 304 2383 mareschalli
322 2332 354 2383 et
371 2321 513 2383 officiales
525 2320 612 2404 regni
626 2320 729 2382 sancte
736 2320 852 2402 jurent,
869 2322 951 2402 quod
968 2322 1068 2383 omnia
1086 2321 1151 2385 haec
1165 2322 1318 2385 decretae

115 2419 204 2480 nobis
211 2418 406 2501 integerrima
413 2418 475 2480 fide
485 2418 698 2479 inviolabiliter
707 2437 826 2479 servare
835 2428 865 2479 et
874 2420 1043 2481 executioni
1054 2420 1195 2481 mandare
1204 2421 1317 2483 velint:

115 2517 148 2577 in
168 2535 258 2596 quem
278 2514 370 2576 finem
391 2515 490 2597 primo
509 2534 628 2595 quoque
652 2525 784 2597 tempore
805 2534 859 2596 per
883 2516 969 2597 regni
991 2517 1161 2597 provincias
1184 2516 1318 2599 publica-

117 2615 239 2674 buntur.
715 2608 734 2645 ⁴·

159 2710 239 2771 Haec
257 2711 360 2771 omnia
377 2731 470 2771 manu
486 2720 588 2773 nostra
603 2712 779 2794 scripsimus
796 2722 827 2773 et
842 2713 1055 2776 subscribendo
1073 2714 1139 2776 alhs
1152 2714 1319 2776 communi·

115 2808 253 2869 cavimus
266 2808 474 2889 subscribique
483 2809 630 2891 jussimus
639 2830 692 2891 per
704 2809 855 2892 Reginam
869 2812 1028 2893 conjugem
1043 2822 1185 2882 nostram,
1198 2812 1318 2873 Ducem

116 2904 378 2978 Aurelianensem,
393 2914 424 2964 et
440 2906 631 2967 secretarium
651 2916 756 2979 status,
769 2907 936 2989 sigillisque
953 2908 1137 2969 munivimus
1150 2918 1180 2970 et
1198 2910 1318 2969 robora-

115 3002 216 3063 vimus
228 3002 269 3062 ad
284 3001 431 3062 Sanctum
446 3002 646 3078 Germanum,
660 3023 762 3065 mense
776 3004 889 3086 Aprili,
904 3005 976 3065 anni
997 3008 1085 3065 1643.
1124 3008 1217 3067 Anno
1231 3006 1318 3089 regni

115 3100 211 3161 nostri
224 3098 381 3180 trigesimo
395 3099 493 3159 tertio.

159 3196 220 3257 His
232 3196 410 3276 subscriptis
421 3205 450 3256 et
463 3216 518 3277 per
529 3196 723 3260 Parlamenta
732 3198 903 3281 publicatis,
920 3200 1066 3281 vigesimo
1079 3200 1179 3281 primo
1193 3202 1314 3263 tandem

115 3293 229 3353 mensis
247 3290 364 3373 Aprilis
384 3291 501 3373 Regius
521 3293 669 3375 Princeps
688 3296 915 3378 Primogenitus
935 3316 988 3357 seu
1003 3296 1174 3379 Delphinus
1189 3298 1317 3359 Parisiis

113 3388 263 3469 baptismo
284 3388 422 3449 admotus
442 3399 498 3451 est.
539 3390 639 3463 Quem
661 3392 727 3453 Rex
748 3405 835 3474 pater
855 3394 893 3455 de
912 3414 966 3455 suo
983 3389 1104 3456 nomine
1125 3396 1316 3458 Ludovicum

113 3484 261 3566 appellari
282 3484 389 3547 voluit.
435 3486 463 3546 E
483 3505 569 3549 sacro
589 3488 710 3549 lavacro
730 3508 799 3551 eum
821 3502 1015 3572 susceperunt
1036 3493 1158 3554 nomine
1184 3493 1316 3554 Romani

114 3581 277 3643 Pontificio
289 3581 464 3645 Cardinalis
478 3584 663 3662 Macerinus,
677 3606 713 3648 ac
732 3588 854 3649 nomine
874 3587 1093 3669 Hispaniarum
1114 3589 1208 3672 Regis
1225 3590 1316 3651 Prin·

113 3701 185 3762 ceps
197 3680 331 3756 ioemina,
346 3682 473 3744 Condoei
487 3686 607 3765 conjux.
