<?xml version="1.0" encoding="UTF-8"?>
<!DOCTYPE html PUBLIC "-//W3C//DTD XHTML 1.0 Transitional//EN"
    "http://www.w3.org/TR/xhtml1/DTD/xhtml1-transitional.dtd">
<html xmlns="http://www.w3.org/1999/xhtml" xml:lang="en" lang="en">
 <head>
  <title>
</title>
<meta http-equiv="Content-Type" content="text/html;charset=utf-8" />
  <meta name='ocr-system' content='tesseract 3.04.00' />
  <meta name='ocr-capabilities' content='ocr_page ocr_carea ocr_par ocr_line ocrx_word'/>
</head>
<body>
  <div class='ocr_page' id='page_1' title='image "./itinerariumthom00kerngoog_0704.png"; bbox 0 0 3225 4700; ppageno 0'>
   <div class='ocr_carea' id='block_1_1' title="bbox 303 318 1125 397">
    <p class='ocr_par' dir='ltr' id='par_1_1' title="bbox 303 318 1125 397">
     <span class='ocr_line' id='line_1_1' title="bbox 303 318 1125 397; baseline -0.013 0"><span class='ocrx_word' id='word_1_1' title='bbox 303 331 368 397; x_wconf 83' lang='lat'>400</span> <span class='ocrx_word' id='word_1_2' title='bbox 715 318 1125 390; x_wconf 79' lang='lat' dir='ltr'><em>ITINERARIUM.</em></span> 
     </span>
    </p>
   </div>
   <div class='ocr_carea' id='block_1_2' title="bbox 303 474 1595 3180">
    <p class='ocr_par' dir='ltr' id='par_1_2' title="bbox 303 474 1595 3180">
     <span class='ocr_line' id='line_1_2' title="bbox 345 474 1591 558; baseline -0.008 -14"><span class='ocrx_word' id='word_1_3' title='bbox 345 482 388 544; x_wconf 92' lang='lat' dir='ltr'>D.</span> <span class='ocrx_word' id='word_1_4' title='bbox 403 479 583 544; x_wconf 77' lang='lat' dir='ltr'>Vincentius</span> <span class='ocrx_word' id='word_1_5' title='bbox 596 479 634 540; x_wconf 92' lang='lat' dir='ltr'>de</span> <span class='ocrx_word' id='word_1_6' title='bbox 647 478 678 539; x_wconf 88' lang='lat' dir='ltr'>la</span> <span class='ocrx_word' id='word_1_7' title='bbox 692 477 800 540; x_wconf 83' lang='lat' dir='ltr'>Marsa</span> <span class='ocrx_word' id='word_1_8' title='bbox 814 477 1034 540; x_wconf 89' lang='lat' dir='ltr'>Mareschallns</span> <span class='ocrx_word' id='word_1_9' title='bbox 1049 477 1160 558; x_wconf 89' lang='lat' dir='ltr'>campi,</span> <span class='ocrx_word' id='word_1_10' title='bbox 1176 475 1218 537; x_wconf 91' lang='lat' dir='ltr'>D.</span> <span class='ocrx_word' id='word_1_11' title='bbox 1239 475 1373 558; x_wconf 87' lang='lat' dir='ltr'>Bragius</span> <span class='ocrx_word' id='word_1_12' title='bbox 1390 474 1522 536; x_wconf 83' lang='lat' dir='ltr'>Fuscus</span> <span class='ocrx_word' id='word_1_13' title='bbox 1590 525 1591 534; x_wconf 69' lang='grc'>,</span> 
     </span>
     <span class='ocr_line' id='line_1_3' title="bbox 305 573 1522 657; baseline -0.004 -16"><span class='ocrx_word' id='word_1_14' title='bbox 305 576 524 641; x_wconf 88' lang='lat' dir='ltr'>Mareschallus</span> <span class='ocrx_word' id='word_1_15' title='bbox 540 576 650 657; x_wconf 91' lang='lat' dir='ltr'>campi,</span> <span class='ocrx_word' id='word_1_16' title='bbox 665 575 708 635; x_wconf 92' lang='lat' dir='ltr'>D.</span> <span class='ocrx_word' id='word_1_17' title='bbox 723 575 851 636; x_wconf 82' lang='lat' dir='ltr'>Carolus</span> <span class='ocrx_word' id='word_1_18' title='bbox 868 575 945 636; x_wconf 90' lang='lat' dir='ltr'>Pius</span> <span class='ocrx_word' id='word_1_19' title='bbox 958 573 1142 648; x_wconf 83' lang='lat' dir='ltr'>Golouellns,</span> <span class='ocrx_word' id='word_1_20' title='bbox 1159 576 1200 638; x_wconf 94' lang='lat' dir='ltr'>D.</span> <span class='ocrx_word' id='word_1_21' title='bbox 1220 575 1369 638; x_wconf 88' lang='lat' dir='ltr'>Fabritius</span> <span class='ocrx_word' id='word_1_22' title='bbox 1383 574 1522 638; x_wconf 84' lang='lat' dir='ltr'>Caraffa</span> 
     </span>
     <span class='ocr_line' id='line_1_4' title="bbox 304 671 1521 748; baseline -0.003 -12"><span class='ocrx_word' id='word_1_23' title='bbox 304 672 487 746; x_wconf 88' lang='lat' dir='ltr'>Colouellus,</span> <span class='ocrx_word' id='word_1_24' title='bbox 504 673 546 733; x_wconf 92' lang='lat' dir='ltr'>D.</span> <span class='ocrx_word' id='word_1_25' title='bbox 559 671 687 733; x_wconf 75' lang='lat' dir='ltr'><strong>Carolus</strong></span> <span class='ocrx_word' id='word_1_26' title='bbox 700 672 853 733; x_wconf 84' lang='lat' dir='ltr'>Antonius</span> <span class='ocrx_word' id='word_1_27' title='bbox 864 671 1007 733; x_wconf 79' lang='lat' dir='ltr'>Salassus</span> <span class='ocrx_word' id='word_1_28' title='bbox 1021 671 1205 748; x_wconf 86' lang='lat' dir='ltr'>Coloncllus,</span> <span class='ocrx_word' id='word_1_29' title='bbox 1221 673 1263 733; x_wconf 93' lang='lat' dir='ltr'>D.</span> <span class='ocrx_word' id='word_1_30' title='bbox 1277 673 1302 735; x_wconf 86' lang='lat' dir='ltr'><strong>J</strong></span> <span class='ocrx_word' id='word_1_31' title='bbox 1304 691 1418 734; x_wconf 86' lang='lat' dir='ltr'>oannes</span> <span class='ocrx_word' id='word_1_32' title='bbox 1431 671 1521 732; x_wconf 73' lang='lat' dir='ltr'>Iani</span> 
     </span>
     <span class='ocr_line' id='line_1_5' title="bbox 304 768 1521 852; baseline -0.003 -19"><span class='ocrx_word' id='word_1_33' title='bbox 304 770 453 835; x_wconf 84' lang='lat' dir='ltr'>Colonelli</span> <span class='ocrx_word' id='word_1_34' title='bbox 470 769 571 830; x_wconf 91' lang='lat' dir='ltr'>locum</span> <span class='ocrx_word' id='word_1_35' title='bbox 588 778 703 843; x_wconf 64' lang='lat' dir='ltr'>mneos,</span> <span class='ocrx_word' id='word_1_36' title='bbox 719 768 763 829; x_wconf 87' lang='lat' dir='ltr'>D.</span> <span class='ocrx_word' id='word_1_37' title='bbox 781 768 941 852; x_wconf 81' lang='lat' dir='ltr'>Virginius</span> <span class='ocrx_word' id='word_1_38' title='bbox 955 768 1051 830; x_wconf 85' lang='lat' dir='ltr'>Conci</span> <span class='ocrx_word' id='word_1_39' title='bbox 1065 791 1219 852; x_wconf 88' lang='lat' dir='ltr'>supremus</span> <span class='ocrx_word' id='word_1_40' title='bbox 1233 769 1408 852; x_wconf 79' lang='lat' dir='ltr'>vigiliarum</span> <span class='ocrx_word' id='word_1_41' title='bbox 1425 769 1521 829; x_wconf 77' lang='lat' dir='ltr'>Pras·</span> 
     </span>
     <span class='ocr_line' id='line_1_6' title="bbox 304 864 1516 948; baseline -0.002 -18"><span class='ocrx_word' id='word_1_42' title='bbox 304 870 398 930; x_wconf 83' lang='lat' dir='ltr'>fectus</span> <span class='ocrx_word' id='word_1_43' title='bbox 408 867 487 928; x_wconf 89' lang='lat' dir='ltr'>inter</span> <span class='ocrx_word' id='word_1_44' title='bbox 498 866 676 946; x_wconf 78' lang='lat' dir='ltr'>equitatum,</span> <span class='ocrx_word' id='word_1_45' title='bbox 686 864 854 928; x_wconf 78' lang='lat' dir='ltr'>Praefcctus</span> <span class='ocrx_word' id='word_1_46' title='bbox 864 866 1037 947; x_wconf 85' lang='lat' dir='ltr'>vigiliarum</span> <span class='ocrx_word' id='word_1_47' title='bbox 1046 887 1203 948; x_wconf 83' lang='lat' dir='ltr'>supremus</span> <span class='ocrx_word' id='word_1_48' title='bbox 1213 869 1307 929; x_wconf 80' lang='lat' dir='ltr'>Briau</span> <span class='ocrx_word' id='word_1_49' title='bbox 1319 866 1516 941; x_wconf 85' lang='lat' dir='ltr'>Germanus,</span> 
     </span>
     <span class='ocr_line' id='line_1_7' title="bbox 304 962 1518 1046; baseline -0.003 -19"><span class='ocrx_word' id='word_1_50' title='bbox 304 966 347 1026; x_wconf 87' lang='lat' dir='ltr'>D.</span> <span class='ocrx_word' id='word_1_51' title='bbox 369 963 521 1026; x_wconf 83' lang='lat' dir='ltr'>Antonius</span> <span class='ocrx_word' id='word_1_52' title='bbox 538 962 649 1044; x_wconf 85' lang='lat' dir='ltr'>Ciogni</span> <span class='ocrx_word' id='word_1_53' title='bbox 668 963 824 1024; x_wconf 79' lang='lat' dir='ltr'>Romanuu</span> <span class='ocrx_word' id='word_1_54' title='bbox 843 962 1010 1025; x_wconf 79' lang='lat' dir='ltr'>Praefectus</span> <span class='ocrx_word' id='word_1_55' title='bbox 1028 963 1201 1046; x_wconf 82' lang='lat' dir='ltr'>vigiliarum</span> <span class='ocrx_word' id='word_1_56' title='bbox 1219 984 1386 1046; x_wconf 85' lang='lat' dir='ltr'>supremus,</span> <span class='ocrx_word' id='word_1_57' title='bbox 1402 964 1518 1044; x_wconf 81' lang='lat' dir='ltr'>Adju-</span> 
     </span>
     <span class='ocr_line' id='line_1_8' title="bbox 303 1058 1518 1128; baseline -0.002 -5"><span class='ocrx_word' id='word_1_58' title='bbox 303 1071 398 1124; x_wconf 86' lang='lat' dir='ltr'>tantes</span> <span class='ocrx_word' id='word_1_59' title='bbox 407 1058 1059 1128; x_wconf 83' lang='lat' dir='ltr'>Generalcsduo,scilicetPetnrsAntonius</span> <span class='ocrx_word' id='word_1_60' title='bbox 1068 1060 1250 1122; x_wconf 83' lang='lat' dir='ltr'>Orevolaret</span> <span class='ocrx_word' id='word_1_61' title='bbox 1261 1059 1518 1122; x_wconf 81' lang='lat' dir='ltr'>Bartholcmaeus</span> 
     </span>
     <span class='ocr_line' id='line_1_9' title="bbox 305 1156 1515 1246; baseline -0.002 -26"><span class='ocrx_word' id='word_1_62' title='bbox 305 1157 488 1230; x_wconf 89' lang='lat' dir='ltr'>Zannobius,</span> <span class='ocrx_word' id='word_1_63' title='bbox 498 1156 701 1246; x_wconf 66' lang='lat' dir='ltr'>septendecim</span> <span class='ocrx_word' id='word_1_64' title='bbox 714 1157 883 1238; x_wconf 80' lang='lat' dir='ltr'>capitanei,</span> <span class='ocrx_word' id='word_1_65' title='bbox 894 1166 995 1238; x_wconf 88' lang='lat' dir='ltr'>utpote</span> <span class='ocrx_word' id='word_1_66' title='bbox 1004 1157 1152 1240; x_wconf 84' lang='lat' dir='ltr'>Licurgus</span> <span class='ocrx_word' id='word_1_67' title='bbox 1162 1157 1364 1237; x_wconf 83' lang='lat' dir='ltr'>Stephanucci</span> <span class='ocrx_word' id='word_1_68' title='bbox 1373 1158 1515 1232; x_wconf 84' lang='lat' dir='ltr'>deTodi‚</span> 
     </span>
     <span class='ocr_line' id='line_1_10' title="bbox 304 1252 1516 1329; baseline -0.005 -9"><span class='ocrx_word' id='word_1_69' title='bbox 304 1258 440 1320; x_wconf 64' lang='lat' dir='ltr'>«loannes</span> <span class='ocrx_word' id='word_1_70' title='bbox 463 1253 595 1316; x_wconf 89' lang='lat' dir='ltr'>Bianchi</span> <span class='ocrx_word' id='word_1_71' title='bbox 616 1253 655 1314; x_wconf 90' lang='lat' dir='ltr'>ds</span> <span class='ocrx_word' id='word_1_72' title='bbox 679 1253 782 1328; x_wconf 86' lang='lat' dir='ltr'>Terni,</span> <span class='ocrx_word' id='word_1_73' title='bbox 804 1254 962 1316; x_wconf 78' lang='lat' dir='ltr'>Terentius</span> <span class='ocrx_word' id='word_1_74' title='bbox 986 1253 1125 1316; x_wconf 83' lang='lat' dir='ltr'>Montavi</span> <span class='ocrx_word' id='word_1_75' title='bbox 1152 1254 1190 1316; x_wconf 92' lang='lat' dir='ltr'>de</span> <span class='ocrx_word' id='word_1_76' title='bbox 1215 1252 1341 1329; x_wconf 87' lang='lat' dir='ltr'>Pesaro,</span> <span class='ocrx_word' id='word_1_77' title='bbox 1365 1255 1516 1317; x_wconf 83' lang='lat' dir='ltr'>Joannes</span> 
     </span>
     <span class='ocr_line' id='line_1_11' title="bbox 306 1349 1514 1432; baseline -0.005 -16"><span class='ocrx_word' id='word_1_78' title='bbox 306 1352 485 1416; x_wconf 88' lang='lat' dir='ltr'>Franciscns</span> <span class='ocrx_word' id='word_1_79' title='bbox 498 1349 610 1432; x_wconf 77' lang='lat' dir='ltr'>Ciogni</span> <span class='ocrx_word' id='word_1_80' title='bbox 628 1350 796 1424; x_wconf 88' lang='lat' dir='ltr'>Romanus,</span> <span class='ocrx_word' id='word_1_81' title='bbox 818 1349 1000 1412; x_wconf 86' lang='lat' dir='ltr'>Dominicus</span> <span class='ocrx_word' id='word_1_82' title='bbox 1021 1349 1139 1412; x_wconf 83' lang='lat' dir='ltr'>Gentili</span> <span class='ocrx_word' id='word_1_83' title='bbox 1159 1351 1265 1426; x_wconf 83' lang='lat' dir='ltr'>Corsa,</span> <span class='ocrx_word' id='word_1_84' title='bbox 1286 1351 1434 1412; x_wconf 86' lang='lat' dir='ltr'>Nicolaus</span> <span class='ocrx_word' id='word_1_85' title='bbox 1453 1352 1514 1413; x_wconf 88' lang='lat' dir='ltr'>Vi-</span> 
     </span>
     <span class='ocr_line' id='line_1_12' title="bbox 303 1446 1514 1529; baseline -0.004 -17"><span class='ocrx_word' id='word_1_86' title='bbox 303 1451 397 1526; x_wconf 82' lang='lat' dir='ltr'>riani,</span> <span class='ocrx_word' id='word_1_87' title='bbox 424 1449 575 1529; x_wconf 83' lang='lat' dir='ltr'>Botgarus</span> <span class='ocrx_word' id='word_1_88' title='bbox 596 1446 761 1519; x_wconf 83' lang='lat' dir='ltr'>Ansidcns,</span> <span class='ocrx_word' id='word_1_89' title='bbox 785 1447 996 1509; x_wconf 82' lang='lat' dir='ltr'>Fordinandus</span> <span class='ocrx_word' id='word_1_90' title='bbox 1016 1446 1200 1510; x_wconf 86' lang='lat' dir='ltr'>Vechisrelli</span> <span class='ocrx_word' id='word_1_91' title='bbox 1219 1449 1259 1510; x_wconf 91' lang='lat' dir='ltr'>de</span> <span class='ocrx_word' id='word_1_92' title='bbox 1282 1448 1377 1520; x_wconf 87' lang='lat' dir='ltr'>Ricti,</span> <span class='ocrx_word' id='word_1_93' title='bbox 1399 1447 1514 1509; x_wconf 78' lang='lat' dir='ltr'>Cmsar</span> 
     </span>
     <span class='ocr_line' id='line_1_13' title="bbox 306 1543 1513 1618; baseline -0.005 -8"><span class='ocrx_word' id='word_1_94' title='bbox 306 1547 401 1618; x_wconf 87' lang='lat' dir='ltr'>Betti,</span> <span class='ocrx_word' id='word_1_95' title='bbox 416 1545 527 1608; x_wconf 86' lang='lat' dir='ltr'>Petrus</span> <span class='ocrx_word' id='word_1_96' title='bbox 541 1545 639 1618; x_wconf 82' lang='lat' dir='ltr'>Nave,</span> <span class='ocrx_word' id='word_1_97' title='bbox 650 1543 692 1603; x_wconf 89' lang='lat' dir='ltr'>D.</span> <span class='ocrx_word' id='word_1_98' title='bbox 708 1543 888 1607; x_wconf 87' lang='lat' dir='ltr'>Franciscus</span> <span class='ocrx_word' id='word_1_99' title='bbox 899 1543 1032 1616; x_wconf 86' lang='lat' dir='ltr'>Csraffa,</span> <span class='ocrx_word' id='word_1_100' title='bbox 1046 1544 1141 1605; x_wconf 83' lang='lat' dir='ltr'>Belus</span> <span class='ocrx_word' id='word_1_101' title='bbox 1150 1544 1337 1617; x_wconf 81' lang='lat' dir='ltr'>Saraoinelli,</span> <span class='ocrx_word' id='word_1_102' title='bbox 1347 1545 1513 1605; x_wconf 84' lang='lat' dir='ltr'>Amadeus</span> 
     </span>
     <span class='ocr_line' id='line_1_14' title="bbox 305 1639 1512 1716; baseline -0.003 -10"><span class='ocrx_word' id='word_1_103' title='bbox 305 1646 342 1706; x_wconf 90' lang='lat' dir='ltr'>de</span> <span class='ocrx_word' id='word_1_104' title='bbox 357 1644 462 1716; x_wconf 76' lang='lat' dir='ltr'>Niara,</span> <span class='ocrx_word' id='word_1_105' title='bbox 479 1640 658 1702; x_wconf 86' lang='lat' dir='ltr'>Franciscns</span> <span class='ocrx_word' id='word_1_106' title='bbox 676 1639 785 1712; x_wconf 88' lang='lat' dir='ltr'>Poltri,</span> <span class='ocrx_word' id='word_1_107' title='bbox 798 1640 822 1703; x_wconf 88' lang='lat' dir='ltr'>J</span> <span class='ocrx_word' id='word_1_108' title='bbox 825 1660 937 1703; x_wconf 85' lang='lat' dir='ltr'>oannes</span> <span class='ocrx_word' id='word_1_109' title='bbox 951 1640 1104 1702; x_wconf 83' lang='lat' dir='ltr'>Antonius</span> <span class='ocrx_word' id='word_1_110' title='bbox 1119 1641 1209 1704; x_wconf 81' lang='lat' dir='ltr'>Fabri</span> <span class='ocrx_word' id='word_1_111' title='bbox 1225 1641 1406 1714; x_wconf 86' lang='lat' dir='ltr'>Germanus,</span> <span class='ocrx_word' id='word_1_112' title='bbox 1423 1643 1512 1702; x_wconf 86' lang='lat' dir='ltr'>Amo</span> 
     </span>
     <span class='ocr_line' id='line_1_15' title="bbox 305 1736 1512 1818; baseline -0.004 -15"><span class='ocrx_word' id='word_1_113' title='bbox 305 1740 414 1804; x_wconf 85' lang='lat' dir='ltr'>Gallus</span> <span class='ocrx_word' id='word_1_114' title='bbox 431 1739 609 1800; x_wconf 88' lang='lat' dir='ltr'>Francisous</span> <span class='ocrx_word' id='word_1_115' title='bbox 622 1737 745 1812; x_wconf 83' lang='lat' dir='ltr'>Sestiui,</span> <span class='ocrx_word' id='word_1_116' title='bbox 760 1747 870 1818; x_wconf 78' lang='lat' dir='ltr'>prester</span> <span class='ocrx_word' id='word_1_117' title='bbox 887 1736 941 1798; x_wconf 90' lang='lat' dir='ltr'>bos</span> <span class='ocrx_word' id='word_1_118' title='bbox 959 1736 1001 1798; x_wconf 95' lang='lat' dir='ltr'>D.</span> <span class='ocrx_word' id='word_1_119' title='bbox 1018 1737 1164 1800; x_wconf 81' lang='lat' dir='ltr'>Octavius</span> <span class='ocrx_word' id='word_1_120' title='bbox 1182 1738 1333 1814; x_wconf 84' lang='lat' dir='ltr'>Bonsuto,</span> <span class='ocrx_word' id='word_1_121' title='bbox 1356 1738 1398 1799; x_wconf 92' lang='lat' dir='ltr'>D.</span> <span class='ocrx_word' id='word_1_122' title='bbox 1420 1737 1512 1799; x_wconf 84' lang='lat' dir='ltr'>Mar·</span> 
     </span>
     <span class='ocr_line' id='line_1_16' title="bbox 304 1821 1510 1910; baseline -0.002 -11"><span class='ocrx_word' id='word_1_123' title='bbox 304 1821 393 1899; x_wconf 79' lang='lat' dir='ltr'>tinus</span> <span class='ocrx_word' id='word_1_124' title='bbox 408 1834 586 1896; x_wconf 89' lang='lat' dir='ltr'>Franciscns</span> <span class='ocrx_word' id='word_1_125' title='bbox 608 1832 745 1910; x_wconf 85' lang='lat' dir='ltr'>Hisaart,</span> <span class='ocrx_word' id='word_1_126' title='bbox 769 1834 853 1897; x_wconf 89' lang='lat' dir='ltr'>Baro</span> <span class='ocrx_word' id='word_1_127' title='bbox 870 1833 910 1894; x_wconf 91' lang='lat' dir='ltr'>de</span> <span class='ocrx_word' id='word_1_128' title='bbox 930 1833 1077 1896; x_wconf 81' lang='lat' dir='ltr'>Siracusis</span> <span class='ocrx_word' id='word_1_129' title='bbox 1097 1834 1214 1910; x_wconf 83' lang='lat' dir='ltr'>Gallus,</span> <span class='ocrx_word' id='word_1_130' title='bbox 1238 1835 1280 1895; x_wconf 96' lang='lat' dir='ltr'>D.</span> <span class='ocrx_word' id='word_1_131' title='bbox 1296 1835 1332 1897; x_wconf 91' lang='lat' dir='ltr'>de</span> <span class='ocrx_word' id='word_1_132' title='bbox 1350 1835 1510 1896; x_wconf 80' lang='lat' dir='ltr'>Tioriville</span> 
     </span>
     <span class='ocr_line' id='line_1_17' title="bbox 306 1930 1509 2006; baseline -0.002 -10"><span class='ocrx_word' id='word_1_133' title='bbox 306 1933 424 2005; x_wconf 86' lang='lat' dir='ltr'>Gallus,</span> <span class='ocrx_word' id='word_1_134' title='bbox 445 1930 588 1992; x_wconf 86' lang='lat' dir='ltr'>Albsrtus</span> <span class='ocrx_word' id='word_1_135' title='bbox 607 1930 709 1992; x_wconf 82' lang='lat' dir='ltr'>Adam</span> <span class='ocrx_word' id='word_1_136' title='bbox 728 1931 767 1992; x_wconf 91' lang='lat' dir='ltr'>de</span> <span class='ocrx_word' id='word_1_137' title='bbox 786 1930 947 1992; x_wconf 80' lang='lat' dir='ltr'>Transacis</span> <span class='ocrx_word' id='word_1_138' title='bbox 963 1930 1143 2006; x_wconf 84' lang='lat' dir='ltr'>Germanus,</span> <span class='ocrx_word' id='word_1_139' title='bbox 1161 1932 1270 1994; x_wconf 89' lang='lat' dir='ltr'>Comes</span> <span class='ocrx_word' id='word_1_140' title='bbox 1287 1932 1325 1994; x_wconf 88' lang='lat' dir='ltr'>de</span> <span class='ocrx_word' id='word_1_141' title='bbox 1344 1932 1509 2006; x_wconf 87' lang='lat' dir='ltr'>Ubeldini,</span> 
     </span>
     <span class='ocr_line' id='line_1_18' title="bbox 304 2017 1594 2110; baseline -0.002 -17"><span class='ocrx_word' id='word_1_142' title='bbox 304 2041 366 2093; x_wconf 87' lang='lat' dir='ltr'>tres</span> <span class='ocrx_word' id='word_1_143' title='bbox 378 2028 538 2092; x_wconf 84' lang='lat' dir='ltr'>vexilliferi</span> <span class='ocrx_word' id='word_1_144' title='bbox 550 2028 697 2109; x_wconf 88' lang='lat' dir='ltr'>equitnm,</span> <span class='ocrx_word' id='word_1_145' title='bbox 710 2037 779 2090; x_wconf 89' lang='lat' dir='ltr'>octo</span> <span class='ocrx_word' id='word_1_146' title='bbox 788 2027 946 2109; x_wconf 83' lang='lat' dir='ltr'>peditum:</span> <span class='ocrx_word' id='word_1_147' title='bbox 967 2028 1125 2090; x_wconf 86' lang='lat' dir='ltr'>tormentis</span> <span class='ocrx_word' id='word_1_148' title='bbox 1138 2029 1270 2110; x_wconf 81' lang='lat' dir='ltr'>prsesecti</span> <span class='ocrx_word' id='word_1_149' title='bbox 1283 2049 1354 2091; x_wconf 88' lang='lat' dir='ltr'>cum</span> <span class='ocrx_word' id='word_1_150' title='bbox 1364 2028 1509 2090; x_wconf 88' lang='lat' dir='ltr'>omnibus</span> <span class='ocrx_word' id='word_1_151' title='bbox 1593 2017 1594 2022; x_wconf 8' lang='grc' dir='ltr'>ἵ</span> 
     </span>
     <span class='ocr_line' id='line_1_19' title="bbox 303 2121 1509 2208; baseline -0.004 -18"><span class='ocrx_word' id='word_1_152' title='bbox 303 2127 434 2190; x_wconf 83' lang='lat' dir='ltr'>famulis.</span> <span class='ocrx_word' id='word_1_153' title='bbox 477 2125 558 2188; x_wconf 82' lang='lat' dir='ltr'>Haec</span> <span class='ocrx_word' id='word_1_154' title='bbox 569 2125 661 2208; x_wconf 78' lang='lat' dir='ltr'>plaga</span> <span class='ocrx_word' id='word_1_155' title='bbox 678 2126 850 2207; x_wconf 86' lang='lat' dir='ltr'>pontificios</span> <span class='ocrx_word' id='word_1_156' title='bbox 863 2121 1055 2187; x_wconf 81' lang='lat' dir='ltr'>vehementer</span> <span class='ocrx_word' id='word_1_157' title='bbox 1070 2124 1188 2202; x_wconf 86' lang='lat' dir='ltr'>afflixit,</span> <span class='ocrx_word' id='word_1_158' title='bbox 1203 2146 1300 2207; x_wconf 84' lang='lat' dir='ltr'>neque</span> <span class='ocrx_word' id='word_1_159' title='bbox 1318 2125 1398 2188; x_wconf 89' lang='lat' dir='ltr'>enim</span> <span class='ocrx_word' id='word_1_160' title='bbox 1415 2125 1509 2186; x_wconf 75' lang='lat' dir='ltr'>facile</span> 
     </span>
     <span class='ocr_line' id='line_1_20' title="bbox 304 2221 1594 2306; baseline -0.006 -16"><span class='ocrx_word' id='word_1_161' title='bbox 304 2226 479 2290; x_wconf 87' lang='lat' dir='ltr'>occurrebat</span> <span class='ocrx_word' id='word_1_162' title='bbox 492 2235 576 2286; x_wconf 88' lang='lat' dir='ltr'>tanto</span> <span class='ocrx_word' id='word_1_163' title='bbox 594 2224 675 2286; x_wconf 90' lang='lat' dir='ltr'>malo</span> <span class='ocrx_word' id='word_1_164' title='bbox 691 2224 870 2286; x_wconf 84' lang='lat' dir='ltr'>remedium.</span> <span class='ocrx_word' id='word_1_165' title='bbox 916 2223 1076 2284; x_wconf 82' lang='lat' dir='ltr'>Timebent</span> <span class='ocrx_word' id='word_1_166' title='bbox 1091 2222 1237 2306; x_wconf 70' lang='lat' dir='ltr'>praterea</span> <span class='ocrx_word' id='word_1_167' title='bbox 1256 2221 1397 2305; x_wconf 79' lang='lat' dir='ltr'>Peragias</span> <span class='ocrx_word' id='word_1_168' title='bbox 1417 2223 1508 2305; x_wconf 88' lang='lat' dir='ltr'>cujus</span> <span class='ocrx_word' id='word_1_169' title='bbox 1590 2269 1594 2290; x_wconf 75' lang='grc'><strong>.</strong></span> 
     </span>
     <span class='ocr_line' id='line_1_21' title="bbox 304 2318 1505 2403; baseline -0.007 -13"><span class='ocrx_word' id='word_1_170' title='bbox 304 2325 387 2390; x_wconf 88' lang='lat' dir='ltr'>cives</span> <span class='ocrx_word' id='word_1_171' title='bbox 402 2321 605 2386; x_wconf 74' lang='lat' dir='ltr'>dissidebantr</span> <span class='ocrx_word' id='word_1_172' title='bbox 635 2322 788 2403; x_wconf 86' lang='lat' dir='ltr'>proecipua</span> <span class='ocrx_word' id='word_1_173' title='bbox 806 2322 909 2401; x_wconf 89' lang='lat' dir='ltr'>itaque</span> <span class='ocrx_word' id='word_1_174' title='bbox 929 2340 1003 2383; x_wconf 90' lang='lat' dir='ltr'>cura</span> <span class='ocrx_word' id='word_1_175' title='bbox 1015 2319 1073 2382; x_wconf 89' lang='lat' dir='ltr'>suit</span> <span class='ocrx_word' id='word_1_176' title='bbox 1093 2329 1127 2383; x_wconf 87' lang='lat' dir='ltr'>ut</span> <span class='ocrx_word' id='word_1_177' title='bbox 1144 2320 1216 2383; x_wconf 83' lang='lat' dir='ltr'>noui</span> <span class='ocrx_word' id='word_1_178' title='bbox 1236 2318 1369 2383; x_wconf 84' lang='lat' dir='ltr'>delectus</span> <span class='ocrx_word' id='word_1_179' title='bbox 1385 2319 1505 2395; x_wconf 88' lang='lat' dir='ltr'>fierent,</span> 
     </span>
     <span class='ocr_line' id='line_1_22' title="bbox 304 2417 1595 2505; baseline -0.006 -19"><span class='ocrx_word' id='word_1_180' title='bbox 304 2425 449 2505; x_wconf 86' lang='lat' dir='ltr'>milesque</span> <span class='ocrx_word' id='word_1_181' title='bbox 463 2421 494 2482; x_wconf 88' lang='lat' dir='ltr'>in</span> <span class='ocrx_word' id='word_1_182' title='bbox 507 2420 671 2482; x_wconf 75' lang='lat' dir='ltr'>subsidium</span> <span class='ocrx_word' id='word_1_183' title='bbox 686 2420 934 2493; x_wconf 80' lang='lat' dir='ltr'>conscriberetur,</span> <span class='ocrx_word' id='word_1_184' title='bbox 946 2419 978 2481; x_wconf 89' lang='lat' dir='ltr'>in</span> <span class='ocrx_word' id='word_1_185' title='bbox 990 2438 1080 2501; x_wconf 90' lang='lat' dir='ltr'>quern</span> <span class='ocrx_word' id='word_1_186' title='bbox 1091 2417 1184 2479; x_wconf 85' lang='lat' dir='ltr'>finem</span> <span class='ocrx_word' id='word_1_187' title='bbox 1195 2417 1331 2499; x_wconf 87' lang='lat' dir='ltr'>pecuniis</span> <span class='ocrx_word' id='word_1_188' title='bbox 1345 2438 1419 2500; x_wconf 87' lang='lat' dir='ltr'>opus</span> <span class='ocrx_word' id='word_1_189' title='bbox 1427 2426 1503 2491; x_wconf 88' lang='lat' dir='ltr'>erat,</span> <span class='ocrx_word' id='word_1_190' title='bbox 1594 2426 1595 2429; x_wconf 76' lang='grc'>’</span> 
     </span>
     <span class='ocr_line' id='line_1_23' title="bbox 304 2513 1506 2602; baseline -0.008 -17"><span class='ocrx_word' id='word_1_191' title='bbox 304 2533 405 2585; x_wconf 89' lang='lat' dir='ltr'>actum</span> <span class='ocrx_word' id='word_1_192' title='bbox 418 2520 513 2602; x_wconf 84' lang='lat' dir='ltr'>igitur</span> <span class='ocrx_word' id='word_1_193' title='bbox 528 2538 599 2579; x_wconf 89' lang='lat' dir='ltr'>cum</span> <span class='ocrx_word' id='word_1_194' title='bbox 617 2516 832 2578; x_wconf 78' lang='lat' dir='ltr'>mercatoribus</span> <span class='ocrx_word' id='word_1_195' title='bbox 845 2526 879 2577; x_wconf 89' lang='lat' dir='ltr'>ut</span> <span class='ocrx_word' id='word_1_196' title='bbox 897 2526 1033 2577; x_wconf 89' lang='lat' dir='ltr'>trecenta</span> <span class='ocrx_word' id='word_1_197' title='bbox 1046 2525 1255 2577; x_wconf 89' lang='lat' dir='ltr'>coronatorum</span> <span class='ocrx_word' id='word_1_198' title='bbox 1277 2513 1373 2575; x_wconf 90' lang='lat' dir='ltr'>millia</span> <span class='ocrx_word' id='word_1_199' title='bbox 1392 2514 1506 2594; x_wconf 85' lang='lat' dir='ltr'>pende-</span> 
     </span>
     <span class='ocr_line' id='line_1_24' title="bbox 304 2608 1505 2695; baseline -0.007 -14"><span class='ocrx_word' id='word_1_200' title='bbox 304 2628 380 2681; x_wconf 87' lang='lat' dir='ltr'>rent.</span> <span class='ocrx_word' id='word_1_201' title='bbox 421 2614 571 2678; x_wconf 84' lang='lat' dir='ltr'>Ccllstnm</span> <span class='ocrx_word' id='word_1_202' title='bbox 583 2633 703 2695; x_wconf 89' lang='lat' dir='ltr'>quoque</span> <span class='ocrx_word' id='word_1_203' title='bbox 715 2622 874 2695; x_wconf 79' lang='lat' dir='ltr'>argentum</span> <span class='ocrx_word' id='word_1_204' title='bbox 888 2622 924 2673; x_wconf 91' lang='lat' dir='ltr'>ut</span> <span class='ocrx_word' id='word_1_205' title='bbox 936 2612 1103 2693; x_wconf 81' lang='lat' dir='ltr'>quingenta</span> <span class='ocrx_word' id='word_1_206' title='bbox 1117 2619 1329 2672; x_wconf 89' lang='lat' dir='ltr'>coronatorum</span> <span class='ocrx_word' id='word_1_207' title='bbox 1343 2608 1438 2670; x_wconf 87' lang='lat' dir='ltr'>millia</span> <span class='ocrx_word' id='word_1_208' title='bbox 1450 2630 1505 2672; x_wconf 90' lang='lat' dir='ltr'>cu·</span> 
     </span>
     <span class='ocr_line' id='line_1_25' title="bbox 305 2705 1503 2791; baseline -0.008 -13"><span class='ocrx_word' id='word_1_209' title='bbox 305 2717 459 2778; x_wconf 81' lang='lat' dir='ltr'>derantur.</span> <span class='ocrx_word' id='word_1_210' title='bbox 502 2711 550 2771; x_wconf 90' lang='lat' dir='ltr'>Ex</span> <span class='ocrx_word' id='word_1_211' title='bbox 573 2708 712 2771; x_wconf 88' lang='lat' dir='ltr'>thesauro</span> <span class='ocrx_word' id='word_1_212' title='bbox 731 2709 815 2783; x_wconf 89' lang='lat' dir='ltr'>item,</span> <span class='ocrx_word' id='word_1_213' title='bbox 839 2708 871 2771; x_wconf 87' lang='lat' dir='ltr'>iu</span> <span class='ocrx_word' id='word_1_214' title='bbox 896 2705 1030 2770; x_wconf 81' lang='lat' dir='ltr'>Castello</span> <span class='ocrx_word' id='word_1_215' title='bbox 1050 2708 1082 2770; x_wconf 84' lang='lat' dir='ltr'>S.</span> <span class='ocrx_word' id='word_1_216' title='bbox 1101 2707 1217 2791; x_wconf 82' lang='lat' dir='ltr'>Angeli</span> <span class='ocrx_word' id='word_1_217' title='bbox 1239 2708 1383 2769; x_wconf 86' lang='lat' dir='ltr'>asservari</span> <span class='ocrx_word' id='word_1_218' title='bbox 1406 2707 1503 2785; x_wconf 84' lang='lat' dir='ltr'>solito,</span> 
     </span>
     <span class='ocr_line' id='line_1_26' title="bbox 305 2803 1502 2877; baseline -0.01 -1"><span class='ocrx_word' id='word_1_219' title='bbox 305 2814 483 2876; x_wconf 86' lang='lat' dir='ltr'>eximeretur</span> <span class='ocrx_word' id='word_1_220' title='bbox 496 2808 642 2871; x_wconf 88' lang='lat' dir='ltr'>dimidius</span> <span class='ocrx_word' id='word_1_221' title='bbox 660 2806 724 2869; x_wconf 87' lang='lat' dir='ltr'>auri</span> <span class='ocrx_word' id='word_1_222' title='bbox 745 2805 852 2867; x_wconf 92' lang='lat' dir='ltr'>millio.</span> <span class='ocrx_word' id='word_1_223' title='bbox 895 2804 1053 2866; x_wconf 84' lang='lat' dir='ltr'>Iustabant</span> <span class='ocrx_word' id='word_1_224' title='bbox 1073 2805 1188 2866; x_wconf 85' lang='lat' dir='ltr'>interes</span> <span class='ocrx_word' id='word_1_225' title='bbox 1207 2803 1304 2877; x_wconf 84' lang='lat' dir='ltr'>Galli,</span> <span class='ocrx_word' id='word_1_226' title='bbox 1328 2814 1358 2867; x_wconf 92' lang='lat' dir='ltr'>et</span> <span class='ocrx_word' id='word_1_227' title='bbox 1376 2803 1502 2865; x_wconf 80' lang='lat' dir='ltr'>Trianm</span> 
     </span>
     <span class='ocr_line' id='line_1_27' title="bbox 304 2900 1504 2984; baseline -0.009 -12"><span class='ocrx_word' id='word_1_228' title='bbox 304 2906 545 2972; x_wconf 71' lang='lat' dir='ltr'>constantissime</span> <span class='ocrx_word' id='word_1_229' title='bbox 569 2903 789 2984; x_wconf 73' lang='lat' dir='ltr'>fortissimeque</span> <span class='ocrx_word' id='word_1_230' title='bbox 814 2902 966 2984; x_wconf 89' lang='lat' dir='ltr'>petebant,</span> <span class='ocrx_word' id='word_1_231' title='bbox 991 2900 1029 2962; x_wconf 90' lang='lat' dir='ltr'>ad</span> <span class='ocrx_word' id='word_1_232' title='bbox 1051 2902 1134 2981; x_wconf 89' lang='lat' dir='ltr'>quod</span> <span class='ocrx_word' id='word_1_233' title='bbox 1158 2922 1193 2963; x_wconf 86' lang='lat' dir='ltr'>ex</span> <span class='ocrx_word' id='word_1_234' title='bbox 1216 2911 1345 2982; x_wconf 91' lang='lat' dir='ltr'>quatuor</span> <span class='ocrx_word' id='word_1_235' title='bbox 1369 2901 1504 2982; x_wconf 91' lang='lat' dir='ltr'>partibus</span> 
     </span>
     <span class='ocr_line' id='line_1_28' title="bbox 304 2996 1504 3090; baseline -0.01 -21"><span class='ocrx_word' id='word_1_236' title='bbox 304 3008 453 3090; x_wconf 86' lang='lat' dir='ltr'>majorum</span> <span class='ocrx_word' id='word_1_237' title='bbox 473 3014 691 3066; x_wconf 87' lang='lat' dir='ltr'>tormentorum</span> <span class='ocrx_word' id='word_1_238' title='bbox 711 3000 843 3082; x_wconf 89' lang='lat' dir='ltr'>impulsu</span> <span class='ocrx_word' id='word_1_239' title='bbox 858 2997 1001 3059; x_wconf 65' lang='lat' dir='ltr'>continue</span> <span class='ocrx_word' id='word_1_240' title='bbox 1021 2996 1206 3073; x_wconf 84' lang='lat' dir='ltr'>laborabant,</span> <span class='ocrx_word' id='word_1_241' title='bbox 1227 3018 1284 3059; x_wconf 83' lang='lat' dir='ltr'>nec</span> <span class='ocrx_word' id='word_1_242' title='bbox 1300 2998 1401 3059; x_wconf 90' lang='lat' dir='ltr'>minus</span> <span class='ocrx_word' id='word_1_243' title='bbox 1420 2997 1504 3057; x_wconf 91' lang='lat' dir='ltr'>euni·</span> 
     </span>
     <span class='ocr_line' id='line_1_29' title="bbox 304 3094 1503 3180; baseline -0.013 -11"><span class='ocrx_word' id='word_1_244' title='bbox 304 3104 381 3169; x_wconf 88' lang='lat' dir='ltr'>culis</span> <span class='ocrx_word' id='word_1_245' title='bbox 400 3101 591 3171; x_wconf 88' lang='lat' dir='ltr'>infestabant,</span> <span class='ocrx_word' id='word_1_246' title='bbox 604 3118 732 3180; x_wconf 88' lang='lat' dir='ltr'>quorum</span> <span class='ocrx_word' id='word_1_247' title='bbox 747 3096 831 3158; x_wconf 87' lang='lat' dir='ltr'>felici</span> <span class='ocrx_word' id='word_1_248' title='bbox 844 3114 984 3157; x_wconf 88' lang='lat' dir='ltr'>successu</span> <span class='ocrx_word' id='word_1_249' title='bbox 1004 3094 1125 3155; x_wconf 87' lang='lat' dir='ltr'>hiatus</span> <span class='ocrx_word' id='word_1_250' title='bbox 1117 3115 1149 3156; x_wconf 86' lang='grc' dir='ltr'>ιιι</span> <span class='ocrx_word' id='word_1_251' title='bbox 1168 3105 1299 3155; x_wconf 88' lang='lat' dir='ltr'>castrum</span> <span class='ocrx_word' id='word_1_252' title='bbox 1315 3104 1435 3175; x_wconf 86' lang='lat' dir='ltr'>apertus</span> <span class='ocrx_word' id='word_1_253' title='bbox 1450 3105 1503 3167; x_wconf 90' lang='lat' dir='ltr'>est,</span> 
     </span>
    </p>
   </div>
   <div class='ocr_carea' id='block_1_3' title="bbox 302 3190 1502 3768">
    <p class='ocr_par' dir='ltr' id='par_1_3' title="bbox 302 3190 1502 3473">
     <span class='ocr_line' id='line_1_30' title="bbox 304 3190 1502 3282; baseline -0.012 -18"><span class='ocrx_word' id='word_1_254' title='bbox 304 3202 383 3264; x_wconf 90' lang='lat' dir='ltr'>unde</span> <span class='ocrx_word' id='word_1_255' title='bbox 399 3198 571 3282; x_wconf 77' lang='lat' dir='ltr'>paulopost</span> <span class='ocrx_word' id='word_1_256' title='bbox 586 3196 717 3278; x_wconf 90' lang='lat' dir='ltr'>impetus</span> <span class='ocrx_word' id='word_1_257' title='bbox 732 3195 903 3264; x_wconf 87' lang='lat' dir='ltr'>adornatus,</span> <span class='ocrx_word' id='word_1_258' title='bbox 921 3192 973 3257; x_wconf 87' lang='lat' dir='ltr'>sed</span> <span class='ocrx_word' id='word_1_259' title='bbox 989 3210 1100 3273; x_wconf 79' lang='lat' dir='ltr'>magno</span> <span class='ocrx_word' id='word_1_260' title='bbox 1116 3191 1275 3253; x_wconf 85' lang='lat' dir='ltr'>Gallorum</span> <span class='ocrx_word' id='word_1_261' title='bbox 1294 3190 1502 3262; x_wconf 85' lang='lat' dir='ltr'>incommodo;</span> 
     </span>
     <span class='ocr_line' id='line_1_31' title="bbox 303 3287 1501 3381; baseline -0.012 -20"><span class='ocrx_word' id='word_1_262' title='bbox 303 3300 414 3381; x_wconf 88' lang='lat' dir='ltr'>quippe</span> <span class='ocrx_word' id='word_1_263' title='bbox 436 3296 524 3357; x_wconf 89' lang='lat' dir='ltr'>unico</span> <span class='ocrx_word' id='word_1_264' title='bbox 543 3292 596 3354; x_wconf 94' lang='lat' dir='ltr'>illo</span> <span class='ocrx_word' id='word_1_265' title='bbox 610 3293 725 3355; x_wconf 86' lang='lat' dir='ltr'>assultu</span> <span class='ocrx_word' id='word_1_266' title='bbox 742 3290 900 3372; x_wconf 78' lang='lat' dir='ltr'>quingenti</span> <span class='ocrx_word' id='word_1_267' title='bbox 913 3288 1037 3352; x_wconf 90' lang='lat' dir='ltr'>omnino</span> <span class='ocrx_word' id='word_1_268' title='bbox 1055 3288 1217 3370; x_wconf 88' lang='lat' dir='ltr'>perierunt,</span> <span class='ocrx_word' id='word_1_269' title='bbox 1231 3289 1310 3351; x_wconf 89' lang='lat' dir='ltr'>iuter</span> <span class='ocrx_word' id='word_1_270' title='bbox 1328 3307 1405 3369; x_wconf 88' lang='lat' dir='ltr'>quos</span> <span class='ocrx_word' id='word_1_271' title='bbox 1424 3287 1501 3349; x_wconf 92' lang='lat' dir='ltr'>colo-</span> 
     </span>
     <span class='ocr_line' id='line_1_32' title="bbox 302 3388 866 3473; baseline -0.018 -14"><span class='ocrx_word' id='word_1_272' title='bbox 302 3398 400 3459; x_wconf 87' lang='lat' dir='ltr'>nellus</span> <span class='ocrx_word' id='word_1_273' title='bbox 412 3414 491 3456; x_wconf 89' lang='lat' dir='ltr'>nnus</span> <span class='ocrx_word' id='word_1_274' title='bbox 504 3402 535 3455; x_wconf 90' lang='lat' dir='ltr'>et</span> <span class='ocrx_word' id='word_1_275' title='bbox 547 3390 693 3452; x_wconf 89' lang='lat' dir='ltr'>tredecim</span> <span class='ocrx_word' id='word_1_276' title='bbox 706 3388 866 3473; x_wconf 88' lang='lat' dir='ltr'>capitanei.</span> 
     </span>
    </p>

    <p class='ocr_par' dir='ltr' id='par_1_4' title="bbox 302 3480 1497 3675">
     <span class='ocr_line' id='line_1_33' title="bbox 343 3480 1497 3570; baseline -0.011 -14"><span class='ocrx_word' id='word_1_277' title='bbox 343 3494 411 3556; x_wconf 89' lang='lat' dir='ltr'>Nec</span> <span class='ocrx_word' id='word_1_278' title='bbox 430 3489 526 3553; x_wconf 77' lang='lat' dir='ltr'>multo</span> <span class='ocrx_word' id='word_1_279' title='bbox 544 3499 612 3570; x_wconf 87' lang='lat' dir='ltr'>post</span> <span class='ocrx_word' id='word_1_280' title='bbox 626 3488 690 3549; x_wconf 91' lang='lat' dir='ltr'>duo</span> <span class='ocrx_word' id='word_1_281' title='bbox 705 3486 815 3548; x_wconf 88' lang='lat' dir='ltr'>iterum</span> <span class='ocrx_word' id='word_1_282' title='bbox 835 3485 966 3567; x_wconf 87' lang='lat' dir='ltr'>impetus</span> <span class='ocrx_word' id='word_1_283' title='bbox 984 3482 1048 3545; x_wconf 88' lang='lat' dir='ltr'>dati</span> <span class='ocrx_word' id='word_1_284' title='bbox 1067 3480 1224 3562; x_wconf 89' lang='lat' dir='ltr'>inquibus</span> <span class='ocrx_word' id='word_1_285' title='bbox 1243 3482 1343 3544; x_wconf 88' lang='lat' dir='ltr'>denuo</span> <span class='ocrx_word' id='word_1_286' title='bbox 1355 3481 1497 3564; x_wconf 86' lang='lat' dir='ltr'>quadrin-</span> 
     </span>
     <span class='ocr_line' id='line_1_34' title="bbox 302 3576 1249 3675; baseline -0.015 -22"><span class='ocrx_word' id='word_1_287' title='bbox 302 3591 386 3675; x_wconf 85' lang='lat' dir='ltr'>genti</span> <span class='ocrx_word' id='word_1_288' title='bbox 398 3589 616 3661; x_wconf 89' lang='lat' dir='ltr'>occubuerunt,</span> <span class='ocrx_word' id='word_1_289' title='bbox 631 3582 798 3665; x_wconf 85' lang='lat' dir='ltr'>octingenti</span> <span class='ocrx_word' id='word_1_290' title='bbox 812 3600 884 3643; x_wconf 83' lang='lat' dir='ltr'>vero</span> <span class='ocrx_word' id='word_1_291' title='bbox 897 3602 957 3641; x_wconf 91' lang='lat' dir='ltr'>non</span> <span class='ocrx_word' id='word_1_292' title='bbox 972 3580 1077 3642; x_wconf 83' lang='lat' dir='ltr'>leviter</span> <span class='ocrx_word' id='word_1_293' title='bbox 1090 3576 1249 3641; x_wconf 83' lang='lat' dir='ltr'>vulnerati.</span> 
     </span>
    </p>

    <p class='ocr_par' dir='ltr' id='par_1_5' title="bbox 343 3675 1496 3768">
     <span class='ocr_line' id='line_1_35' title="bbox 343 3675 1496 3768; baseline -0.008 -20"><span class='ocrx_word' id='word_1_294' title='bbox 343 3687 426 3760; x_wconf 87' lang='lat' dir='ltr'>Quin</span> <span class='ocrx_word' id='word_1_295' title='bbox 452 3696 483 3748; x_wconf 87' lang='lat' dir='ltr'>et</span> <span class='ocrx_word' id='word_1_296' title='bbox 503 3680 681 3768; x_wconf 82' lang='lat' dir='ltr'>gravissimd</span> <span class='ocrx_word' id='word_1_297' title='bbox 705 3681 816 3742; x_wconf 90' lang='lat' dir='ltr'>damna</span> <span class='ocrx_word' id='word_1_298' title='bbox 839 3677 930 3759; x_wconf 75' lang='lat' dir='ltr'>paulo</span> <span class='ocrx_word' id='word_1_299' title='bbox 950 3686 1016 3758; x_wconf 90' lang='lat' dir='ltr'>post</span> <span class='ocrx_word' id='word_1_300' title='bbox 1034 3696 1070 3738; x_wconf 83' lang='lat' dir='ltr'>ex</span> <span class='ocrx_word' id='word_1_301' title='bbox 1092 3675 1236 3738; x_wconf 89' lang='lat' dir='ltr'>cuniculo</span> <span class='ocrx_word' id='word_1_302' title='bbox 1253 3686 1414 3739; x_wconf 77' lang='lat' dir='ltr'>retrorsum</span> <span class='ocrx_word' id='word_1_303' title='bbox 1435 3688 1496 3739; x_wconf 89' lang='lat' dir='ltr'>acto</span> 
     </span>
    </p>
   </div>
   <div class='ocr_carea' id='block_1_4' title="bbox 0 0 1618 4700">
    <p class='ocr_par' dir='ltr' id='par_1_6' title="bbox 0 0 1618 4700">
     <span class='ocr_line' id='line_1_36' title="bbox 0 0 1618 4700; baseline 0 2"><span class='ocrx_word' id='word_1_304' title='bbox 0 0 1618 4700; x_wconf 95' lang='lat' dir='ltr'> </span> 
     </span>
    </p>
   </div>
  </div>
 </body>
</html>
