3225 4700
515 357 921 428 ITINERARIUM.
1237 361 1300 425 307

99 508 187 582 sessi,
206 518 295 591 atque
316 511 357 573 ad
377 513 560 575 deditionem
571 516 721 597 paulatim
738 524 924 599 cogerentur.
961 515 1154 598 Quapropter
1172 511 1298 575 consilio

98 614 207 667 111111
225 606 438 682 deliberarunt,
455 629 516 689 qua
533 612 646 673 ratione
665 632 756 693 quam
773 612 957 673 maturrime
975 611 1121 685 ferrentur
1139 610 1292 691 suppetiae‚

98 722 179 781 quas
195 703 261 764 sinc
279 725 383 788 pugna
399 704 560 768 difficulter
577 708 712 788 praestari
729 728 814 788 posse
833 707 996 782 constabat,
1017 706 1195 769 unanimiter
1214 706 1293 767 ferro

96 800 355 882 perrumpendum
368 820 433 863 esse
446 812 632 864 censuerunt.
672 804 719 865 Es
731 813 852 885 propter
864 813 971 884 quarta
983 804 1101 866 decima
1116 804 1166 865 die
1183 802 1293 863 mensis

95 892 125 954 J
126 894 192 955 unii
211 904 306 957 castra
325 896 423 959 subito
444 905 576 973 movent,
597 918 634 959 ac
653 898 770 961 diurnis
789 899 1010 979 nocturnisque,
1033 900 1188 961 itineribus
1209 906 1291 959 recta

95 989 349 1053 Wolfenbutbum
362 993 563 1056 contendunt:
584 1016 644 1076 quo
656 997 761 1057 eodem
775 996 918 1058 Snecicus
934 996 1023 1057 etiam
1037 997 1185 1057 exercitus
1198 1014 1287 1076 quem

94 1084 336 1149 Caesanancmm
344 1088 468 1149 consssia
476 1108 536 1151 non
546 1090 668 1152 omnino
678 1090 818 1166 latebant,
829 1082 946 1173 magnis
959 1092 1093 1172 passibus
1107 1091 1287 1172 properavit,

95 1182 142 1244 ita
154 1192 188 1244 ut
200 1184 319 1245 decimo
332 1194 414 1266 septo
428 1186 502 1247 dicti
511 1187 622 1248 mensis
632 1188 721 1248 ambo
730 1187 878 1249 exercitus
888 1208 947 1249 non
959 1187 1063 1268 procul
1075 1185 1287 1247 Wolfcnbutho

93 1278 281 1341 substiterint
291 1290 380 1361 atque
391 1301 428 1343 ex
437 1279 494 1342 bac
504 1282 628 1362 quidem
637 1281 883 1363 parteCaesareae‚
892 1303 930 1344 ex
937 1283 1063 1345 adversa
1070 1282 1140 1343 verb
1153 1281 1286 1342 Sueoicae

94 1375 192 1455 copia
205 1395 275 1436 cum
288 1377 517 1453 confoederatis3
539 1378 589 1439 hle
602 1398 663 1439 non
675 1378 730 1440 diu
740 1379 942 1440 cunctandum
955 1378 1021 1454 rati,
1033 1378 1175 1459 postridie
1185 1376 1286 1439 01111-

91 1470 174 1531 muni
185 1470 301 1533 bostem
311 1471 391 1533 intra
399 1492 453 1533 sna
464 1472 650 1536 munimenta
658 1474 860 1555 quesiverunt
869 1483 899 1536 et
912 1475 1144 1537 summivirtute
1154 1471 1286 1556 aggressi
1343 1514 1347 1524 ·

91 1574 175 1642 sunt,
189 1587 251 1628 non
261 1567 326 1629 sinc
338 1568 458 1648 copioso
470 1568 626 1649 utrimque
640 1570 732 1651 pertis
745 1572 901 1653 sanguine.
944 1570 1014 1643 Qua
1029 1572 1188 1653 inpugna,
1203 1570 1282 1651 capti

89 1671 165 1723 aunt
176 1661 349 1724 0111111111
363 1662 489 1746 Galling
501 1673 532 1726 et
545 1664 717 1727 Oolonellus
736 1665 936 1749 Hugenbaok,
951 1675 1075 1747 uterque
1093 1666 1284 1729 1111101111-

89 1780 160 1821 reos
183 1759 324 1834 militans,
348 1760 441 1822 occisi
463 1780 536 1822 vero
554 1760 676 1841 plurimi
699 1782 737 1823 ex
763 1761 979 1843 Imperatoriis.
1021 1761 1082 1823 Sed
1102 1782 1157 1824 nec
1178 1762 1283 1823 Suecis

88 1865 205 1937 strages
227 1856 333 1917 borum
353 1856 484 1938 impunis
503 1857 571 1932 fnit,
595 1857 799 1918 occubuerunt
820 1857 901 1918 enim
920 1877 957 1917 ex
977 1856 1136 1938 praecipuis
1156 1858 1281 1919 ducibus

89 1953 206 2034 plures,
216 1974 252 2016 ac
265 1955 343 2016 iuter
356 1953 430 2015 alios
443 1953 553 2016 Comes
566 1954 606 2015 de
621 1954 724 2016 Hadia
738 1953 886 2015 Colonelli
898 1954 970 2015 item
981 1952 1139 2016 Geseekhe
1153 1962 1183 2015 et
1195 1954 1281 2035 Ζη-

133 2146 197 2207 Hic
211 2167 281 2209 cum
294 2146 565 2208 animadverterent
577 2145 745 2226 imperiales
757 2164 823 2207 eam
835 2166 944 2228 pugnae
959 2146 1105 2207 rationem
1117 2164 1186 2205 cum
1198 2152 1280 2205 tanto

88 2244 221 2306 militum
235 2244 392 2326 dispendio
405 2262 465 2304 non
479 2262 542 2303 esse
556 2243 572 2303 ὲ
587 2242 674 2304 rebus
686 2242 758 2316 suis,
771 2242 905 2323 receptui
915 2242 1088 2303 cecinerunt
1096 2249 1126 2301 et
1134 2238 1279 2322 vigesima

87 2353 197 2424 quarta
209 2342 233 2406 J
233 2343 297 2404 unii
311 2342 365 2404 sub
376 2350 495 2403 noctem
509 2339 712 2422 Scboningam
725 2339 889 2403 redierunt.
909 2336 1155 2400 Wolfenbuthum
1167 2335 1279 2397 interea

86 2441 196 2522 majori
209 2441 241 2501 in
254 2440 319 2501 dies
331 2459 418 2520 aquae
430 2438 597 2500 secretione
610 2437 805 2519 affligebatur.
848 2437 925 2509 Quas
941 2435 1028 2496 sicuti
1044 2432 1195 2512 indigenis
1214 2450 1276 2492 mo·
1399 2517 1403 2528 Ι

87 2536 164 2597 leste
182 2547 254 2609 1111,
275 2537 318 2598 ita
338 2533 609 2597 Brunsvicensibus
630 2543 661 2594 et
678 2532 977 2614 circumjacentibus
994 2527 1111 2610 oppidis
1131 2546 1274 2609 perquam

88 2632 289 2708 incommoda,
308 2641 453 2713 quantum
468 2629 549 2690 enim
561 2649 647 2710 aqnae
661 2630 821 2711 cogebatur
834 2630 865 2689 in
886 2637 1026 2702 castrum,
1039 2633 1156 2687 tantum
1173 2643 1275 2685 neces-

86 2729 173 2790 sariis
184 2729 286 2790 usibus
299 2728 487 2789 adimebatur
500 2726 615 2809 patriar,
632 2726 718 2807 cujus
735 2724 855 2786 defectu
871 2743 997 2785 11111111
1015 2719 1204 2784 difficultates
1219 2739 1273 2780 au·

87 2824 257 2906 gesceth
271 2843 341 2885 cum
354 2843 411 2884 nec
423 2823 520 2884 111111
532 2822 634 2883 baberi
647 2828 746 2902 posset
758 2840 795 2881 ex
808 2819 1047 2882 molendinorum
1061 2817 1205 2892 siccitate,
1219 2836 1275 2877 nec

86 2920 238 2995 cerevisia,
253 2929 341 3000 potus
353 2918 457 3001 patria
471 2920 606 2993 usitatus,
624 2916 787 2999 praeparari
805 2936 843 2977 ex
860 2934 946 2997 aquae
963 2913 1073 2995 inopii,
1115 2913 1271 2993 Aquarium

84 3015 218 3077 defectus
230 3014 396 3076 communis
409 3015 542 3075 omnium
556 3021 620 3075 erat
633 3011 762 3093 querele.
794 3009 1002 3073 Wolfenbutbi
1014 3009 1175 3070 interimet
1188 3007 1273 3088 penis

84 3122 116 3173 et
128 3119 215 3193 potus
228 3119 291 3172 erat
305 3109 404 3171 adbuc
417 3118 482 3171 tum
495 3108 690 3183 abnndantia,
704 3116 735 3169 et
752 3127 792 3169 ne
809 3107 841 3168 in
858 3115 1007 3188 posterum
1028 3113 1113 3177 esset,
1132 3101 1272 3164 sollicita·

82 3209 171 3269 batur
183 3207 288 3268 merito
301 3204 591 3287 Rauschenbergius,
606 3205 658 3284 qui
670 3203 739 3265 ideo
751 3223 805 3284 per
819 3221 987 3285 praeconem
1004 3199 1118 3284 praevio
1134 3197 1271 3280 tympani

83 3304 182 3366 sonitu
195 3301 370 3384 proclamari
377 3302 479 3384 jussit,
490 3311 524 3362 nt
533 3301 586 3381 qui
596 3300 629 3361 in
639 3318 752 3360 annum
763 3307 928 3359 comeatum
940 3317 1000 3359 non
1013 3297 1144 3369 haberet,
1155 3295 1270 3354 mature

83 3408 181 3461 castro
192 3398 358 3469 excederet,
375 3397 409 3459 ld
427 3397 509 3478 qnod
527 3396 546 3458 d
565 3395 668 3456 multis
685 3393 862 3456 factitatum.
905 3394 989 3454 Dum
1006 3411 1078 3454 vero
1097 3389 1186 3453 Sueci
1200 3409 1270 3450 cum

83 3493 289 3556 confoedcratis
300 3493 398 3556 Gallis
406 3501 535 3576 pergunt
542 3491 717 3553 continuare
724 3489 921 3563 obsidionem,
930 3487 1027 3550 omnis
1037 3488 1270 3569 circumquaque

83 3591 234 3652 districtus
247 3609 364 3671 pessum
381 3589 455 3652 ibct.
497 3588 628 3650 Nomine
645 3593 793 3649 statuente
807 3583 895 3647 malis
910 3584 1058 3647 remedio:
1078 3583 1269 3667 nequeenim

82 3685 120 3747 ob
133 3684 237 3748 militis
249 3685 436 3748 insolentiam
451 3693 531 3747 11111
542 3683 638 3746 excoli
650 3689 776 3771 poterat,
795 3699 852 3742 nce
868 3679 930 3742 ulla
946 3699 1073 3762 usquam
1083 3678 1272 3743 ‘commercia
