3225 4700
322 325 386 391 398
727 328 753 392 Ι
758 327 859 397 ΤΙΝ
862 328 1047 398 ERARI
1054 326 1138 396 UM.

323 482 481 554 Thomam,
495 482 547 562 qui
566 483 604 543 de
621 483 755 564 periculo
767 485 931 548 deditionis
945 485 1247 557 commonefacerent,
1261 483 1314 545 sed
1327 483 1399 564 quia
1414 481 1467 544 rei
1483 491 1527 543 ta·
1581 545 1582 572 ,

321 579 465 642 belliones
484 581 760 662 intercipiebantur,
778 583 828 645 rel
846 584 944 646 redire
960 605 1020 645 nou
1038 593 1188 664 poterant,
1207 584 1260 665 qui
1279 603 1458 664 responsum
1481 601 1528 641 re·
1581 573 1582 618 i

321 677 433 740 ferrent
451 677 586 740 accensis
604 690 698 741 noctu
718 680 841 762 ignibus
860 681 1124 763 praesentissimam
1145 680 1351 742 necessitatem
1369 681 1401 740 in
1422 679 1527 739 amica

321 785 420 836 castra
432 776 652 859 significarunt.
695 778 900 841 Commodum
914 779 1017 840 eodem
1033 788 1166 860 tempore
1181 778 1328 858 Princeps
1339 777 1475 837 Thomas
1487 795 1526 836 ex

323 871 433 934 Galliis
446 873 596 954 suppetias
605 874 752 936 adductas
769 895 833 937 esse
849 874 1007 936 audiverat
1020 877 1119 952 (erant
1135 875 1313 936 selectorum
1325 873 1461 934 militum
1478 873 1525 932 bis

321 970 404 1031 mille
412 972 577 1052 quingenta
586 973 699 1053 capitu)
707 973 1132 1053 quibuscumadliberandum
1142 972 1296 1034 obsidione
1308 980 1439 1032 cestrum
1457 991 1525 1031 sese

321 1067 464 1128 accinxit.
499 1067 682 1130 Convocatis
691 1090 764 1152 ergo
772 1069 900 1130 ducibus
914 1079 944 1130 et
957 1069 996 1130 ad
1006 1089 1069 1129 rem
1081 1069 1196 1131 fortiter
1205 1068 1354 1152 agendam
1366 1067 1524 1138 animatis,

322 1165 485 1226 exercitum
505 1166 667 1228 duodecim
683 1167 806 1228 omnino
828 1165 956 1226 millium
974 1165 1079 1228 eduxit
1095 1167 1126 1226 in
1147 1185 1287 1246 campum
1304 1175 1334 1226 et
1349 1164 1388 1224 ad
1409 1163 1523 1222 Nisam

322 1263 482 1343 promovit,
499 1264 562 1324 und
578 1284 647 1325 cnm
666 1284 776 1327 novem
794 1265 950 1325 tormentis
966 1263 1152 1325 currulibns:
1172 1283 1208 1324 ac
1221 1264 1282 1344 ipse
1296 1262 1419 1343 quidem
1434 1262 1524 1342 prin-

321 1379 392 1442 ceps
405 1381 475 1420 cnm
488 1360 572 1422 omni
586 1360 719 1441 equitatu
729 1360 877 1422 Seriviam
891 1361 1005 1421 flumen
1018 1360 1136 1440 trajecit
1149 1358 1275 1420 sollicite
1289 1357 1403 1419 tardius
1416 1357 1523 1418 subse·

321 1467 464 1538 quantem
476 1457 640 1539 peditatum
650 1467 821 1538 expectans,
834 1458 885 1539 qui
900 1458 974 1520 dum
986 1457 1070 1518 abest
1082 1456 1212 1539 longius,
1223 1464 1253 1518 et
1266 1457 1380 1519 tardius
1395 1475 1523 1538 progre-

322 1554 416 1628 ditur,
435 1553 537 1636 plurid
555 1563 730 1636 tempestate
745 1555 919 1636 impeditus,
938 1554 1084 1635 paulatim
1104 1553 1217 1614 flumen
1236 1554 1321 1634 aquis
1333 1565 1475 1635 augetur,
1492 1561 1524 1612 et

321 1651 353 1712 in
368 1660 484 1711 tantum
499 1651 652 1724 excrescit,
662 1652 812 1713 utmodus
822 1651 922 1712 nulius
932 1661 1008 1712 esset
1017 1649 1187 1731 trajiciendi
1196 1650 1227 1710 iu
1241 1650 1397 1711 adversam
1409 1651 1520 1730 ripam.

323 1745 384 1808 His
397 1748 440 1807 ita
453 1747 633 1817 constitutis,
647 1768 679 1808 se
697 1749 815 1808 munire
834 1747 990 1828 tantisper,
1005 1747 1078 1808 dum
1097 1766 1183 1828 aqaae
1199 1748 1395 1819 remitterent,
1409 1745 1522 1827 incipit

320 1844 418 1918 miles,
433 1865 472 1905 ne
485 1846 545 1926 qud
558 1843 688 1906 hostium
707 1845 931 1906 incursionibus
949 1853 1073 1926 pateret,
1092 1845 1175 1924 quod
1191 1853 1290 1904 tamen
1309 1853 1371 1904 tam
1389 1842 1522 1905 sollicite

320 1942 418 2003 iacere
431 1963 490 2004 non
506 1942 613 2023 potnit,
623 1941 697 2023 quin
711 1941 905 2004 dGermanis
918 1941 1088 2024 legionibus
1103 1952 1133 2002 et
1143 1941 1262 2003 rusticis
1275 1939 1387 2001 accolis
1395 1939 1522 2002 vellica·

321 2049 404 2099 retur
422 2047 452 2100 et
467 2058 558 2120 snpra
576 2048 723 2099 trecentos
738 2047 950 2099 sternerentur.
994 2037 1115 2099 Interea
1132 2037 1307 2099 remiserant
1326 2057 1414 2118 aquae
1437 2038 1523 2118 pius·

321 2134 436 2209 culum,
462 2136 680 2216 trajeceratque
705 2136 855 2217 peditatus
878 2136 934 2196 sub
957 2135 1248 2197 sextumdecimum
1275 2135 1364 2206 Maii,
1393 2137 1522 2216 quando

322 2229 471 2313 Princeps
484 2232 614 2292 Thomas
627 2252 696 2294 cnm
711 2232 800 2314 pleno
814 2233 947 2294 exercitu
960 2231 1126 2292 Portonam
1139 2251 1242 2293 versus
1253 2232 1347 2293 movit
1357 2241 1522 2294 conaturus

320 2329 404 2390 omni
415 2328 569 2410 impendio
582 2329 708 2392 liberare
721 2331 865 2392 obsessos.
909 2329 1075 2391 Harebant
1089 2329 1222 2411 Hispani
1235 2328 1316 2390 iutra
1330 2330 1521 2391 munimenta

320 2446 374 2487 sua
385 2428 453 2499 tuti,
464 2427 503 2487 ad
513 2448 590 2509 quos
600 2427 732 2489 difficilis
741 2428 869 2489 dabatur
877 2447 1023 2497 accessus,
1033 2438 1064 2489 et
1073 2426 1145 2487 licet
1152 2428 1305 2507 copiosum
1315 2438 1519 2487 commeatum

320 2526 517 2605 interceptum
532 2526 697 2586 audiissent
709 2526 747 2586 ab
761 2525 940 2587 adversariis
951 2524 1057 2587 turmis
1069 2522 1147 2584 nihil
1160 2534 1260 2585 nmen
1275 2524 1458 2604 eproposito
1473 2545 1520 2584 re·

320 2621 473 2691 miserant,
488 2624 561 2682 certi
575 2620 624 2681 vel
638 2642 724 2702 passo
742 2622 833 2703 potiri
848 2622 894 2683 vel
909 2621 1039 2704 gloriose
1054 2622 1158 2683 emori.
1201 2620 1280 2682 Cum
1296 2620 1390 2701 igitur
1403 2622 1518 2682 obsessi

319 2718 514 2800 pertinaciam
529 2717 731 2779 obsidentium
749 2719 1025 2780 animadverterent
1041 2718 1097 2779 sub
1109 2717 1289 2800 vigesimum
1302 2728 1421 2779 sextum
1437 2718 1517 2780 Maii

319 2814 432 2895 pacisci
446 2824 590 2895 ceperunt
601 2834 637 2875 ac
652 2824 769 2896 postero
781 2816 832 2877 die
847 2826 936 2897 pacta
949 2814 1168 2889 concluserunt,
1180 2824 1212 2876 ut
1225 2814 1340 2876 scilicet
1349 2836 1418 2877 cnm
1431 2816 1517 2878 omni

319 2910 499 2973 solennitate
517 2912 640 2972 militari
661 2912 883 2993 egrederentur.
925 2912 1108 2995 Egressique
1123 2925 1194 2974 sunt
1211 2914 1290 2973 1300
1306 2913 1370 2973 sani
1391 2912 1514 2988 milites,

319 3007 439 3069 ducenti
452 3008 523 3069 verb
534 3007 647 3068 infirmi
657 3020 687 3069 et
699 3007 859 3081 vulnerati,
869 3029 939 3070 cum
953 3018 1081 3089 quatuor
1093 3010 1248 3071 tormentis
1258 3030 1293 3071 ac
1303 3010 1444 3071 omnibus
1457 3010 1516 3070 im·

317 3105 510 3186 pedimentis,
525 3115 666 3185 rectaque
680 3106 720 3166 ad
735 3106 832 3167 socios
846 3126 876 3168 se
889 3107 939 3189 adj
945 3116 1106 3177 unxerunt,
1120 3126 1156 3167 ac
1174 3126 1242 3167 cum
1257 3107 1391 3168 exercitu
1404 3107 1514 3167 Astam

317 3202 445 3284 regressi
459 3211 538 3264 sunt.
576 3200 708 3283 Hispani
723 3202 843 3263 nonnisi
857 3212 978 3265 centnm
992 3213 1023 3264 et
1035 3203 1181 3263 tredecim
1194 3202 1336 3263 frumenti
1349 3202 1467 3263 modios
1481 3203 1512 3262 in

316 3300 485 3380 provisione
498 3311 683 3380 repererunt,
693 3320 745 3360 sex
759 3299 881 3381 insuper
895 3299 975 3361 dolia
992 3318 1079 3361 caseo
1097 3308 1213 3373 onusta,
1232 3320 1284 3361 sex
1299 3300 1363 3361 vini
1380 3298 1515 3381 plaustra

315 3406 346 3458 et
358 3396 484 3477 triginta
496 3396 558 3457 duo
572 3415 643 3458 rasa
661 3395 793 3477 pulveris
811 3397 901 3479 pyrii,
917 3406 1024 3478 praeter
1041 3396 1238 3477 pauxillulum
1253 3396 1357 3458 sannae
1371 3408 1402 3458 et
1416 3398 1511 3478 panis.

317 3494 388 3556 Non
403 3492 524 3555 defuere
539 3494 602 3555 suis
622 3493 757 3575 partibus
776 3493 905 3555 victores
918 3504 951 3555 ut
965 3493 1132 3555 necessaria
1146 3493 1248 3555 omnia
1260 3494 1425 3576 opportune
1443 3514 1513 3576 sup-

315 3589 441 3669 plerent,
456 3590 616 3673 locumque
628 3591 660 3651 in
675 3600 817 3651 eventum
832 3590 1022 3652 instruerent.
1061 3589 1223 3672 Pracipua
1236 3590 1308 3651 verb
1322 3610 1395 3652 cura
1408 3589 1466 3652 fuit
1481 3600 1512 3651 ut

315 3686 510 3749 victoriarum
524 3688 660 3770 largitori
674 3687 810 3769 publicas
824 3688 936 3771 gratias
949 3688 1040 3750 variis
1050 3687 1124 3750 locis
1137 3688 1342 3749 decernerent.
