3225 4700
479 341 883 410 ITINERARIUM.
1213 350 1276 415 277

88 489 264 572 politissimi
277 490 402 553 musculi
416 491 497 554 velut
509 511 546 554 ex
558 501 644 554 utero
657 501 791 554 materno
804 493 985 575 prosilirent,
1002 493 1035 554 in
1053 514 1171 558 omnem
1181 495 1277 560 homi·

86 607 166 648 num
180 588 426 650 consuetudinem
440 587 504 650 ficti
514 588 666 670 factique?
686 589 799 650 Audite
815 587 1007 650 Ultonieuses
1025 590 1152 651 Barbari
1168 591 1276 669 fuistis,

87 691 122 744 et
135 684 168 743 ni
181 683 238 745 boc
251 683 337 746 fateri
348 684 438 746 vultis
453 685 579 746 Barbari
592 683 691 746 adbuc
705 685 785 761 estis,
799 694 831 746 et
843 684 863 745 b
876 685 1028 746 communi
1041 705 1129 747 sensu
1144 689 1278 750 remotis·

87 778 173 840 simi.
214 779 257 840 Et
269 798 340 840 vero
355 780 541 842 arbitramini
560 799 613 840 uos
630 799 692 840 esse
712 780 947 861 lageniensibns
965 788 997 841 et
1016 778 1275 847 Momoniensibus

86 876 232 956 potiores,
246 875 279 936 bi
291 885 390 939 autem
404 875 521 938 disertis
531 875 629 938 verbis
642 875 706 936 sine
720 876 845 956 ambage
862 875 990 937 libenter
1002 881 1037 938 'et
1053 876 1133 938 ultro
1145 878 1276 942 fatemur

87 989 124 1030 se
137 979 257 1032 omnem
269 991 361 1053 prope
373 971 548 1033 civilitatem
561 971 644 1044 vitm,
658 969 677 1031 d
689 970 827 1032 societate
839 970 1010 1052 Anglornm
1027 973 1186 1053 accepisse.
1227 976 1276 1038 Ite

87 1065 187 1147 igitur
199 1065 427 1128 calumniatores
439 1078 470 1129 et
483 1065 626 1128 dediscite
640 1075 708 1127 ante
723 1065 910 1141 Barbariem‚
925 1086 1014 1146 quam
1027 1067 1145 1130 veritati
1158 1090 1210 1132 vos
1222 1092 1275 1153 cp·

88 1163 219 1242 ponatis.
261 1162 323 1224 Sed
336 1163 416 1246 agite
428 1162 518 1224 dicits
531 1181 643 1243 quasso,
658 1162 738 1224 unde
748 1161 886 1242 plurimas
899 1161 1044 1237 civitates,
1059 1163 1179 1244 oppida,
1193 1168 1274 1248 pagi,
1357 1163 1363 1173 '

89 1258 124 1318 in
138 1258 346 1320 amoeuissimis
359 1258 433 1319 locis
446 1258 503 1320 sita
515 1267 614 1319 ortum
627 1258 685 1319 uisi
698 1257 736 1318 ab
749 1256 860 1340 Anglis
873 1257 1051 1320 deducunt?
1073 1258 1135 1331 Qui
1145 1262 1275 1337 castella,

88 1371 185 1426 arces,
198 1354 389 1428 munitiones,
403 1352 559 1435 splendida
572 1353 702 1416 aedilicia
714 1353 803 1434 primi
816 1353 996 1416 erexerunt?
1015 1354 1069 1416 An
1082 1375 1141 1416 non
1158 1357 1277 1439 Anglii

89 1447 155 1520 Qui
169 1469 206 1510 ux
219 1449 387 1531 puiuusuu,
400 1449 568 1524 fruticibus,
581 1449 854 1528 unuiusiuuiuquu
867 1450 1278 1515 commotiunculam
1412 1435 1416 1442 '

88 1544 305 1606 amoenissimas
319 1544 512 1608 habitationes
526 1554 676 1619 eruerunt,
688 1545 872 1626 nisiAnglil
892 1545 954 1618 Qui
963 1548 1052 1628 primi
1063 1548 1096 1608 in
1107 1548 1275 1629 Hybernia,

88 1649 221 1722 segetem
235 1641 342 1715 colere,
355 1661 442 1724 agros
456 1662 619 1718 conserere,
633 1642 782 1704 frumenta
794 1661 967 1704 conservare
983 1643 1190 1707 edocuerunt?
1208 1649 1276 1708 An-

89 1737 153 1820 gli:
185 1737 248 1810 Qui
266 1737 344 1799 seras
363 1737 394 1800 in
418 1739 511 1819 sylvis
534 1737 722 1813 concludere,
743 1738 839 1818 pisces
861 1739 946 1819 aquis
965 1739 1133 1815 confovere,
1154 1760 1224 1804 ares
1244 1744 1276 1806 in

89 1833 191 1895 caveis
207 1833 343 1896 cicurars
362 1832 523 1914 Hyberuos
541 1833 734 1896 erudierunt?
763 1833 876 1895 Dicam
895 1834 922 1895 si
938 1833 1069 1907 nescitis,
1087 1837 1197 1917 sepius
1209 1841 1275 1920 jam

90 1933 168 1994 dicti
179 1931 287 2014 Angli.
326 1931 394 1993 Vah
407 1932 565 2011 probrum!
586 1932 668 2013 quod
681 1930 844 2012 Magistros
861 1939 972 1993 vestros
990 1950 1152 2012 agnoscere
1164 1934 1275 2010 nolitis,

90 2028 146 2109 qui
162 2046 215 2089 vos
232 2027 367 2090 homines
384 2027 492 2108 politos
506 2035 535 2090 et
547 2027 692 2088 humanos
710 2046 772 2087 esse
790 2025 935 2088 fecerunt.
976 2025 1011 2088 si
1028 2025 1104 2086 mihi
1119 2028 1194 2089 adeo
1210 2049 1277 2091 suc·

90 2124 219 2186 censetis
232 2123 313 2205 quod
326 2144 379 2184 vos
391 2123 428 2184 ab
441 2122 528 2184 initio
542 2122 693 2184 Barbaros
705 2121 796 2182 finisse
811 2121 950 2198 dixerim,
969 2123 1044 2204 quid
1057 2125 1200 2186 fecissetis
1212 2127 1275 2188 Ro·

89 2221 199 2294 manis,
214 2220 310 2300 quiin
323 2219 440 2282 saeculis
447 2219 513 2300 jam
526 2217 723 2300 politioribus,
737 2238 840 2279 omues
853 2228 971 2280 exteros
983 2222 1119 2300 quamvis
1137 2222 1234 2285 cultos
1246 2233 1278 2287 et

90 2316 199 2400 politos
214 2317 363 2380 Barbaros
376 2317 506 2379 vocitare
519 2335 577 2377 non
592 2314 793 2377 verebantur?
813 2314 893 2377 Reor
906 2316 939 2378 in
957 2315 1086 2379 Romam
1104 2317 1278 2383 insurrexis-

90 2416 162 2477 setis
179 2416 266 2497 eique
284 2415 418 2475 Barbam
435 2412 624 2487 maluissetis,
639 2421 669 2473 st
681 2411 804 2494 pigmaei
816 2411 925 2474 coelum
938 2412 1034 2495 digito
1051 2414 1083 2474 in
1095 2414 1215 2477 illorum
1227 2438 1277 2478 ca·

90 2511 155 2593 pita
175 2509 382 2573 dimovissetis.
424 2509 499 2571 Pfui
519 2502 630 2590 pudeat
647 2526 702 2568 uos
721 2506 861 2579 infantes,
881 2508 962 2569 uiros
982 2519 1051 2571 ante
1070 2511 1168 2573 rideri
1188 2513 1276 2587 velle,

90 2625 184 2687 quam
195 2605 306 2687 lanugo
320 2616 455 2669 mentum
467 2604 585 2679 vestiat,
598 2601 667 2682 quis
680 2621 812 2682 unquam
825 2601 942 2665 audivit
954 2605 1081 2686 primam
1095 2616 1222 2685 misum,
1237 2611 1276 2671 ad

90 2719 211 2763 omnem
224 2699 340 2761 cultum
353 2698 484 2773 civilem,
499 2698 613 2773 munia,
626 2696 725 2758 officia
737 2704 896 2774 maturam,
911 2700 1080 2782 adspexisse
1097 2704 1197 2765 statim
1210 2714 1278 2787 post

91 2806 221 2879 partum,
234 2794 355 2857 vitalem
369 2794 496 2859 anmml

132 2892 282 2955 Nesciunt
299 2892 389 2953 credo
407 2891 598 2953 Ultonienses
615 2889 660 2951 illi
678 2888 731 2970 qui
749 2908 780 2950 se
798 2889 819 2951 a
836 2910 885 2952 me
902 2889 988 2953 loesos
1001 2891 1142 2971 clamant,
1156 2916 1276 2959 omnem

91 2988 305 3069 rempublicam
319 2986 434 3049 bomini
451 2986 617 3058 assimilari,
632 2986 718 3067 cnjus
736 2984 825 3046 initia
841 2996 953 3060 tenerav
966 2990 1065 3064 rudia,
1084 2991 1148 3053 sine
1161 2994 1276 3074 experi-

90 3086 171 3147 entia
183 3092 263 3158 suut,
278 3102 346 3164 quae
361 3083 412 3145 ubi
426 3090 637 3157 maturescunt,
652 3081 806 3141 communi
818 3080 973 3145 bominum
990 3106 1150 3168 congressu
1162 3097 1193 3150 et
1205 3110 1277 3150 con.

91 3180 247 3242 suetudine
261 3179 418 3241 firmantur
430 3187 461 3241 et
473 3178 625 3259 poliuntur
638 3178 669 3238 in
681 3177 835 3238 robustum
848 3187 879 3239 et
889 3189 1050 3242 constatem
1063 3183 1148 3263 quasi
1160 3184 1274 3247 rirnms

91 3278 117 3339 si
129 3284 227 3337 vestra
239 3275 432 3357 Respublica,
451 3274 655 3346 Ultonieuses,
672 3271 799 3341 aliaest,
819 3293 898 3335 nova
915 3285 968 3351 est,
989 3287 1020 3339 et
1039 3288 1171 3340 monstro
1183 3282 1275 3361 persi.

91 3372 227 3444 millima‚
240 3372 334 3454 digna
347 3390 413 3452 quse
427 3392 481 3454 per
493 3370 593 3432 orbem
607 3368 648 3430 ad
659 3368 762 3430 omnia
773 3368 840 3430 fora
848 3379 878 3433 et
889 3373 1040 3435 nundinas
1050 3374 1275 3438 circumferatur
1301 3373 1306 3392 '

90 3470 123 3530 iu
137 3467 340 3549 spectaculum
357 3466 512 3528 bominum
530 3484 678 3546 nusquam
694 3472 763 3525 ante
780 3464 837 3527 bac
854 3467 962 3529 visum
1005 3468 1084 3531 Sane
1102 3471 1128 3531 si
1148 3471 1275 3535 Ultonia

90 3572 188 3627 vestra
205 3562 301 3645 primi
317 3562 415 3625 adbuc
433 3571 518 3625 aetate
536 3562 600 3623 sinc
620 3558 764 3621 Barbarie
784 3559 1005 3625 Francofcrdiae
1022 3565 1149 3645 spectari
1166 3578 1274 3647 posset,

90 3680 179 3721 nemo
200 3659 278 3721 foret
295 3660 349 3742 qui
368 3678 428 3721 uon
448 3658 579 3721 solidum
597 3658 692 3733 daret,
713 3667 747 3720 ut
767 3659 911 3721 mirorum
933 3660 1125 3724 mir‘mimum
1147 3663 1271 3726 videret.
