3225 4700
509 362 914 431 ITINERARIUM.
1225 370 1287 432 243

93 506 158 568 lx.
180 508 436 595 Wurtenbergioi.

93 604 141 665 X.
164 606 284 668 Hassiae
299 607 537 673 Darmstadiaui.

94 700 160 761 XI.
184 700 473 787 Mechleburgeusis.

93 797 179 858 XII.
203 798 482 884 Ieuohteubergioi.

93 894 201 955 XIII.
223 896 378 979 Principis
391 898 570 963 Anhaldini.

93 990 191 1054 XIV.
213 992 487 1078 Henusbergeusis.

94 1088 170 1151 XV.
193 1091 439 1155 Hosnzollerani.

95 1186 191 1248 XVI.
212 1187 367 1251 Comitum
382 1188 512 1252 Sueviae.

94 1282 209 1344 XVII.
230 1283 386 1346 Comitum
400 1284 605 1349 Wetteraviae.

133 1476 297 1539 Proximus
310 1480 452 1561 pegmati,
466 1490 534 1561 post
545 1480 744 1543 Elector-alem
759 1480 944 1543 Trevirensis
957 1484 1058 1545 sedem
1069 1485 1202 1549 substitit
1215 1487 1286 1551 Suus

93 1572 265 1656 Majestatis
282 1595 439 1657 supremus
457 1578 547 1639 Aulae
568 1577 736 1639 Praefectus
756 1578 908 1640 Dominus
930 1579 1158 1644 Maximilieuus
1176 1583 1287 1646 Comes

89 1670 129 1730 de
143 1672 391 1745 Trautmanstorf,
405 1673 444 1734 ad
456 1674 611 1735 dexteram
625 1694 696 1736 vero
718 1673 788 1735 Suae
803 1673 972 1755 Majestatis
984 1695 1140 1756 supremus
1153 1678 1287 1742 Cubicu-

88 1766 183 1828 larius
202 1768 353 1831 Dominus
370 1770 394 1832 J
396 1790 505 1831 oannes
524 1770 705 1852 Rudolphur
723 1771 833 1832 Comes
846 1771 885 1831 <le
902 1770 1062 1846 Buoheim3
1081 1774 1121 1833 ad
1134 1774 1285 1837 sinistram

89 1872 191 1924 autern
208 1864 358 1926 Dominus
370 1865 524 1928 Heuricus
536 1866 705 1928 Gulielmus
717 1867 801 1928 Baro
812 1866 850 1927 de
861 1867 1022 1949 Stemberg
1030 1887 1186 1947 supremus
1196 1870 1287 1933 Aulre

89 1958 240 2021 cesaree
255 1960 485 2039 Mareschallus,
500 1974 568 2046 post
587 1963 640 2025 hos
660 1964 750 2025 ambo
769 1964 792 2025 J
794 1962 913 2025 uniores
931 1962 1101 2024 Anholdini
1118 1964 1287 2046 Principes.

87 2056 175 2116 Ante
195 2076 303 2138 pegma
324 2058 364 2118 ud
377 2058 530 2121 dexteram
548 2060 681 2121 constitit
703 2059 831 2139 Imperii
848 2058 1049 2130 caduceator,
1068 2068 1180 2140 etpost
1198 2061 1285 2123 illum

88 2150 281 2213 Caduceator
294 2153 480 2238 Hungariae:
502 2157 542 2217 ad
556 2156 706 2217 sinistram
725 2156 801 2217 alter
821 2154 946 2236 Imperii
962 2155 1162 2230 Cadnoeator‚
1175 2167 1286 2239 etpost

88 2246 178 2307 illum
194 2248 357 2326 Bohemiae,
373 2261 440 2331 post
456 2251 537 2314 huno
550 2272 622 2314 vero
640 2253 782 2314 Austrioe.
825 2252 908 2312 Ante
924 2272 1057 2312 mensam
1076 2253 1232 2316 Caesareus
1250 2255 1283 2315 in

87 2343 203 2406 Aulioo
216 2344 351 2410 Consilio
367 2348 550 2411 Secretarius
570 2348 687 2412 Doctor
705 2350 728 2412 J
730 2370 842 2412 oannes
863 2347 1013 2419 Solduer;
1036 2359 1105 2430 post
1117 2352 1284 2413 mensam&

87 2442 201 2504 dextris
216 2442 334 2504 Doctor
347 2445 592 2528 Reigersberger,
612 2445 631 2507 a
645 2445 773 2508 sinistris
787 2445 905 2507 Doctor
919 2443 1020 2506 Krebs
1033 2447 1122 2507 ambo
1136 2446 1283 2508 Eminen-

86 2539 196 2600 tissimi
212 2540 388 2622 Moguntini
402 2544 564 2624 respective
578 2543 597 2604 la
610 2542 731 2604 secretis
744 2551 774 2603 et
787 2540 893 2602 aulicis
906 2540 1048 2602 consiliis.

127 2634 278 2697 Cousessu
299 2636 343 2698 ita
363 2639 501 2700 ordinato
519 2638 611 2702 Sacra
627 2639 776 2714 Caesarea,
799 2636 969 2719 Hungurioe
988 2637 1062 2698 item
1078 2647 1109 2700 et
1127 2638 1284 2701 Bohemioe

88 2731 235 2814 Majestas
249 2733 288 2794 ad
309 2753 340 2794 se
354 2736 511 2798 accersivit
526 2735 765 2797 Illustrissimum
780 2733 992 2796 Masohiouem
1007 2734 1180 2797 Badensem
1194 2736 1284 2799 Guli-

85 2827 211 2902 elmum,
223 2849 259 2889 ao
273 2829 502 2893 clementissime
520 2832 628 2894 detulit
645 2831 831 2912 prouinciam
849 2851 951 2892 coram
963 2831 1110 2912 praefandi
1123 2851 1159 2893 ac
1173 2853 1282 2915 propo-

85 2924 227 2986 sitionem
240 2926 339 2990 verbis
352 2929 572 3006 pronunciandi
589 2947 625 2990 ac
640 2927 862 3009 promulgandi.
909 2927 972 2999 Qui
989 2927 1054 2988 siue
1068 2947 1152 2988 mora
1170 2930 1282 3010 prodiit

85 3043 123 3084 ao
151 3022 285 3085 Nomine
311 3023 382 3084 Suoe
410 3023 580 3106 Majestatis
607 3033 781 3106 sequentem
807 3022 913 3085 habuit
938 3023 1113 3094 orationem,
1137 3023 1194 3085 hoc
1219 3025 1281 3086 fers

85 3138 186 3180 sensu.

127 3216 251 3278 Sacram
264 3216 436 3280 Caesaream
457 3218 648 3300 Majestatem
666 3217 837 3300 Hungarioe
853 3218 926 3279 item
941 3224 972 3277 et
989 3215 1145 3277 Bohemiae
1165 3216 1278 3298 regiam

84 3314 264 3397 dignitatem
277 3315 541 3379 clementissimum
554 3315 721 3377 Dominum
734 3322 869 3375 nostrum
883 3312 928 3372 nil
935 3312 1101 3392 quidquam
1114 3312 1278 3395 ambigere,

85 3412 159 3492 quin
175 3411 261 3474 Sacri
273 3413 404 3475 Romani
417 3411 541 3494 Imperii
550 3412 714 3485 Hectores,
726 3410 886 3489 Principes
895 3429 932 3470 ac
945 3419 1041 3470 status
1050 3408 1279 3488 absentiumque

86 3508 261 3571 consiliarii
284 3531 319 3572 ao
340 3509 445 3590 legati
467 3508 603 3590 pluribus
625 3507 828 3571 intellexerint
849 3527 886 3568 ex
909 3505 1126 3567 convocatoriis
1147 3504 1279 3579 Litteris,

84 3624 176 3685 quam
197 3617 386 3688 pregnantes
408 3627 507 3668 causae
529 3624 614 3666 suam
637 3605 830 3686 Majestatem
851 3603 1001 3664 moverint
1023 3602 1063 3663 ad
1084 3600 1279 3662 convocanda

85 3702 207 3765 comitia
227 3704 394 3786 presentia,
409 3705 516 3785 quibus
534 3703 600 3783 ipsa
617 3703 707 3764 etiam
725 3702 756 3762 in
775 3721 903 3784 persona
920 3701 1062 3762 iuteresse
1082 3709 1113 3760 et
1132 3717 1194 3780 pras
1214 3717 1278 3801 esse
