3225 4700
483 358 885 428 ITINERARIUM.
1213 355 1278 422 385

60 511 150 572 bem
170 511 330 574 Generalis
346 513 457 576 Comes
477 515 516 576 de
537 515 704 591 Guebrian,
725 513 846 595 quando
867 513 975 576 urbani
995 513 1101 574 eodem
1121 508 1276 572 machinas

61 627 150 669 suas
158 609 332 672 direxerunt
339 611 456 685 fortiis,
467 622 497 674 et
505 634 542 674 cx
549 613 712 693 improviso
720 611 860 672 tormenti
871 611 934 672 ictu
943 611 1108 672 secundum
1118 607 1274 670 brachium

60 705 278 768 vulnerarunt
292 707 423 782 Ducem,
437 707 584 790 planeque
597 718 777 783 straverunt,
792 709 868 770 adeo
884 718 917 769 ut
929 728 999 769 cum
1013 709 1143 768 anterior
1157 725 1224 787 pars
1237 723 1275 764 ex

60 801 144 862 sold
160 813 229 864 cute
246 805 392 884 quassatis
410 807 525 868 ossibus
543 807 696 888 penderet,
711 807 830 887 penitus
850 805 1013 867 resecanda
1032 804 1132 866 fuerit.
1174 803 1221 864 Er
1239 821 1275 862 eo

59 900 204 962 vulnera
225 903 366 985 egregius
387 904 594 985 campiductor
620 925 682 964 uon
705 903 802 966 multo
826 912 893 984 post
917 900 1062 983 occupati
1089 897 1219 962 Rotwilt
1241 899 1273 959 in

60 997 145 1078 ipsd
158 1000 231 1060 urbe
242 1001 392 1063 extinctus
406 1010 461 1062 est.

119 1093 197 1156 Post
217 1110 375 1178 acceptum
396 1097 507 1159 vulnus
530 1098 726 1160 nihilominus
749 1097 936 1160 obsidionem
962 1095 1081 1158 strenue
1104 1091 1274 1155 continuari

62 1190 186 1265 voluit,
199 1201 230 1253 et
242 1193 377 1254 obsessos
395 1194 435 1255 ad
450 1194 639 1257 conditiones
655 1194 828 1277 perurgeri:
850 1213 918 1275 quae
936 1213 995 1253 non
1010 1191 1106 1252 multo
1120 1198 1186 1270 post
1199 1188 1273 1249 civi·

59 1287 131 1346 tati
145 1289 217 1349 saud
230 1287 404 1352 honorificae
418 1291 577 1371 propositae
590 1301 661 1354 sunt
672 1301 703 1353 et
713 1291 864 1371 utrimque
877 1288 962 1351 nulli
974 1285 1095 1369 dempti
1103 1293 1274 1366 acceptatur.

63 1383 194 1446 Earum
207 1406 355 1447 summam
369 1386 419 1448 hic
431 1408 590 1473 apponam.

117 1481 147 1541 Ι.
162 1481 253 1544 Cives
260 1492 291 1544 et
298 1483 533 1565 civitasantiqua
540 1485 986 1568 suaprivilegia,immunitates,
994 1493 1023 1544 et
1032 1479 1272 1555 consuetudines,

61 1597 109 1637 ac
122 1577 204 1657 jura,
219 1580 372 1662 praecipue
381 1581 453 1641 vero
466 1581 658 1644 Catholicum
672 1582 842 1664 Religionis
855 1582 1030 1643 exercitium
1045 1577 1273 1640 conservabunt.

63 1674 220 1736 Civitatis
232 1677 322 1738 etiam
335 1677 504 1738 archivium
518 1699 579 1739 nou
593 1689 710 1740 tantum
723 1678 780 1740 hto
793 1679 860 1740 vice
874 1678 928 1740 scd
945 1697 1061 1758 semper
1077 1677 1109 1736 iu
1124 1683 1273 1757 posterum

62 1771 228 1833 illibatum
241 1773 436 1854 relinquetur.

116 1868 167 1928 ΙΙ.
187 1869 393 1932 Ecclesiastici
407 1882 470 1932 tem
483 1871 564 1933 intra
573 1893 665 1953 quam
676 1882 760 1935 extra
770 1873 892 1942 munia,
904 1871 1015 1952 templa
1025 1873 1108 1943 item,
1119 1878 1149 1930 et
1159 1857 1273 1929 ordinis

63 1967 221 2046 equestria
236 1966 268 2028 S.
286 1967 309 2028 J
311 1969 417 2028 oannis
436 1969 555 2043 domus,
574 1969 707 2052 religiosi
726 1990 846 2052 quoque
866 1979 897 2032 et
916 1968 1031 2030 nobiles
1049 1967 1217 2029 libertatem
1237 1985 1272 2026 ac

65 2065 157 2124 bona
168 2083 223 2124 aua
233 2073 267 2124 ut
280 2063 355 2125 alita
368 2065 555 2128 obtinebunt.

116 2159 188 2219 ΙΙΙ.
210 2159 352 2222 Civitatis
363 2161 506 2224 officiales
518 2182 587 2223 cum
606 2163 702 2224 milite
715 2163 809 2226 libere
826 2163 1046 2235 commeabunt,
1063 2181 1119 2222 nec
1136 2161 1168 2224 in
1185 2162 1272 2224 bonis

66 2257 139 2318 suia
153 2256 320 2337 quidquam
340 2258 501 2338 patientur.
543 2258 607 2332 Qui
621 2260 692 2321 vero
711 2261 880 2322 securitatis
893 2279 983 2320 causa
996 2259 1027 2318 in
1044 2259 1149 2320 urbem
1169 2260 1272 2320 consu·

67 2364 197 2436 gerunt,
212 2375 271 2415 nou
283 2362 400 2416 tantum
411 2356 513 2436 quoad
522 2376 664 2437 personas
673 2378 751 2432 suaa,
762 2358 815 2419 sed
826 2359 916 2419 etiam
927 2357 1027 2439 quoad
1041 2357 1119 2417 bona
1128 2368 1158 2417 et
1168 2356 1272 2417 domos

66 2464 137 2513 tam
152 2453 185 2512 in
199 2452 283 2527 urbe,
298 2451 390 2533 qudm
404 2453 437 2513 in
451 2454 537 2535 pagis
550 2454 648 2515 securi
663 2455 844 2536 perstabunt.

111 2549 171 2610 IV.
187 2548 318 2611 Omnem
326 2562 526 2611 commeatum
538 2551 627 2612 militi
637 2551 801 2626 Germano,
814 2552 867 2632 qui
877 2550 1010 2633 praesidii
1020 2549 1197 2624 locourbem
1205 2559 1272 2611 tue·

67 2648 168 2723 bitur,
181 2646 214 2707 in
223 2657 373 2728 posterum
383 2648 503 2709 curabit
512 2648 663 2710 Dominus
676 2650 714 2711 de
726 2649 892 2711 Guebrian.
927 2649 1044 2711 Civitas
1054 2646 1146 2709 semel
1155 2658 1271 2709 tuntum

67 2764 130 2825 pro
145 2764 262 2825 semper
276 2744 387 2825 pendet
397 2745 486 2807 militi
497 2746 609 2807 centies
619 2745 702 2807 mille
714 2745 805 2807 libras
819 2746 915 2828 panis,
924 2745 1032 2827 quibus
1045 2745 1175 2826 acceptis
1189 2766 1272 2807 exer·

67 2843 153 2903 citus
165 2842 225 2903 alio
239 2842 337 2922 primo
350 2863 470 2923 qnoque
482 2852 617 2925 tempore
630 2844 806 2905 deducetur.

114 2939 157 3001 V.
178 2939 275 3000 Arma
301 2952 444 3002 consueta
464 2951 526 3002 tam
550 2942 667 3003 senatui
688 2942 780 3022 quum
801 2940 918 3003 civibus
942 2940 1158 3021 relinquentur,
1181 2940 1272 3001 modo

69 3035 252 3117 spondeant,
268 3037 351 3116 quod
360 3047 465 3098 contra
477 3038 650 3118 praesidium
662 3037 738 3098 nihil
753 3036 861 3099 hostile
875 3047 987 3099 tentare
996 3036 1100 3097 velint.
1130 3036 1280 3097 Liberum·

70 3152 196 3213 quoque
218 3132 276 3193 erit
296 3133 500 3214 juramentum
525 3133 678 3195 fidelitatis
703 3134 783 3215 Regi
804 3132 915 3195 Gallica
941 3142 1090 3214 praestare.
1134 3132 1272 3205 Quodsi

69 3228 229 3290 videbitur
253 3250 339 3289 arma
360 3230 474 3291 civium
498 3230 530 3291 in
554 3232 819 3291 armamentarium
843 3230 989 3303 conferre,
1018 3249 1056 3289 ne
1083 3248 1143 3308 qua
1169 3227 1273 3310 populi

69 3326 133 3387 faex
148 3324 186 3385 iis
197 3326 347 3401 abutatur,
362 3346 437 3387 curu
449 3325 612 3387 claudendi
626 3338 657 3388 et
670 3327 859 3389 custodiendi
870 3327 927 3387 erit
940 3345 1030 3406 penes
1042 3324 1261 3407 magistratum.

114 3423 174 3484 v1.
197 3424 269 3486 Non
288 3433 406 3504 petetur
423 3424 443 3485 d
461 3423 578 3485 civibus
595 3423 730 3505 precium
750 3422 983 3499 incendiarium,
1001 3442 1058 3483 nec
1077 3422 1273 3483 aeadmabitur

71 3520 205 3583 civitatis
218 3520 400 3582 indemnitas
412 3522 450 3582 ab
463 3521 614 3597 incendio,
629 3520 692 3581 ullo
706 3522 818 3602 precio.

114 3616 197 3679 VII.
218 3617 300 3679 Casu
321 3638 383 3698 quo
405 3619 530 3699 qnidam
550 3617 664 3679 civium
684 3618 733 3679 vel
749 3619 817 3699 jam
837 3617 950 3691 statim,
970 3615 1019 3679 rel
1040 3626 1143 3699 postea
1161 3636 1192 3677 se
1212 3614 1273 3677 alio

72 3714 237 3776 transferre
250 3735 320 3776 cnm
334 3715 397 3776 suis
406 3714 530 3787 vellent,
544 3714 735 3777 dimittentur
747 3734 817 3776 eum
831 3714 970 3777 omnibus
983 3714 1045 3776 suis
1056 3713 1154 3775 bonis.

648 3815 667 3871 3
691 3832 710 3871 u
