3225 4700
278 271 279 282 Ν
321 327 384 393 aas
719 322 1121 395 rurncasnrun.

770 557 884 626 Glosso
899 558 1064 626 Auctoris.

418 701 481 764 ΟΝ
494 709 549 776 est,
568 703 615 765 vir
632 705 721 778 bone,
743 721 804 763 uon
824 709 869 762 est
885 700 952 762 haec
970 703 1049 763 bona
1069 702 1109 762 ad
1128 698 1330 761 sacerdotium
1346 697 1526 780 dispositio,

243 875 245 880 ,
429 799 583 861 criminari
600 800 698 862 aliena
715 799 795 860 facta
809 799 875 860 sine
885 819 985 872 cunm,
999 798 1155 860 traducere
1167 796 1263 859 livido
1282 797 1372 858 dente
1391 794 1527 855 invidiae

322 895 444 957 alterius
464 895 586 970 samm,
606 905 636 958 et
655 896 875 957 clandestinum
894 914 1084 957 susurronem
1104 914 1202 977 agere.
1250 892 1334 965 Quid
1353 900 1443 974 putas
1463 890 1526 952 tibi

323 993 459 1055 dictonis
471 991 575 1054 firisset
587 992 727 1056 Christos
741 991 880 1069 Domini,
894 993 920 1054 si
940 991 1076 1053 animum
1093 999 1180 1052 tuum
1197 988 1378 1050 malevolum
1397 988 1527 1068 inspex-

322 1089 393 1150 isset
406 1107 475 1150 cum
488 1098 518 1150 te
532 1090 623 1152 sacris
636 1088 790 1151 initiaretl
809 1089 889 1150 certe
902 1087 984 1150 haud
994 1087 1079 1149 aliud
1091 1107 1183 1169 qnam
1197 1086 1279 1167 quod
1293 1083 1433 1147 Christus
1449 1083 1525 1145 Ser-

323 1193 409 1246 vator
421 1195 521 1248 nostm
532 1185 556 1248 J
557 1186 624 1248 udae
638 1185 795 1266 proditori.
838 1184 926 1246 Itane
938 1184 1011 1245 verb
1025 1193 1059 1245 tn
1076 1184 1208 1245 audebas
1226 1181 1267 1243 ad
1284 1189 1401 1242 tautum
1418 1199 1525 1240 sacra·

324 1290 458 1343 mentum
477 1282 636 1345 sacerdotii
653 1302 722 1343 cum
736 1291 798 1342 tam
813 1281 894 1362 turpi
907 1280 974 1342 labe
987 1280 1140 1350 accedere,
1155 1277 1235 1339 itane
1248 1278 1374 1339 decebat
1392 1295 1423 1336 se
1440 1295 1523 1356 pras-

322 1398 428 1458 parare
454 1379 494 1440 ad
514 1377 734 1439 conficiendum
758 1377 1011 1458 Angustissimum
1032 1395 1140 1457 corpus
1165 1374 1189 1437 J
1191 1395 1257 1436 asu.
1296 1373 1384 1435 Bone
1407 1373 1522 1433 Densi

326 1473 403 1546 Quis
416 1473 471 1536 tibi
485 1483 557 1536 tunc
570 1484 634 1534 erat
645 1473 786 1534 animus?
807 1474 858 1534 dic
871 1474 967 1548 sodes,
981 1473 1057 1554 quid
1070 1470 1243 1553 cogitabas?

365 1566 484 1627 Siccine
498 1585 570 1627 vero
583 1565 711 1627 Thomas
725 1565 823 1627 Carve
835 1565 914 1628 male
927 1567 958 1626 in
974 1565 1132 1627 Ultouiam
1145 1578 1176 1628 et
1193 1566 1358 1628 Conaciam
1379 1566 1522 1626 invectus

324 1660 386 1721 esti
405 1659 488 1734 Quid
502 1681 572 1722 vero
583 1662 660 1722 dixit
672 1661 750 1722 unde
760 1661 856 1722 taxari
867 1661 977 1743 possiti
995 1660 1154 1741 Quidquid
1165 1663 1254 1734 dixit,
1264 1683 1302 1723 ex
1312 1662 1345 1723 S.
1358 1661 1522 1722 Bernardo

326 1753 502 1836 desumpsit,
523 1755 650 1835 quamsi
666 1753 807 1816 cavillare
824 1754 934 1834 volupe
951 1754 1006 1815 tibi
1025 1764 1080 1821 est.
1100 1764 1192 1829 tenta,
1207 1776 1261 1837 per
1279 1775 1327 1816 me
1345 1754 1470 1835 quidem
1485 1753 1521 1814 id

324 1850 407 1921 licet,
421 1859 523 1912 metuo
535 1861 633 1912 umen
648 1860 682 1912 ut
694 1851 818 1932 impune
832 1861 866 1911 tu
880 1850 943 1932 ipse
962 1870 1023 1910 uon
1036 1849 1123 1926 ieras,
1142 1853 1273 1914 tuebitur
1291 1863 1412 1913 sanctus
1423 1849 1522 1911 loono·

325 1967 388 2007 rem
402 1967 489 2008 suum
502 1957 533 2009 et
542 1947 591 2008 vel
604 1947 701 2028 plagis
715 1946 858 2009 refutabit
867 1946 1043 2008 calumnias.

366 2045 468 2118 Quam
481 2055 514 2106 tu
527 2043 603 2104 mihi
615 2044 739 2105 minaris
751 2065 882 2126 poenam,
895 2064 961 2105 eam
977 2044 1066 2106 flocci
1084 2043 1172 2114 facio,
1187 2063 1255 2126 age,
1274 2043 1363 2119 aude,
1381 2043 1408 2104 si
1425 2042 1521 2104 vires

325 2143 430 2216 bonus,
446 2151 475 2203 st
489 2161 555 2202 mea
567 2141 627 2202 tela
639 2143 798 2216 nocebunt,
812 2141 838 2202 si
849 2141 979 2214 mordes,
992 2141 1193 2217 mordeberis3
1215 2141 1241 2201 si
1254 2140 1384 2215 lacessis,
1394 2159 1469 2201 cave
1480 2159 1520 2199 ne

326 2240 382 2300 tibi
394 2237 506 2299 nralum
520 2259 612 2313 crees,
624 2239 704 2318 quod
718 2238 793 2299 mihi
806 2238 932 2299 moliris.
973 2238 1012 2298 In
1026 2258 1087 2319 quo
1105 2238 1177 2299 verb
1195 2257 1244 2298 me
1258 2237 1431 2317 resipiscere
1449 2236 1521 2297 rial

325 2345 361 2398 ut
374 2335 488 2398 scilicet
504 2335 604 2398 dicam
624 2335 817 2399 Ultonienses
835 2355 990 2415 nunquam
1007 2333 1100 2397 fuisse
1118 2333 1281 2396 barbaros?
1305 2333 1467 2407 Quomodo
1486 2333 1520 2393 id

325 2432 444 2504 faciam,
458 2453 528 2494 cum
546 2432 579 2494 S.
600 2433 775 2495 Beruardus
791 2431 866 2494 mihi
885 2433 925 2493 sit
943 2440 1056 2506 auctor,
1078 2452 1147 2492 eum
1161 2432 1244 2503 andi,
1257 2430 1340 2513 quod
1352 2431 1379 2493 si
1391 2431 1456 2513 ipse
1470 2430 1519 2491 in-

326 2530 446 2591 duxerit
459 2550 511 2590 seu
524 2529 647 2591 eraserit
660 2550 698 2591 ex
710 2530 771 2591 suis
784 2529 949 2602 codicibus,
958 2529 1025 2609 jam
1039 2527 1058 2589 d
1071 2548 1119 2588 me
1133 2548 1251 2589 erasum
1263 2536 1345 2609 pota.

365 2625 430 2687 Cur
450 2645 520 2686 vero
537 2626 639 2687 sordes
657 2635 723 2688 tuas
743 2627 820 2688 adeo
840 2634 954 2687 secreto
975 2625 1069 2686 teneri
1083 2624 1151 2686 vicl
1177 2623 1252 2686 sorte
1273 2627 1346 2705 qnia
1365 2623 1517 2707 pudendae

325 2720 417 2784 suntl
444 2720 488 2781 ita
506 2731 560 2782 est.
602 2721 636 2783 Si
655 2732 735 2784 recta
752 2723 859 2785 scribis
877 2734 908 2783 et
924 2740 996 2783 vera
1011 2721 1111 2783 omnis
1128 2721 1209 2782 orbis
1228 2721 1375 2802 adspiciat
1392 2720 1472 2794 licet,
1492 2720 1519 2781 si

324 2820 437 2901 iniqua,
451 2837 506 2879 uec
519 2827 586 2879 tuos
599 2817 701 2878 oculos
714 2818 818 2879 videre
830 2838 885 2899 par
897 2827 951 2879 est.
986 2818 1081 2879 Vetus
1098 2828 1144 2879 est
1161 2818 1325 2901 andagium
1344 2818 1387 2880 N.
1410 2817 1519 2900 quaerit

328 2918 369 2976 A.
388 2915 421 2975 ui
438 2913 575 2975 sacerdos
588 2911 704 2976 Christi
717 2914 793 2975 fores
807 2913 862 2974 tibi
880 2912 1041 2994 applicare.
1082 2912 1285 2985 Quantumvis
1301 2922 1336 2976 tu
1353 2913 1519 2975 calumnias

327 3021 393 3074 tuas
404 3009 483 3072 oculi
495 3009 553 3082 vis,
568 3010 624 3071 soli
634 3018 734 3072 nmen
747 3010 901 3091 patebunt,
917 3008 988 3069 inde
1001 3007 1082 3069 enim
1096 3008 1172 3071 mihi
1179 3042 1182 3046 ²
1190 3009 1274 3071 noua
1291 3020 1430 3073 nascuur
1442 3010 1518 3071 iufa-

327 3110 398 3178 mia,
410 3106 465 3168 tibi
476 3104 617 3182 maxima,
628 3126 684 3168 cen
694 3104 811 3167 homini
819 3105 1008 3167 dicacissimo
1017 3123 1167 3187 supraque
1177 3105 1210 3168 id
1219 3126 1312 3188 quam
1324 3106 1517 3181 sacerdotem,

329 3204 389 3265 Dei
403 3224 521 3265 servum
535 3203 640 3265 deceat
651 3202 809 3265 malevolo.
1417 3281 1422 3287 ι

369 3298 518 3361 Secundae
530 3298 638 3360 litterae
651 3308 722 3360 sunt
736 3297 857 3359 Patritii
869 3296 1063 3359 Relachauan
1079 3297 1260 3374 Sacerdotis,
1276 3298 1348 3359 olim
1365 3298 1515 3360 Benedie·

328 3394 386 3458 tini
399 3392 554 3467 Monachi‚
568 3394 621 3455 sed
634 3395 672 3455 ob
685 3394 786 3455 nescio
800 3413 889 3474 quam
904 3392 1023 3475 culpam
1037 3394 1144 3455 ordine
1156 3392 1246 3475 pulsi,
1259 3402 1289 3455 et
1301 3394 1406 3456 habitu
1419 3394 1515 3476 priva·

327 3492 364 3569 ti,
377 3500 411 3553 ut
423 3490 486 3573 ipse
499 3488 619 3565 latetur,
634 3510 693 3568 eas,
708 3510 768 3573 qno
780 3490 905 3572 ipsemet
918 3490 1038 3572 scripsit
1051 3490 1193 3553 idiomate
1205 3489 1266 3552 hnc
1279 3490 1424 3573 adjungo.
