3225 4700
470 386 870 455 ITINERARIUM.
1200 389 1266 455 305

37 531 225 593 celerrimd
251 532 311 613 qud
333 542 447 615 poterat
467 537 653 617 expeditione
675 538 778 598 sedulo
802 537 933 599 collectis
959 536 1052 619 copiis
1078 534 1256 597 Bohemiam
1324 562 1328 569 ·

42 647 181 702 versus,
196 650 234 689 ne
248 630 324 690 sorte
337 630 356 692 d
369 632 527 692 victorioso
540 634 671 694 exercitu
685 634 796 695 alicubi
811 633 1010 714 deprehensus
1023 633 1172 694 obruetur.
1215 632 1256 693 Et

40 721 133 783 licet
143 725 264 785 summd
277 727 464 788 contentione
483 726 624 789 laborarit
641 727 859 789 Picolominius
875 728 925 809 qui
945 728 1109 809 peditatum
1130 728 1257 790 ducebat

43 841 133 880 cum
156 822 312 883 tormentis
331 823 504 903 majoribus,
524 823 660 885 hostilem
677 825 844 886 exereitum
863 833 1048 905 prevertere,
1068 844 1103 884 ao
1122 824 1257 885 incertis

45 918 213 999 angustiis
223 929 431 1001 properantem
445 918 557 993 sistere,
573 920 621 980 rel
636 918 741 981 saltem
756 920 901 982 Bresnitii
913 920 966 979 ubi
983 919 1148 980 necessario
1162 928 1256 981 trans·

48 1016 201 1075 eundum
212 1022 286 1088 erat,
296 1014 336 1075 ad
346 1014 527 1076 conserenda
535 1000 619 1077 arma
632 1035 749 1098 cogere,
760 1015 868 1076 nullibi
882 1024 980 1076 tamen
991 1014 1024 1075 id
1033 1014 1149 1094 assequi
1159 1015 1258 1095 potuit

49 1109 217 1172 eeleritate
230 1130 284 1171 sua
296 1130 413 1191 semper
430 1120 626 1192 presentente
645 1110 810 1183 Bannerio‚
826 1111 879 1191 qui
897 1110 983 1173 facile
1001 1110 1122 1172 videbat
1140 1110 1256 1172 incolu-

50 1206 201 1267 mitatem
215 1226 298 1266 suam
312 1225 492 1286 suorumque
510 1206 542 1266 in
556 1207 619 1268 soll
632 1206 705 1289 fugl
717 1227 779 1268 esse
792 1208 930 1287 positam.
971 1206 1076 1268 Evasit
1088 1207 1189 1287 itaque
1199 1207 1256 1269 hoo

52 1302 157 1363 modo
175 1302 343 1363 Zwiokiam
362 1302 541 1378 Bannerius,
564 1303 616 1363 ubi
634 1324 696 1364 sese
717 1324 786 1365 cum
806 1303 897 1365 Gallo
914 1302 1107 1365 Wimariensi
1124 1304 1256 1365 exercitu

52 1400 231 1481 conjunxit
273 1398 399 1479 Coepere
413 1397 462 1459 hic
476 1399 546 1461 nori
558 1399 657 1461 hostes
675 1400 837 1484 confligere
852 1420 922 1461 cum
934 1398 1052 1461 infelice
1072 1400 1171 1473 Duce,
1185 1418 1256 1460 nam

53 1498 198 1577 primum
211 1496 293 1556 anim
307 1495 465 1577 itegritudo
481 1505 512 1556 et
527 1516 637 1557 moeror
655 1496 779 1558 militem
798 1496 961 1580 gloriosam
977 1495 1086 1557 invasit
1103 1506 1186 1557 tanto
1201 1496 1256 1555 im·

54 1601 146 1672 petu,
161 1602 197 1653 nt
209 1592 299 1653 etiam
311 1592 345 1652 in
355 1611 463 1672 corpus
472 1592 647 1655 redundarit
657 1594 776 1654 morbus
789 1593 843 1673 qui
856 1593 883 1653 ei
896 1592 938 1653 20
948 1591 1026 1651 Maii
1039 1591 1131 1653 altero
1142 1591 1256 1653 scilicet

56 1697 130 1770 poet
149 1698 304 1769 acceptam
321 1687 438 1749 cladem
456 1708 557 1749 mense
581 1689 678 1749 fatalis
696 1689 764 1763 fuit,
783 1698 814 1749 et
833 1707 922 1769 quem
941 1686 1026 1747 Mars
1043 1697 1173 1749 sternere
1193 1707 1254 1748 non

57 1786 174 1865 potuit,
189 1784 277 1844 morti
289 1783 411 1843 tandem
430 1783 594 1844 succubuit
635 1784 726 1844 Luxit
741 1784 838 1846 Ducis
853 1792 1029 1865 prostratam
1049 1782 1254 1846 fortitudinem

58 1882 223 1943 universus
236 1880 382 1942 exercitus
395 1888 425 1940 et
438 1898 530 1960 quam
544 1879 613 1941 forti
625 1880 691 1941 viro
704 1879 797 1941 vitam
811 1880 975 1960 producere
989 1898 1048 1937 non
1062 1879 1159 1958 potuit
1172 1879 1255 1942 sorti-

61 1979 180 2042 tudinis
192 1978 303 2039 famam
316 1978 354 2038 ad
370 1996 466 2038 seram
480 1977 682 2058 posteritatem
696 1977 837 2039 extraxit.

103 2074 155 2136 Ne
172 2074 293 2135 interim
313 2073 386 2142 dum
407 2072 660 2134 Dorstensohnius
678 2083 851 2134 evocaretur
865 2073 904 2134 ad
918 2072 1033 2133 militie
1052 2070 1256 2155 gubernacula

61 2172 174 2233 viduus
192 2171 339 2232 exercitus
355 2170 560 2231 distitueretur
578 2168 789 2251 Duce-‚Tres
809 2169 880 2229 belli
898 2170 1009 2243 Duces,
1030 2188 1157 2249 quorum
1178 2188 1255 2229 unus

63 2268 203 2330 Adamas
221 2267 316 2328 Psuhl
335 2267 454 2327 natione
476 2264 656 2343 Germanus,
678 2265 753 2327 alter
769 2264 896 2327 Carolus
914 2264 1086 2346 Gustaphus
1108 2264 1252 2347 Vrangel,

63 2365 185 2427 natione
202 2365 325 2427 Soccus.
366 2364 484 2426 Tertius
502 2363 632 2444 denique
650 2363 790 2426 Alsurtus
804 2363 998 2446 Wintenberg
1014 2363 1111 2443 patria
1131 2362 1253 2422 Finlan-

64 2463 121 2524 dus
135 2461 293 2542 imperinm
307 2461 338 2521 in
353 2459 462 2521 milites
475 2461 518 2520 ita
530 2459 632 2540 partiti
645 2469 724 2530 sunt,
740 2470 773 2520 nt
785 2459 953 2540 conjunctis
967 2459 1099 2520 consiliis
1112 2457 1251 2518 militiam

65 2559 239 2640 dirigerent.
