3225 4700
506 330 915 409 ITINER'ARIUM.
1232 354 1298 423 219

93 479 279 565 agnitusque
292 491 338 549 est
350 483 370 547 l
384 482 516 569 legione
533 489 666 571 subque
680 499 750 555 suto
768 490 826 555 hoc
840 491 991 573 stipendio
1007 498 1127 577 munit,
1141 500 1209 563 de
1199 503 1297 583 ipsius

93 579 196 662 cupite
217 580 316 662 primo
340 602 459 664 quoquo
479 592 612 667 tempore
635 586 659 651 J
662 586 796 652 uduouum
821 587 952 651 uiliore
971 590 1139 671 habebitur,
1159 609 1190 660 et
1205 601 1297 665 morti

92 676 331 789 adjudicabitur
373 679 467 761 Spero
487 681 521 745 id
541 701 603 745 uon
619 682 760 764 iniquum
779 682 798 747 i
816 683 871 745 sus
889 685 1076 753 Excellentis
1088 692 1253 776 cgnitum
1244 697 1294 771 iri,

93 792 170 834 oum
180 773 381 857 maximopere
389 775 554 840 dolendum
561 778 601 842 sit
603 778 718 861 ,quod
709 786 787 843 ruber
798 779 995 845 Germnuoe'
969 787 1148 851 nuceritstis
1156 789 1293 854 homines

92 868 155 933 hoc
168 872 247 935 tristi
260 880 427 955 temporum
436 883 516 937 stetu
529 894 566 938 eo
578 894 626 937 ιιι
637 874 771 941 sdduotu
778 876 829 951 sit,
839 887 875 939 ut
882 888 987 943 contin
994 880 1088 945 iidem
1098 887 1152 947 ιι·
1137 907 1292 968 jurameu-

94 976 165 1031 tum
178 978 240 1031 tem
253 968 342 1032 multi
352 970 373 1033 l
384 970 447 1033 suis
459 969 554 1054 signis
564 971 741 1051 desciscent,
753 981 784 1037 et
793 992 849 1073 pro
858 973 984 1037 libidine
993 980 1097 1041 suusd
1106 981 1159 1043 bus
1168 983 1293 1066 illusque

92 1076 199 1146 portes
212 1065 421 1150 trurrst'uginut,
431 1068 514 1149 quod
526 1067 745 1133 Excellentism
756 1052 885 1133 vunnu
893 1069 987 1133 lutere
995 1073 1089 1137 nolui
1130 1077 1244 1141 Dntnrn
1254 1102 1292 1145 cx

94 1161 213 1225 Cestris
226 1162 437 1245 Imperinlibus
453 1168 499 1226 11.
513 1165 537 1229 J
542 1186 605 1229 unu
596 1166 711 1228 Anno
728 1167 815 1230 1640.

582 1264 734 1343 Officiosus
746 1264 940 1327 Excellentioe
950 1274 1053 1327 vestm
1066 1267 1173 1330 Ser-nse

1049 1378 1252 1444 Ριοοωιιιιιι.

618 1529 772 1612 ΟΟΡΙΑ,

123 1678 262 1737 Aliorum
277 1678 460 1737 Litterarum
478 1679 632 1740 Generalis
645 1679 922 1743 Suessetanorum
935 1679 1060 1740 loannis
1074 1683 1213 1747 Bousirii
1225 1688 1267 1748 ad

502 1775 642 1836 Omnitem
657 1776 892 1839 Pioolomim'nm.

97 1920 285 1983 Perillustris
298 1920 409 1983 Comes
420 1919 567 2001 imprimis
580 1921 781 2082 οιὲιιιιιιιιιιέΩ
778 1921 912 1986 Domine
926 1919 1084 1985 Generalis
1094 1922 1294 1987 Muresohslle

628 2038 721 2100 stupu,
783 2063 792 2080 .

177 2128 475 2193 ESPONSORIAE
487 2148 550 2192 suoe
563 2130 759 2196 Excelleutlae
776 2131 900 2197 Litteris
912 2131 1052 2195 hesterno
1061 2131 1114 2194 die
1125 2141 1207 2195 recte
1219 2133 1295 2196 mibi

196 2236 268 2289 suut
290 2226 427 2302 redditos,
449 2234 480 2287 et
504 2226 583 2290 ιίιιιι
606 2228 681 2289 mihi
705 2228 866 2312 imaginari
884 2228 1059 2308 neutiquam
1081 2229 1175 2310 potui,
1197 2230 1294 2292 multo

99 2324 199 2386 miuus
211 2322 345 2398 credere,
357 2320 553 2386 Excellentiae
566 2344 628 2388 sun
639 2326 704 2390 orbi
716 2326 865 2392 notorium
877 2324 1037 2401 actionem,
1048 2324 1146 2406 quelis
1156 2325 1214 2389 fuit
1222 2345 1294 2389 con·

93 2422 214 2506 junctio
226 2420 383 2484 ambarum
397 2418 579 2502 Principum
592 2423 739 2489 domuum
754 2422 986 2487 Bruusricensis
998 2431 1030 2483 ιι
1038 2421 1292 2505 Luneburgeusis,

99 2541 137 2583 sc
152 2519 298 2594 Hussiooe,
310 2535 380 2598 quse
392 2517 425 2578 iu
439 2517 624 2599 legionibus
637 2519 832 2584 Pedestribus
842 2519 1109 2600 Equestribusque,
1119 2519 1207 2604 signe
1216 2521 1295 2582 mili·

99 2617 179 2680 teris
199 2635 253 2698 pro
276 2614 421 2697 qunlitnte
442 2631 565 2676 suorum
587 2616 777 2680 servitiorum
800 2635 902 2678 secum
925 2615 1105 2678 ducentibus
1126 2625 1157 2678 et
1182 2616 1295 2700 insigni

100 2723 245 2797 nppsrstu
257 2712 374 2787 bellico,
389 2731 442 2773 seu
455 2713 619 2794 majoribus
632 2712 789 2778 ornantis
806 2711 924 2775 bellicis
936 2710 1101 2787 instructis,
1115 2712 1292 2787 consistunt,

99 2812 180 2874 iutro
198 2809 333 2892 spscium
353 2807 465 2890 integri
482 2808 604 2885 mensis,
623 2809 810 2872 innotescere
829 2829 890 2870 uon
910 2809 1058 2890 potuisse:
1081 2808 1187 2870 eodem
1204 2808 1295 2870 ruodo

98 2909 278 2991 persuadere
291 2904 366 2967 mibi
379 2922 526 2987 nusquam
537 2906 623 2989 ‘potui
637 2926 723 2971 sunm
743 2905 961 2969 Excellentieru
974 2915 1036 2969 tum
1055 2906 1203 2968 nobilium
1220 2906 1295 2969 dnn·

98 3025 167 3068 rum
176 3001 477 3083 Domorumlmperii
486 3003 665 3085 Principum
673 3002 949 3068 numerosissimum
959 3023 1134 3065 succursum
1141 3002 1295 3066 lntruncu·

98 3101 198 3164 lorum
218 3099 357 3163 examino
373 3109 405 3162 ιι
421 3099 645 3183 conjunctiones
662 3100 878 3183 prudentum,
890 3108 923 3160 et
939 3099 1005 3161 siue
1026 3099 1149 3162 licentis
1169 3098 1294 3162 Ducum

99 3217 233 3274 suorum,
247 3197 422 3281 rugentium
435 3195 566 3259 militum
579 3197 769 3259 excursiones
781 3196 958 3257 hubitntsm.
999 3194 1061 3258 Sed
1070 3195 1177 3278 opinor
1185 3198 1295 3259 erroris

99 3295 198 3378 potius
215 3293 400 3378 urguendum
421 3292 651 3368 meabarim,
670 3301 723 3356 eut
746 3291 929 3372 Scriptorem
949 3292 1003 3374 qui
1023 3294 1109 3357 dolos
1128 3291 1294 3356 litterarum

100 3401 261 3474 conceptus
280 3409 437 3473 perperam
452 3389 632 3454 intellexerit
648 3401 679 3453 et
696 3390 809 3453 chsrtae
824 3399 935 3451 temere
953 3388 1092 3453 illsuerit
1133 3389 1297 3454 Praedictoe

100 3488 182 3551 enim
200 3488 269 3551 duoe
291 3489 410 3550 Domus
427 3488 569 3569 quonism
588 3508 619 3550 se
636 3487 840 3571 Pregensibus
861 3486 1068 3563 Poctionibus,
1082 3504 1169 3567 seque
1188 3505 1224 3548 uc
1243 3485 1297 3547 ulii

102 3585 262 3668 Principes
282 3591 402 3646 securos
422 3585 547 3646 minime
571 3595 789 3668 compererunt,
811 3584 849 3645 nd
872 3582 951 3644 bunc
974 3583 1215 3665 conjunctionem
1236 3601 1296 3642 nou

101 3682 211 3764 injurie
226 3693 254 3743 ιι
269 3683 433 3746 necessario
449 3682 589 3743 udductae
607 3680 856 3755 contumelium
878 3680 1048 3759 conjunctis
1067 3699 1136 3740 cum
1157 3675 1297 3738 Suediois
