3225 4700
316 312 381 377 202
708 308 1110 377 mississemus

361 466 539 528 Substiteret
559 466 724 527 Baunirins
739 466 894 547 paulisper
910 465 958 527 his
979 466 1012 527 in
1032 466 1119 541 loeis,
1141 484 1212 526 enm
1233 483 1353 525 annona
1370 460 1538 543 paulatim

319 572 402 625 tento
420 562 563 624 exercitui
581 561 686 625 defieri
703 562 794 644 cepit,
814 562 1015 643 voluissetque
1033 582 1084 623 eos
1099 582 1174 643 qnos
1188 571 1257 621 ante
1271 557 1541 641 pessumdederat

319 660 435 720 modios
452 660 551 720 adhue
570 678 731 739 superesse.
774 658 882 739 Itaque
895 657 954 719 alio
968 658 1166 740 commigrare
1184 667 1308 720 mactus
1323 655 1394 726 fuit,
1412 653 1535 715 solutis

318 774 390 837 ergo
413 755 517 817 eastris
537 754 569 815 in
593 754 738 817 Misniem
758 753 903 837 profugit,
926 754 1022 815 multo
1040 764 1141 816 temen
1161 753 1220 835 ipsi
1241 751 1337 814 milite
1358 751 1425 813 hoee
1443 750 1533 831 fuga

318 850 410 925 stetit,
429 856 499 912 s'um
516 851 598 912 enim
616 854 712 913 nostri
728 871 847 933 semper
860 851 879 912 d
891 860 976 932 tergo
997 851 1158 913 imiuerent
1178 850 1218 911 sd
1238 864 1345 909 norem
1367 845 1530 928 Legiones

318 946 439 1009 hostiles
456 947 693 1009 exterminarant
706 948 843 1009 Ductora
856 946 1001 1009 Generali
1015 948 1157 1023 Bredaw‚
1175 945 1277 1008 ceteri
1290 965 1362 1005 vero
1375 943 1431 1024 qui
1443 942 1528 1024 fuga

318 1042 442 1103 salutem
457 1043 650 1104 obtinuerunt
662 1043 702 1104 ad
716 1042 890 1104 Ersordiem
904 1044 960 1104 iter
973 1043 1158 1117 direxerunt,
1167 1052 1202 1103 tut
1214 1042 1305 1103 eredo
1317 1040 1384 1102 istiu
1400 1037 1524 1099 Wima·

318 1138 553 1219 rieas'reliquias
571 1159 631 1201 una
649 1159 718 1200 oum
738 1138 876 1201 Hassieis
894 1147 925 1201 et
946 1138 1167 1221 Luneburgieis
1184 1140 1291 1201 turmis
1310 1137 1368 1199 sibi
1387 1137 1523 1218 oonjun·

317 1244 432 1319 gerent.

355 1332 416 1393 Hae
429 1330 504 1392 dum
516 1328 678 1392 adfuerunt
691 1330 835 1393 continno
847 1330 989 1392 bellicum
1002 1329 1165 1392 eonsilium
1180 1330 1309 1412 eogitur,
1323 1349 1385 1411 qus
1398 1329 1521 1391 tutione

315 1438 431 1491 nostros
441 1426 505 1489 sine
515 1446 601 1487 mora
610 1426 654 1487 nil
667 1427 767 1489 minus
780 1437 962 1511 augurantes
974 1448 1169 1510 magnacum
1181 1426 1451 1489 feroeiaobruautt
1472 1426 1520 1486 Et

315 1544 386 1586 sane
399 1544 436 1586 ex
447 1523 594 1585 sententia
606 1524 739 1605 ipsorum
753 1525 906 1607 negotium
920 1524 1055 1586 cessisset
1068 1530 1151 1603 (eum
1165 1524 1259 1585 nostri
1272 1523 1441 1584 nullatenus
1454 1521 1519 1582 ssssi

313 1622 526 1703 persuaderent
535 1620 779 1700 eonjunetionem
793 1620 923 1683 hostium
932 1631 995 1683 tem
1004 1620 1104 1683 subito
1114 1619 1181 1681 fieri
1190 1620 1335 1703 potuisse)
1345 1620 1403 1681 nisi
1411 1618 1519 1700 pridie

313 1718 392 1779 inter
400 1716 535 1799 captivos
548 1736 698 1779 nonnemo
708 1736 864 1799 supremus
873 1716 987 1799 vigiliis
998 1717 1079 1798 apud
1093 1715 1208 1777 hostem
1219 1716 1386 1778 Praefeetus
1395 1716 1520 1777 mene-

313 1825 361 1877 tus
374 1814 487 1888 fuisset,
503 1812 557 1893 qui
570 1822 694 1875 eruenta
706 1812 832 1875 consilia
844 1812 1036 1894 prodidisset,
1046 1812 1156 1892 quibus
1168 1812 1299 1895 cognitis
1311 1811 1404 1873 nostri
1412 1818 1514 1873 totam

312 1921 430 1973 nostem
443 1930 498 1971 sna
510 1920 609 1971 uestra
621 1909 785 1972 muniendo
799 1910 1006 1985 traduxerunt,
1022 1909 1065 1970 ita
1078 1919 1112 1970 ut
1124 1908 1197 1971 lieet
1208 1910 1263 1970 sub
1275 1928 1412 1970 auroram
1425 1928 1515 1969 max-

313 2010 375 2071 ims
387 2006 500 2069 ierooia
513 2006 612 2067 in-uos
626 2005 821 2077 incurrerent,
840 2006 927 2087 qnasi
945 2006 1096 2087 specimen
1111 2005 1298 2068 fortitudinis
1311 2016 1343 2068 et
1353 2005 1448 2066 animi
1461 2004 1514 2066 sni

312 2125 366 2186 per
378 2124 470 2164 noves
482 2102 634 2183 suppetias
647 2101 763 2182 aooepti
776 2102 887 2179 daturi,
906 2102 951 2164 nil
967 2112 1068 2165 tamen
1081 2101 1271 2185 profecerint,
1284 2102 1427 2183 quoniam
1440 2122 1510 2163 nos·

311 2211 371 2262 tros
384 2199 491 2282 vigiles
504 2208 534 2261 st
545 2199 585 2261 ad
598 2218 731 2281 pugnam
748 2206 900 2279 promptos
918 2199 1120 2261 inveniebant
1162 2199 1227 2261 Hie
1240 2198 1461 2261 Pioolomiuius
1476 2210 1512 2260 ut

311 2316 371 2358 non
384 2304 502 2360 tantum
515 2295 669 2358 defensive
679 2316 710 2358 se
719 2294 851 2372 haberet,
865 2296 919 2358 sed
931 2304 961 2358 et
970 2294 1117 2358 offensiva
1129 2295 1206 2358 hosti
1219 2306 1397 2359 monstraret
1408 2315 1508 2372 arma,

310 2403 458 2457 tormenta
478 2395 592 2475 majora
614 2393 722 2455 bellios
742 2401 870 2474 quatuor
887 2391 920 2453 in
938 2392 1095 2455 editiorem
1116 2393 1225 2455 collem
1245 2393 1356 2455 amrahi
1376 2395 1508 2469 sumsit,

310 2491 498 2573 hostiumque
512 2499 609 2552 eastra
625 2499 687 2552 tem
707 2489 847 2551 atrociter
864 2489 1042 2563 verberavit,
1056 2500 1090 2552 ut
1102 2511 1173 2552 mox
1191 2511 1224 2553 se
1241 2489 1391 2552 retundere
1406 2490 1509 2573 agmi-

310 2586 405 2649 natim
418 2588 450 2649 iu
463 2587 575 2650 tutiora
587 2587 654 2649 loca
667 2586 835 2650 debuerint.
