3225 4700
1493 780 1847 858 CAPUT
1898 782 2247 860 LXVIII.

1257 954 1376 1039 De
1401 972 1580 1039 rebus
1617 972 1899 1041 Gallicis
1928 975 2071 1041 hinc
2100 975 2245 1041 inde
2263 977 2473 1063 ,qe-stis·

1132 1176 1164 1258 f
1198 1175 1427 1239 ENSE
1457 1177 1686 1239 Martio
1713 1178 1882 1239 Anni
1905 1176 2372 1241 M.DC.XL11.
2400 1178 2704 1240 Dominus
2730 1178 3067 1259 d'Espinan

1238 1273 1553 1335 Generalis
1606 1295 1910 1336 armorum
1955 1275 2352 1348 Gallicorum,
2411 1296 2531 1337 non
2587 1275 2674 1337 ita
2717 1276 2959 1358 pridem
3008 1274 3061 1333 in

1143 1376 1172 1456 ᾗ
1239 1369 1600 1451 Hispaniam
1644 1372 1881 1442 missus,
1913 1374 2092 1452 jussu
2131 1373 2328 1454 Regio
2371 1374 2434 1432 in
2474 1372 2723 1434 vincula
2761 1373 3066 1451 conjectus

984 1518 996 1530 ,.
1122 1457 1168 1555 ‘3
1235 1477 1345 1539 est,
1404 1489 1518 1529 nee
1578 1468 1769 1530 multo
1824 1479 1959 1551 post
2011 1490 2148 1530 cum
2205 1470 2567 1549 quibusdam
2617 1470 2752 1530 aliis
2811 1469 3061 1530 ducibus

719 1614 723 1618 .
1233 1565 1426 1646 capite
1463 1565 1692 1647 plexus,
1732 1566 1805 1627 eo
1840 1566 2001 1646 quod
2042 1566 2344 1646 suppetias
2386 1566 2755 1647 Hispanicas
2793 1565 2880 1626 ad
2916 1565 3061 1626 Per-

671 1661 982 1742 pinianum
1023 1672 1429 1743 properantes,
1462 1683 1581 1722 non
1622 1662 2066 1744 impedivisset,
2109 1682 2184 1723 ex
2218 1682 2340 1743 quo
2368 1662 2615 1733 factum,
2655 1671 2726 1723 ut
2763 1662 3060 1723 Constan-

668 1757 862 1819 tinum
903 1778 1010 1838 per
1048 1759 1211 1839 quod
1257 1756 1425 1819 Galli
1463 1760 1836 1820 'saracenam
1876 1780 1999 1821 una
2039 1778 2112 1819 ex
2154 1771 2320 1841 parte
2361 1759 2626 1821 clausam
2662 1771 2725 1820 et
2760 1759 3055 1820 obsoesam

666 1855 965 1927 tenebant,
994 1865 1128 1935 post
1158 1855 1366 1916 decem
1403 1854 1650 1916 circiter
1687 1854 1922 1916 dicrum
1962 1856 2359 1928 obsidionem,
2396 1856 2574 1917 certis
2611 1855 3054 1917 conditionibus

670 1951 933 2033 Hispani
974 1951 1327 2031 receperint,
1367 1963 1427 2012 et
1475 1951 1990 2012 Tar-aconensibus
2031 1971 2105 2012 ex
2152 1952 2258 2013 illa
2299 1964 2466 2033 parte
2515 1952 2766 2027 exitum,
2813 1954 3054 2014 duetore

664 2050 959 2114 exercitus
989 2046 1345 2107 Marchione
1374 2047 1445 2108 de
1478 2047 1771 2127 Leganes‚
1801 2048 2158 2129 aperuerint.

743 2143 1010 2204 AEstivos
1047 2141 1281 2202 Mensis
1318 2143 1365 2205 J
1371 2142 1481 2203 ulii
1523 2142 1770 2217 calores,
1811 2144 2028 2225 gelidae
2072 2146 2281 2208 mortis
2317 2146 2506 2228 frigus
2543 2146 2608 2206 in
2646 2145 3053 2227 potentissima

664 2238 997 2300 Galliarum
1041 2238 1281 2320 Regina
1319 2240 1589 2301 extinxit.
1678 2240 1820 2302 Fuit
1862 2241 1966 2302 illa
2005 2242 2260 2303 Henrici
2305 2243 2421 2303 IV.
2463 2243 2834 2304 Francorum
2875 2243 3050 2325 Regis

663 2337 933 2412 maximi,
974 2335 1302 2406 fortissimi,
1345 2338 1792 2418 prudentissimi
1830 2340 2075 2421 conjux,
2121 2338 2415 2402 Ludovici
2445 2340 2492 2403 J
2500 2341 2618 2402 usti
2653 2339 2886 2417 Mater,
2929 2360 3050 2421 quae

658 2434 1188 2496 calamitosissimis
1226 2435 1602 2496 miseriarum
1645 2437 2100 2517 tempestatibus
2141 2437 2249 2498 diu
2290 2436 2669 2518 multumque
2702 2439 2958 2520 jactata,
2998 2451 3050 2498 et

658 2554 765 2614 per
790 2535 987 2595 varias
1023 2534 1183 2595 orbis
1225 2533 1454 2616 plagas,
1490 2553 1655 2593 nunc
1690 2532 1831 2606 huc,
1873 2553 2037 2592 nunc
2076 2532 2239 2607 illuc,
2274 2533 2518 2615 agitata,
2559 2533 2836 2596 Coloniae
2875 2534 3049 2615 Agri·

657 2631 815 2711 pinae
845 2631 1113 2693 moeroris
1143 2630 1328 2691 finem
1356 2641 1418 2692 et
1453 2640 1690 2712 portum
1721 2635 1814 2707 (ut
1840 2628 2088 2689 omnino
2115 2629 2506 2705 confidimus)
2535 2642 2774 2691 aeternae
2803 2630 3047 2691 felicita·

656 2729 754 2800 tis,
784 2727 1034 2789 invenit.
1098 2725 1259 2787 Cum
1276 2738 1644 2805 postremum
1665 2725 1939 2786 morbum
1968 2726 2079 2786 sibi
2100 2725 2342 2787 fatalem
2361 2727 2666 2807 persensit,
2685 2727 3045 2788 caducarum

658 2844 854 2885 rerum
888 2823 1237 2884 memoriam
1266 2823 1502 2903 penitus
1523 2822 1792 2884 masculo
1810 2823 1951 2884 vere
1977 2833 2217 2903 pectore
2246 2824 2282 2883 a
2308 2844 2371 2884 se
2399 2823 2726 2895 abdicavit,
2749 2844 2868 2885 nec
2889 2823 3043 2895 alios,

655 2921 835 3000 quam
866 2921 942 2981 de
969 2919 1105 2981 eoeli
1133 2920 1326 2992 bonis,
1356 2938 1680 2992 sermones,
1709 2919 2028 2980 admittere
2058 2919 2277 2981 voluit:
2322 2920 2629 3002 potissima
2655 2939 2804 2981 cura
2834 2922 2954 2983 fuit
2988 2930 3049 2979 ut

656 3017 922 3078 animum
965 3035 1134 3077 sacra
1176 3014 1576 3097 exomologesi
1625 3016 1953 3095 expiatum,
1998 3015 2192 3076 divini
2235 3018 2396 3100 epuli
2437 3018 2713 3080 redderet
2745 3038 3044 3099 capacem,

654 3114 733 3175 ad
774 3114 933 3194 quod
973 3134 1111 3174 cum
1151 3113 1413 3174 maximo
1451 3113 1642 3173 animi
1677 3113 1890 3173 ardore
1929 3113 2324 3189 accubuisset,
2366 3116 2602 3197 magnis
2643 3115 2936 3194 passubus
2971 3113 3042 3173 ad

656 3211 1001 3272 aeternitatis
1020 3213 1331 3271 stationem
1360 3210 1700 3291 properavit
1715 3231 1736 3286 3
1781 3229 1963 3288 quam
1994 3208 2398 3289 placidissima
2416 3220 2608 3271 morte
2633 3210 2857 3291 attigit,
2878 3210 3042 3270 tertia

654 3305 754 3367 die
788 3306 835 3368 J
841 3306 969 3380 ulii,
1005 3307 1191 3367 Anno
1228 3306 1525 3367 incarnati
1563 3305 1727 3367 verbi
1768 3304 2232 3367 M.DC.XL11.
2260 3317 2400 3367 ante
2436 3307 2661 3367 obitum
2700 3325 2871 3366 suam
2911 3305 3041 3366 ulti·

652 3421 810 3462 mam
839 3402 1208 3464 voluntatem
1236 3402 1457 3482 scripto
1485 3412 1757 3464 testatam
1782 3401 1986 3478 voluit,
2016 3404 2190 3484 eujus
2217 3404 2626 3464 executionem
2651 3402 3035 3464 Serenissimo

652 3499 940 3572 Electori,
988 3498 1463 3580 Archiepiscopo
1503 3495 1876 3569 Coloniensi,
1925 3496 2393 3557 commendavit.
2484 3495 2746 3577 Regium
2788 3497 3037 3557 cadaver

649 3604 964 3676 postquam
1004 3595 1121 3655 alio
1163 3613 1472 3675 quousque
1516 3592 1787 3655 Coloniae
1821 3592 2030 3653 fuisset
2067 3602 2382 3669 retentum,
2424 3592 2486 3652 in
2533 3592 2802 3653 Galliam
2842 3603 3034 3674 postea

648 3711 866 3773 pompa
902 3692 1100 3773 Regia
1141 3692 1489 3765 abductum,
1525 3701 1583 3752 et
1622 3689 1948 3772 majoribus
1984 3688 2106 3749 suis
2148 3688 2425 3772 Regique
2464 3690 2736 3752 Henrico
2770 3689 3030 3773 conjugi,

645 3791 1001 3869 appositum.
