3225 4700
324 337 388 401 308
714 334 1116 403 ITINERARIUM.

326 488 468 560 exerceri,
482 507 552 549 cnm
569 488 609 548 ad
622 486 700 569 ipsas
716 488 807 548 etiam
825 486 1018 547 munitiorum
1037 487 1192 548 civitatum
1210 494 1310 568 portas
1328 494 1515 547 excurrerent

327 584 483 664 manipuli,
497 593 532 644 nt
544 584 633 644 obvia
645 584 768 663 qnaeris,
783 585 815 643 in
829 591 926 643 castra
935 592 1089 643 averteret.
1131 581 1307 643 Gliscebant
1317 581 1407 641 etiam
1419 582 1515 641 nescio

328 700 396 760 qnae
410 680 516 742 Gallos
528 680 606 741 inter
619 688 649 741 ct
663 680 785 753 Suecos,
800 676 896 739 ethos
909 678 987 739 inter
1000 687 1030 739 ct
1048 678 1294 761 Lunebnrgenses
1310 678 1448 749 dissidia,
1462 678 1516 737 sin-

329 775 408 858 gulis
421 776 555 856 partibus
568 776 625 835 sibi
638 774 867 855 deposcentibus
881 782 1012 834 castrum
1024 775 1107 854 qnod
1123 783 1235 835 armata
1251 774 1284 833 vi
1303 792 1459 852 nunqnam
1474 792 1517 832 ae·

329 872 445 951 cepturi
464 880 559 932 erant.
605 873 655 932 Ac
676 867 879 951 Lunebnrgici
901 868 1024 947 quidem
1049 870 1210 930 credebant
1233 868 1289 929 sibi
1312 868 1415 929 deberi
1440 868 1518 928 velut

331 966 472 1027 Dominis
490 976 577 1028 teman
597 976 627 1028 et
645 966 734 1027 fundi
759 965 850 1026 illins.
889 965 972 1027 Galli
992 986 1062 1027 vero
1082 974 1113 1025 et
1134 964 1223 1026 Sueci
1243 964 1300 1024 sibi
1321 964 1517 1045 deposcebant

330 1062 440 1144 pignus
457 1072 510 1124 aut
528 1062 725 1143 hypothecam
743 1064 879 1142 pecnnia
898 1062 916 1123 a
934 1062 1149 1143 Lnnebnrgicis
1168 1060 1318 1141 promissae
1336 1070 1368 1120 et
1387 1060 1517 1120 nondum

333 1169 507 1220 numeratae.
548 1159 639 1231 Quod
665 1168 729 1219 tum
756 1158 789 1219 hi
815 1161 915 1240 aperte
942 1158 1007 1220 sine
1029 1156 1218 1219 simulatione
1237 1166 1352 1238 petunt,
1374 1155 1421 1216 illi
1441 1154 1517 1215 hand

332 1254 456 1316 obscure
469 1256 711 1337 tergiversantur,
725 1258 881 1319 sententiis
894 1256 1034 1338 primurn,
1050 1255 1124 1315 dnm
1138 1254 1206 1315 totis
1218 1252 1326 1315 animis
1339 1252 1358 1313 d
1370 1272 1402 1312 se
1417 1252 1518 1313 mutnb

332 1359 509 1412 cremantur
524 1359 554 1411 et
566 1350 735 1412 discedunt.

375 1446 436 1508 Har
450 1447 528 1507 inter
540 1454 638 1527 partes
650 1445 847 1508 dissensiones
861 1448 1010 1527 utrimque
1024 1467 1145 1508 causam
1159 1445 1361 1527 praehnerunt,
1374 1453 1409 1505 ut
1418 1452 1520 1505 neutra

335 1561 404 1624 pars
416 1542 501 1603 alteri
514 1542 642 1623 amplius
654 1541 770 1603 fideret.
801 1544 887 1605 Hinc
901 1544 1021 1605 tandem
1035 1543 1143 1605 didicit
1156 1540 1435 1622 Luneburgensinm
1449 1541 1519 1601 Dux

335 1646 481 1718 quantum
494 1638 552 1698 sibi
564 1646 754 1700 externorum
767 1638 960 1722 Principium
973 1637 1086 1701 foedera
1099 1638 1280 1712 obfirissent3
1302 1656 1363 1715 qna
1378 1656 1416 1697 ex
1435 1656 1522 1697 cansa

336 1733 564 1814 cogitationibus
586 1734 649 1795 suis
671 1735 752 1796 varie
771 1738 803 1796 in
825 1737 976 1798 diversum
991 1735 1122 1816 jactatus
1141 1733 1304 1794 deliberare
1324 1752 1425 1794 secum
1446 1732 1520 1793 scrib

336 1828 451 1909 incipit,
465 1847 525 1910 qno
538 1830 628 1891 modo
641 1840 776 1892 externas
789 1832 935 1892 amicitias
948 1830 1090 1892 dissolvat
1099 1841 1129 1891 et
1142 1849 1211 1890 cum
1223 1828 1342 1890 Caesare
1351 1828 1384 1888 in
1395 1830 1522 1910 gratiam
1599 1862 1600 1865 =

337 1934 502 1987 revocetur.
544 1925 670 2000 Evocat,
683 1927 868 2005 paucissimis
881 1946 1003 1987 suornm
1017 1927 1112 2006 iisqne
1125 1924 1307 1987 fidelissimis
1324 1925 1464 1993 consciis,
1477 1934 1522 1985 tu-

337 2020 477 2094 bicincm‚
492 2040 580 2100 quern
595 2039 665 2081 cnm
683 2019 788 2082 litteris
806 2022 846 2083 ad
864 2022 1092 2083 Sereniasimnnr
1111 2019 1317 2099 Archidncem
1337 2020 1525 2101 Lcopoldnm

338 2115 481 2196 evestigio
494 2114 620 2176 dimittit
631 2116 721 2176 etiam
733 2125 822 2199 atque
835 2117 925 2178 etiarn
939 2117 1104 2193 obtestans;
1125 2127 1160 2177 nt
1168 2116 1309 2197 dignetur
1318 2116 1358 2177 ad
1368 2136 1400 2176 ae
1412 2117 1525 2177 Brnns·

339 2210 437 2271 nicam
458 2210 607 2270 destinare
625 2209 767 2289 aliquem,
789 2213 913 2291 qnicnm
937 2220 1064 2272 secretos
1090 2212 1183 2273 animi
1207 2222 1368 2293 conceptus
1391 2212 1525 2273 conferre

339 2313 403 2367 tuto
415 2314 512 2385 posset
519 2326 529 2380 ς
550 2304 703 2366 decretum
716 2305 774 2367 sibi
786 2326 848 2368 esse
862 2316 975 2368 veteres
985 2326 1055 2367 cum
1068 2306 1199 2388 Imperio
1209 2306 1353 2370 amicitias
1364 2327 1523 2368 renovare:

340 2400 372 2462 id
389 2401 471 2480 qnod
489 2399 687 2480 perlubenter,
705 2423 759 2480 pro
777 2423 812 2464 ea
832 2413 953 2485 quaest
971 2402 1182 2464 Serenissimns
1201 2402 1358 2465 archidux
1376 2403 1526 2477 comitate,

340 2496 457 2564 annuit,
470 2497 609 2577 misitque
622 2499 675 2577 qni
689 2519 725 2559 aa
737 2497 885 2580 legatione
899 2497 1073 2580 fungeretur
1086 2499 1240 2560 Wahliunr
1253 2500 1350 2560 virum
1365 2501 1398 2558 in
1414 2508 1487 2580 toga
1499 2507 1527 2558 et

341 2591 1526 2673 sagosibiscmpersimilem,undcu1nsn0CancellarioJoanncKalcbschimdt,

341 2705 417 2764 qnos
434 2685 652 2769 Lnnebnrgius‚
665 2708 783 2750 summa
795 2709 857 2769 qua
870 2690 966 2768 potuit
977 2689 1160 2751 humanitate
1174 2699 1318 2771 acceptas,
1334 2690 1372 2754 de
1384 2687 1449 2749 suis
1459 2709 1528 2750 con-

342 2780 417 2841 siliis
429 2781 560 2842 edocuit.
583 2782 653 2842 Non
668 2782 764 2858 latuit,
779 2783 927 2864 postulata
939 2783 1003 2845 haec
1016 2785 1126 2866 legatio
1140 2785 1199 2865 qnb
1217 2786 1360 2858 tenderet,
1375 2784 1529 2844 oonfoede·

342 2885 431 2951 ratos,
454 2877 533 2938 unde
551 2897 612 2938 non
630 2877 702 2939 duci
718 2886 847 2954 tantum,
865 2881 918 2941 sed
934 2881 1072 2942 universo
1092 2881 1226 2961 ejusdem
1244 2880 1333 2940 militi
1353 2879 1529 2960 gravissimb
1582 2883 1588 2892 “

342 2983 575 3034 succensuerunt
587 2973 686 3053 palam
699 2984 871 3048 asserentes,
885 2995 916 3036 sa
934 2975 953 3036 d
969 2976 1047 3036 duce
1064 2986 1095 3036 et
1112 2975 1303 3038 consiliorum
1321 2977 1385 3057 ejus
1402 2976 1531 3036 consciis

343 3069 483 3151 deceptos
491 3071 681 3150 proditosqne
692 3089 765 3144 esse,
777 3090 813 3130 ac
821 3070 946 3152 proinde
956 3091 1055 3152 nequa
1065 3072 1159 3152 copisa
1171 3071 1387 3152 Luneburgicoe
1397 3069 1529 3151 aliquam

344 3163 406 3224 dae
420 3165 633 3245 separationem
647 3165 833 3241 molirentur,
847 3166 1013 3247 praecipuos
1025 3167 1096 3228 belli
1111 3167 1202 3227 duces
1219 3167 1428 3228 custodiendos
1445 3187 1530 3227 man·

344 3258 464 3330 darunt,
478 3261 626 3341 reliquum
640 3270 740 3322 antem
752 3261 878 3322 militem
892 3265 1055 3344 cobgernnt
1068 3261 1086 3322 l
1099 3281 1130 3322 se
1143 3282 1181 3322 ne
1195 3261 1370 3324 discederet.

387 3351 447 3413 Sed
465 3374 504 3413 ne
522 3355 617 3416 multo
636 3367 711 3436 post,
731 3355 914 3417 obsidionem
935 3358 1025 3419 tantis
1043 3357 1184 3439 impensis
1200 3367 1377 3438 susceptam,
1396 3377 1432 3418 ac
1448 3367 1530 3418 tanto

347 3448 446 3509 labore
459 3450 661 3512 continuatam
674 3473 712 3513 ex
725 3453 886 3532 improviso
898 3453 1051 3515 solverunt
1064 3455 1194 3514 accensis
1205 3454 1286 3534 prius
1297 3454 1411 3528 castris,
1423 3454 1529 3515 dirutis

346 3545 444 3620 vallis,
464 3555 495 3606 et
511 3546 642 3626 perfosso
659 3567 777 3630 aggere.
820 3547 898 3608 Haec
911 3557 945 3610 ut
966 3549 1041 3611 vidit
1060 3549 1340 3631 Rauschenbergius
1358 3551 1435 3611 serio
1456 3549 1528 3632 geri,

347 3643 399 3703 rix
416 3641 477 3703 anis
495 3641 558 3722 ipse
575 3644 669 3705 oculis
688 3643 873 3717 credidisset,
891 3644 948 3706 nisi
964 3644 1126 3708 diminutas
1141 3646 1299 3727 derepente
1314 3665 1418 3728 aquas,
1435 3656 1529 3707 castra
