3225 4700
330 294 395 361 410
714 298 742 365 I
749 300 1044 369 TINERARI
1053 301 1138 368 UM.

333 448 523 529 applicatae
541 473 608 513 mox
624 454 663 515 ad
681 453 970 515 circumvallandum
986 454 1102 535 aliquot
1115 453 1285 514 accolarum
1303 451 1403 514 millia
1421 447 1571 532 quibus

333 545 588 611 concludebantur
600 551 733 632 quinque
746 551 818 632 pugi
832 561 891 612 tres
905 551 995 626 uillae,
1009 551 1166 612 fossionem
1181 551 1317 630 imperat.

374 639 482 704 Castra
495 646 566 707 verb
584 667 639 708 sua
656 649 687 708 iu
708 650 842 730 quinque
861 649 1026 729 praecipuas
1046 649 1186 710 stationes
1204 647 1378 729 distinguit,
1402 644 1567 725 primam

334 736 457 816 quidem
470 742 604 823 disponit
618 745 657 806 ad
673 744 754 806 illam
772 755 887 826 partem
907 765 974 826 quae
990 745 1091 806 Metus
1108 744 1240 824 respicit,
1255 763 1382 823 eumque
1400 742 1469 821 ipse
1485 757 1568 819 pro

333 853 365 893 se
378 834 485 919 selegit
498 841 651 902 tuendam.
694 842 828 904 Alteram
848 843 988 903 Treviros
998 863 1101 904 versus
1113 841 1233 904 ordinat
1245 861 1335 921 quam
1352 835 1566 900 Marobioni

334 929 372 990 de
386 931 511 996 Jessure
530 937 673 1021 assignat.
715 940 846 1003 Tertiam
865 950 982 1002 montes
1000 948 1183 1020 spectantem
1205 937 1317 999 Comiti
1334 937 1373 997 de
1392 937 1568 997 Aumont

334 1029 479 1092 attribuit.
511 1033 656 1106 Quartam
671 1036 805 1098 decernit
817 1037 932 1100 Comiti
945 1038 983 1097 de
998 1038 1137 1116 Gransey
1151 1055 1187 1095 ex
1197 1033 1290 1095 altera
1300 1032 1443 1094 fluminis
1458 1032 1563 1113 ripa.

336 1123 480 1208 Quintam
490 1130 619 1212 denique
628 1134 762 1194 Domino
772 1135 810 1194 de
821 1133 951 1196 Gassion
964 1131 1119 1214 permittit.
1143 1130 1180 1191 ln
1193 1139 1371 1211 postremam
1382 1128 1470 1188 hano
1485 1127 1566 1188 ob-

334 1223 407 1282 sessi
421 1225 548 1304 primam
566 1229 666 1290 statim
684 1230 870 1310 eruptionem
886 1230 1104 1311 disposuerunt,
1119 1248 1245 1309 eamque
1258 1227 1423 1288 fortissime
1438 1227 1565 1305 impe·

336 1317 468 1383 tiveruut
482 1345 540 1384 non
560 1329 625 1385 sine
640 1327 761 1407 copioso
780 1337 811 1388 et
828 1326 923 1388 nobili
939 1327 1096 1388 Gallorum
1114 1325 1384 1405 sanguinemque
1401 1323 1491 1384 enim
1506 1331 1559 1380 ut
1592 1273 1593 1356 l

335 1427 420 1478 erant
436 1420 517 1479 obvii
531 1420 706 1483 officialibus
727 1424 887 1505 praecipuis
901 1424 1049 1505 parcitum
1066 1431 1119 1484 cst.
1161 1422 1211 1483 Ne
1225 1421 1329 1482 castris
1344 1429 1558 1480 commeatus

335 1513 450 1577 deesset
468 1516 568 1578 Metus
580 1519 718 1600 supplere
728 1520 829 1600 jussit,
845 1521 906 1601 qub
927 1540 986 1580 non
1006 1519 1103 1581 multb
1120 1528 1188 1579 aute
1206 1517 1327 1600 plurimi
1341 1516 1493 1577 frumenti
1509 1531 1552 1574 et

335 1612 440 1674 farinae
455 1614 547 1675 modii
562 1615 654 1677 delati
667 1616 797 1690 fuerant,
809 1637 844 1678 ac
859 1637 896 1678 ne
910 1615 1050 1696 opinione
1063 1615 1152 1676 citius
1165 1614 1373 1677 exhauriretur
1387 1612 1548 1693 provisio.

334 1709 456 1771 aliunde
474 1729 592 1792 quoque
605 1713 833 1792 providissimus
850 1715 914 1774 dux
931 1713 1096 1774 accersivit.
1140 1712 1269 1774 Ineunte
1286 1711 1368 1771 enim
1386 1710 1411 1771 J
1415 1709 1481 1770 ulio
1498 1709 1541 1768 ad

334 1818 432 1867 castra
453 1807 572 1869 Gallica
593 1808 809 1892 quadringenti
833 1831 939 1870 currus
961 1809 1057 1870 farind
1081 1809 1180 1870 onusti
1204 1815 1417 1889 pervenerunt,
1441 1813 1476 1865 et
1506 1805 1537 1864 in

232 1923 234 1927 ·
334 1903 445 1964 milites
458 1905 570 1966 viritim
586 1905 676 1966 divisi
689 1915 770 1966 sunt.
814 1905 866 1966 Ad
879 1914 1017 1986 quartum
1033 1904 1185 1966 decimum
1200 1904 1223 1966 J
1226 1903 1279 1964 ulii
1296 1922 1390 1982 usque
1403 1921 1539 1984 aggeres
1592 1951 1593 1958 .

335 2000 423 2080 ejecti
436 2011 516 2074 sunt,
531 2011 560 2062 et
573 2010 721 2063 tormenta
734 2001 878 2083 disposita
889 2003 997 2082 quibus
1011 2002 1153 2083 deinceps
1164 2001 1235 2060 urbs
1244 2008 1428 2080 quateretur.
1471 1998 1540 2059 De·
1592 2045 1593 2122 q

336 2095 416 2156 cimo
433 2099 536 2178 quinto
555 2100 578 2162 J
581 2098 636 2160 ulii
655 2098 821 2181 octingenti
841 2098 965 2160 omuino
983 2099 1065 2180 globi
1082 2097 1232 2160 numerati
1250 2108 1320 2158 sunt
1336 2095 1388 2176 qui
1409 2116 1449 2156 ex
1472 2109 1539 2157 tor·
1592 2135 1593 2188 3

336 2195 444 2254 mentis
464 2195 560 2257 multo
578 2196 696 2278 fragore
713 2195 835 2277 impulsi
855 2205 934 2256 sunt.
975 2195 1029 2257 Ad
1049 2196 1201 2258 decimum
1214 2194 1375 2275 septimum
1393 2193 1538 2274 ejusdem
1592 2193 1593 2262 l

338 2290 421 2352 Galli
434 2293 564 2373 primum
580 2293 676 2355 moliti
689 2304 761 2355 sunt
773 2293 919 2375 impetum
933 2293 963 2354 in
979 2293 1198 2355 munimentum
1213 2291 1301 2365 illud,
1315 2290 1397 2371 quod
1411 2290 1539 2350 molen·

336 2388 409 2449 dino
422 2389 530 2450 obsessi
544 2388 753 2471 opposuerant,
765 2410 800 2451 ac
814 2390 867 2451 ille
877 2390 998 2471 quidem
1010 2391 1180 2451 incursione
1190 2388 1350 2451 Gallorum
1360 2388 1536 2469 octingenti
1592 2424 1593 2427 =

336 2485 530 2547 cecideruut:
551 2506 613 2567 qua
629 2487 713 2548 clade
731 2486 807 2547 nihil
823 2487 923 2549 territi
940 2488 1067 2549 alterum
1082 2487 1264 2548 adornarunt
1278 2506 1337 2546 non
1352 2484 1448 2544 multo
1464 2496 1536 2564 post
1592 2468 1593 2547 l

336 2578 490 2654 assultum,
505 2600 565 2661 quo
579 2590 662 2641 tanta
675 2582 787 2642 ferocia
800 2582 1001 2654 incurrerunt,
1016 2592 1050 2643 ut
1066 2602 1103 2643 eo
1118 2581 1324 2662 nequidquam
1342 2582 1534 2642 obstantibus

336 2677 461 2738 obsessis
487 2677 573 2758 potiti
593 2680 664 2751 siut,
687 2679 810 2759 quando
831 2691 940 2759 praeter
963 2698 1151 2739 numerosam
1179 2678 1383 2759 gregariorum
1409 2677 1532 2737 turbam

335 2773 434 2854 plures
456 2775 545 2836 etium
566 2776 668 2857 magni
692 2776 822 2837 nominis
845 2776 938 2837 duces
959 2777 1171 2837 occubuerunt.
1213 2774 1370 2857 Vigesima
1395 2775 1533 2835 secunda

335 2870 358 2932 J
361 2870 415 2931 ulii
429 2892 520 2931 uuam
533 2892 571 2931 ex
583 2871 738 2932 semilunis
751 2891 819 2952 quae
834 2871 934 2953 quinoe
945 2872 1104 2933 tuebantur
1117 2871 1157 2930 ad
1170 2868 1264 2931 fossas
1277 2879 1308 2931 et
1321 2870 1401 2930 valla
1411 2869 1531 2931 aditum

336 2988 406 3029 cum
419 2980 547 3049 quatuor
564 2968 693 3029 militum
712 2967 844 3029 millibus
862 2970 974 3051 agressi
992 2978 1072 3037 sunt,
1086 2988 1176 3049 qnam
1194 2990 1263 3030 cum
1284 2968 1368 3031 Galli
1384 2980 1532 3051 reportas-

336 3074 412 3139 sent,
427 3067 537 3127 obsessi
550 3086 604 3127 sua
616 3065 726 3125 virtute
740 3064 790 3125 fisi
804 3076 1016 3148 represserunt,
1030 3086 1066 3125 ac
1081 3077 1164 3127 tauto
1178 3066 1292 3147 impetu
1305 3068 1405 3127 denuo
1421 3087 1530 3147 exege-

336 3170 416 3234 runt,
430 3172 464 3223 ut
476 3162 711 3243 quadringentos
724 3161 926 3223 internecione
940 3160 1115 3223 deleverint.
1158 3162 1271 3223 Paucis
1286 3163 1470 3245 complectar
1482 3164 1530 3224 iu-

337 3278 470 3319 numera.
514 3257 581 3319 Nec
594 3259 734 3340 sanguini
744 3279 800 3319 nec
812 3258 953 3339 impensis
964 3257 982 3318 d
993 3257 1150 3319 Gallorum
1166 3260 1298 3339 partibus
1313 3262 1462 3341 parcitum
1473 3272 1527 3333 est,

337 3363 370 3415 ut
383 3353 462 3414 hauc
475 3354 671 3415 munitionem
690 3356 722 3417 iu
742 3366 914 3437 potestatem
932 3378 1017 3419 suam
1037 3358 1218 3438 redigerent,
1234 3367 1263 3419 et
1275 3358 1348 3420 licet
1368 3360 1478 3420 obsessi
1497 3380 1528 3419 sc
1592 3350 1593 3355 ¹

337 3450 495 3511 fortissime
505 3459 661 3513 tuerentur
673 3473 733 3513 non
745 3464 907 3536 potueruut
917 3464 1016 3515 tamen
1029 3452 1178 3515 indicibili
1191 3453 1296 3529 labori,
1311 3464 1342 3517 et
1354 3455 1408 3517 diu
1422 3467 1528 3518 noctu·
1592 3484 1593 3501 u

336 3567 394 3625 que
410 3546 591 3608 continuatis
610 3547 777 3611 iucursibus
797 3550 910 3612 diutius
929 3550 1056 3623 obstare,
1078 3550 1208 3611 manime
1228 3570 1298 3612 cum
1318 3551 1404 3613 miles
1426 3554 1527 3633 praesi-

335 3642 449 3703 diarius
461 3663 551 3724 supra
567 3644 757 3706 medietatem
770 3646 938 3709 defecisset.
980 3645 1043 3706 Sub
1061 3644 1213 3706 decimum
1230 3646 1323 3729 igitur
1337 3648 1470 3731 Augusti
1487 3650 1525 3710 ad
