3225 4700
490 307 902 377 ITINERARIUM.
1228 307 1291 375 249

138 456 203 522 Ηίο
218 453 342 542 Imperii
357 459 562 526 concellarius
576 463 686 527 Comes
701 463 800 526 Kurta
816 462 944 525 Doctori
961 461 1196 546 Reigersperger
1212 479 1290 540 prae·

84 555 210 618 lectum
224 557 243 618 d
258 557 393 620 Doctore
408 559 535 622 Soldner
549 562 779 642 propositionem
792 557 929 621 tradidit.

138 653 202 716 His
214 655 343 734 peractis
355 675 409 717 sua
421 655 560 718 Oaesares
574 657 718 740 Mejestas
731 676 823 738 quam
837 655 967 736 primum
982 653 1020 714 de
1033 651 1140 715 throno
1150 651 1288 726 surrexit,

80 759 122 812 et
138 759 203 812 tam
216 751 270 812 diu
283 761 386 833 aperto
399 752 496 834 capite
509 753 600 829 stetit,
616 753 716 834 quood
732 753 858 833 Imperii
875 760 970 813 status
987 749 1079 812 simili
1096 752 1211 826 ordine,
1226 768 1288 831 quo

81 847 135 908 ad
162 847 277 909 curiam
301 856 456 924 venerant,
481 859 685 912 reverterunt:
718 859 790 910 tuno
811 869 866 911 soa
887 848 1033 929 Majestas
1053 849 1170 929 operuit
1189 849 1290 910 denno

78 953 196 1024 caput,
210 953 371 1026 secutaque
384 955 429 1007 est
441 955 501 1008 tres
512 946 724 1028 Imperator-ios
733 946 893 1007 Ministros
902 964 1075 1025 supremum
1085 944 1201 1007 scilicet
1209 945 1286 1006 aula

81 1039 243 1102 Caesarem
257 1041 453 1117 Praefectum,
473 1043 653 1124 supremum
675 1041 896 1114 Camerarium,
908 1051 940 1102 et
953 1039 1187 1102 Mareschallum
1200 1041 1289 1117 aulae,

79 1148 183 1218 atque
196 1138 240 1198 ita
251 1156 355 1200 omnes
367 1139 458 1201 simul
471 1140 622 1203 cauom
635 1139 760 1202 domum
772 1137 907 1201 comitati
919 1147 1008 1215 annt;
1029 1157 1158 1218 cumque
1167 1136 1235 1199 istic
1248 1139 1288 1200 ad

82 1233 252 1296 dimidiam
266 1234 386 1297 circiter
398 1219 503 1298 horam
516 1243 732 1318 expectassent,
745 1235 994 1316 accumbentiqua
1011 1234 1052 1296 ad
1071 1253 1204 1296 mensam
1222 1235 1287 1296 Iur-

79 1331 223 1414 peratori
235 1331 359 1394 servitia
371 1342 513 1394 consueta
526 1332 713 1406 detulissent,
723 1333 762 1394 ad
775 1352 860 1394 suam
869 1331 995 1413 quisque
1005 1331 1130 1393 domurn
1140 1331 1172 1392 iu
1183 1331 1287 1392 essedo

84 1429 238 1491 reductus
251 1437 312 1491 est:
333 1437 422 1509 atque
440 1429 484 1491 sic
503 1429 601 1492 omnis
618 1428 829 1512 propositionis
847 1428 937 1512 hujus
950 1437 1035 1491 actus
1051 1429 1092 1491 ad
1108 1428 1200 1490 finem
1219 1449 1287 1512 per·

83 1525 214 1587 ductus.

416 1626 525 1685 Actum
537 1623 717 1696 Ratisbonoe,
733 1627 779 1685 1³.
793 1621 979 1702 Septembris.
1020 1620 1112 1684 Anno
1128 1625 1214 1686 1640.

134 1816 240 1879 Habes
253 1816 396 1880 benevolo
411 1818 520 1881 Lector
532 1817 622 1882 totius
635 1817 726 1900 hujus
737 1815 863 1880 actionis
875 1816 993 1890 seriem,
1008 1826 1038 1878 et
1050 1816 1197 1894 ordinem,
1211 1819 1288 1882 forte

87 1913 304 1998 prolixioribus
318 1934 408 1994 quam
420 1915 540 1978 volebas
553 1916 663 1992 verbis,
677 1915 736 1978 feci
750 1915 783 1977 id
797 1916 836 1977 de
849 1914 1007 1990 industria,
1021 1923 1055 1976 ut
1063 1914 1166 1977 videas
1175 1925 1289 1997 quanta

89 2031 166 2072 cum
180 2010 354 2073 solennitate
369 2012 492 2075 comitia
503 2023 692 2096 peragantur,
707 2013 734 2075 si
751 2011 834 2074 enim
852 2011 933 2072 solus
950 2009 1101 2094 ingressus
1117 2019 1215 2072 tantas
1233 2012 1288 2074 ad·

89 2106 212 2168 miserit
225 2107 418 2183 oeremonias,
431 2130 559 2190 pronum
574 2110 632 2172 erit
644 2109 785 2191 prudenti
798 2108 822 2170 J
824 2107 957 2183 udicare,
971 2107 1047 2188 quid
1059 2106 1091 2167 iu
1108 2107 1176 2168 aliis
1188 2106 1288 2168 solcu-

88 2203 230 2264 nioribus
252 2203 367 2265 actibus
387 2203 455 2266 fieri
477 2226 632 2268 necessum
656 2206 704 2268 sit.
758 2205 840 2268 Dein
865 2225 925 2266 non
951 2203 1090 2265 omnibus
1113 2202 1194 2265 obvii
1217 2214 1289 2266 sunt

88 2307 240 2373 auctores,
254 2299 307 2381 qui
320 2301 501 2364 articulatim
515 2301 567 2364 illa
580 2312 783 2385 percenseant,
800 2300 889 2363 retuli
899 2299 993 2383 igitur
1006 2299 1036 2361 in
1051 2318 1150 2361 meum
1165 2299 1288 2363 codicu-

87 2395 168 2471 lum,
194 2397 268 2477 quia
289 2396 362 2459 talia
388 2407 458 2459 sunt
484 2419 551 2480 quae
578 2400 713 2461 serviunt
739 2400 867 2461 subinde
895 2397 1058 2459 multorum
1084 2397 1286 2459 instructioni.

90 2494 196 2576 Opera
208 2505 311 2555 nostra
323 2502 354 2555 et
366 2506 476 2557 conatu
494 2504 577 2560 utere
595 2495 620 2558 si
639 2495 732 2569 lubet,
750 2496 776 2557 si
794 2494 933 2577 displicet
949 2494 1066 2555 trausili
1085 2495 1125 2556 ad
1143 2495 1203 2556 alia
1218 2514 1286 2575 qnae

89 2590 177 2653 orexi
188 2600 249 2653 tuae
262 2598 331 2651 sunt
343 2592 505 2673 sapidiora.
548 2593 709 2673 Deumque
727 2592 946 2675 impensissimo
963 2589 1074 2652 affectu
1091 2612 1153 2667 ora,
1174 2602 1209 2654 ut
1223 2593 1288 2654 Eu·

88 2706 174 2769 ropae
196 2696 240 2748 tot
260 2686 395 2749 cladibus
416 2688 534 2751 afflictas
558 2698 603 2752 tot
624 2690 752 2751 miseriis
772 2690 933 2761 exhaustas,
954 2688 1045 2749 tantis
1067 2687 1288 2752 calamitatibus

89 2794 241 2845 enervate
255 2782 418 2863 aliquando
431 2786 552 2849 tandem
566 2806 621 2870 pro
634 2806 689 2849 sua
703 2785 907 2849 misericordia
923 2806 1028 2868 pacem
1046 2794 1077 2848 et
1094 2786 1287 2849 concordiam

89 2881 256 2943 concedere
268 2879 419 2963 dignetur.
