3225 4700
385 350 689 419 BENEVOLO
721 350 981 419 LECTORI.
1210 348 1272 414 301

73 501 158 561 dum
179 510 276 563 seetor
295 501 328 562 in
345 501 510 564 mlnmnias
527 503 621 565 iuaidi
639 522 753 579 eorum,
770 503 881 583 quibus
898 502 997 585 profui
1013 502 1172 586 plurimum
1191 501 1276 563 obsui

73 618 259 679 numquam.
300 598 386 671 Quid
399 604 488 662 tum?
507 600 637 661 solennis
649 599 699 662 hie
712 609 757 662 est
768 600 888 662 virtutis
901 599 996 681 agari,
1010 600 1042 660 in
1056 619 1116 680 quo
1125 600 1191 681 Jam
1205 598 1275 673 inde

73 713 96 754 a
114 695 218 775 primo
235 696 316 757 orbis
333 695 456 757 exordio
474 696 673 779 praeluserunt
689 696 824 759 veritatis
839 704 1083 780 propugnatores,
1102 696 1195 779 pressi
1209 695 1277 776 qui·

75 790 166 865 dem,
180 790 234 852 sed
245 810 392 871 nuquam
406 792 550 873 oppressi,
563 800 622 853 stat
633 790 723 852 firmo
740 791 818 872 pede
835 791 968 853 mdioata
985 791 1078 853 semel
1094 792 1203 874 saepius
1220 792 1277 852 im·

75 894 218 967 pugnata
242 887 360 964 veritas,
383 906 440 948 nee
460 888 594 950 adversis
613 896 770 950 ventorum
795 887 963 949 turbinibus
983 888 1111 970 impulsa
1130 897 1275 951 movetur.

77 982 184 1064 Cujus
197 981 364 1044 constantia
374 983 529 1044 roboratur
542 983 673 1045 ealamus
685 983 726 1044 ad
737 984 855 1044 tertiam
870 982 1044 1045 Historiolae
1056 1003 1131 1046 meae
1143 984 1278 1065 partitio-

77 1098 156 1139 nem
170 1076 296 1140 fidenter
309 1078 428 1140 mandit
439 1078 473 1141 in
485 1098 546 1159 qua
557 1088 641 1161 gesta
652 1079 690 1141 ab
704 1081 797 1140 Anno
810 1078 983 1142 Christiano
1000 1078 1153 1162 trigesimo
1170 1089 1276 1144 octavo

79 1194 177 1256 supra
200 1173 406 1235 millensimum
431 1175 677 1236 sexcentesimum
696 1177 736 1238 ad
762 1195 876 1237 annum
900 1194 992 1256 usque
1015 1174 1275 1257 quadragesimum

78 1270 225 1351 quintum
244 1277 313 1351 post
327 1270 510 1331 sedecimum
531 1270 675 1332 snoulnm
696 1270 947 1343 oommemoralio,
969 1270 1121 1331 sunnineto
1141 1270 1273 1351 quidem,

80 1377 232 1448 quantum
245 1366 385 1449 temporis
397 1386 556 1447 rerumque
565 1367 642 1430 ratio
655 1368 792 1450 patietur,
806 1369 860 1430 sed
873 1367 1003 1429 eandida
1015 1366 1102 1447 stylo.
1144 1366 1234 1439 Quod
1248 1368 1275 1429 si

82 1465 154 1545 quis
167 1474 275 1546 agnat
284 1464 425 1545 vulgares
437 1482 486 1525 me
499 1482 546 1525 res
559 1472 589 1525 et
601 1463 666 1524 orbi
684 1451 853 1525 notissimas
869 1482 1116 1535 oommemorare;
1136 1462 1229 1524 fateor
1242 1462 1275 1525 id
1321 1462 1325 1473 '

83 1561 237 1641 equidem,
252 1559 327 1621 side
340 1558 458 1641 populis
469 1567 500 1621 et
511 1559 682 1621 nationibus
694 1579 790 1621 sermo
802 1559 843 1621 sit
860 1559 914 1639 qui
930 1568 1032 1621 nostro
1049 1558 1161 1620 elimati
1174 1559 1274 1641 subja-

81 1665 165 1717 cent.
206 1655 279 1717 Non
292 1656 364 1716 item
376 1655 430 1736 qui
443 1654 600 1717 remotiore
616 1655 649 1715 in
664 1656 735 1717 orbe
753 1664 909 1716 vereantur
922 1654 1029 1735 quibus
1048 1676 1131 1717 meus
1144 1655 1275 1717 ealamus

83 1753 213 1834 perinde
224 1751 325 1813 servit.
366 1750 532 1812 Scribimus
541 1750 606 1813 haee
616 1770 689 1813 sera
699 1750 862 1832 posteritati
871 1750 911 1812 ad
920 1749 1117 1811 imitationem
1127 1752 1273 1831 majorum

84 1859 267 1921 nostram,
288 1848 342 1930 qui
363 1847 502 1910 historias
524 1867 579 1909 suo
598 1866 664 1909 aevo
683 1846 851 1908 notissimas
869 1846 1072 1908 subsecuturis
1093 1846 1275 1926 temporibus

83 1944 272 2025 antiquitatis
288 1943 397 2005 faeiem
411 1952 557 2005 vetustate
574 1942 802 2004 oblitterandam
820 1950 951 2022 repetere
967 1938 1146 2016 volentibus,
1165 1942 1276 2022 scripto

84 2045 266 2123 expresebre·
305 2040 406 2104 Nemo
417 2039 544 2101 miratur
555 2038 645 2100 flores
658 2048 800 2100 vernante
813 2058 893 2101 anno
902 2038 954 2119 qui
965 2037 1080 2119 eopiam
1091 2038 1273 2119 protuberat,

86 2139 197 2220 volupe
209 2148 308 2199 tamen
321 2136 460 2197 omnibus
472 2144 517 2197 est
528 2135 611 2197 floris
620 2135 823 2197 emunitatem
834 2143 966 2215 spectare
975 2132 1078 2195 adulti
1085 2132 1202 2213 hyeme.
1239 2133 1273 2197 ti

87 2236 157 2317 quis
170 2235 245 2296 forte
257 2233 346 2312 hujus
358 2231 499 2314 temporis
512 2240 604 2314 gesta,
618 2230 667 2294 vel
680 2231 790 2294 otiosus
804 2238 952 2312 spectator
961 2229 1010 2292 vel
1020 2229 1183 2291 leboriosus
1191 2238 1275 2305 antor

88 2339 211 2394 nauseet
225 2330 308 2394 velut
319 2329 391 2393 trita
402 2336 433 2391 et
445 2327 543 2405 obvie,
558 2327 609 2390 ille
618 2327 775 2411 nepotibus
783 2327 845 2389 suis
855 2346 935 2389 seros
944 2334 1011 2407 post
1020 2346 1113 2388 anuos
1126 2326 1274 2389 exacturis

89 2436 121 2489 et
131 2437 261 2494 nostram
274 2425 462 2509 diligentiam
474 2425 685 2487 desideraturis
701 2422 974 2487 lucubratiunculas
990 2431 1104 2485 nostras
1121 2443 1181 2484 non
1195 2421 1273 2485 invi-

90 2526 169 2587 deat.
210 2518 328 2595 Quibus
340 2524 366 2583 si
379 2521 450 2582 olim
464 2522 614 2603 placuero,
626 2520 759 2601 precium
772 2539 870 2600 operae
884 2537 959 2581 meae
969 2518 1071 2581 fecisse
1084 2517 1271 2596 existimab03

89 2620 314 2701 sidisplieuero,
325 2618 422 2680 landis
429 2617 604 2680 existimabo
612 2615 769 2678 oumulum
778 2635 816 2676 ex
825 2613 937 2696 optimi
946 2613 1097 2677 voluntate
1107 2612 1173 2676 met
1181 2614 1273 2696 scrip-

91 2716 166 2778 tioni
178 2716 249 2777 huie
261 2713 426 2777 moessisse.
457 2711 527 2774 Hoo
541 2711 677 2792 estquod
685 2720 715 2772 te
728 2709 864 2772 volebam
878 2709 1006 2772 oandide
1018 2709 1122 2772 lector.
1151 2707 1201 2772 De
1214 2729 1273 2772 ese-

92 2823 155 2875 tero
167 2811 223 2875 tibi
233 2828 353 2874 omnem
365 2808 545 2872 faustitatem
559 2807 647 2890 pleno
660 2803 929 2887 affeetuappreoor.
956 2803 1073 2870 Vivent
1081 2803 1167 2868 vete.
