3225 4700
342 347 407 412 366
737 345 1141 414 ITINERARIUM.

344 521 455 583 greren
470 502 639 576 dissidium,
655 504 737 565 unde
749 513 817 584 post
830 505 920 564 verba
934 505 973 564 ad
985 505 1110 564 verbera
1118 501 1290 574 transitum,
1302 519 1337 560 ac
1350 518 1423 558 mox
1438 497 1481 556 ad
1500 497 1559 556 ser·

344 619 411 659 rum
425 599 596 660 decursum.
640 600 691 661 Fit
703 601 818 662 subitus
832 601 911 662 inter
924 601 1066 662 convivas
1081 610 1191 671 motus,
1205 596 1259 679 qui
1272 605 1443 657 accurrunt
1459 605 1497 654 ut
1507 595 1558 653 rel

344 693 497 776 litigantes
510 707 700 777 componant,
716 697 764 757 rel
776 697 808 757 iu
823 696 1018 778 opportunius
1031 705 1150 776 tempus
1160 693 1353 756 dissensionis
1364 691 1556 752 dilationem

342 792 550 870 persuadeant,
567 793 650 872 quod
668 793 741 854 dum
759 793 876 853 faciunt
889 791 950 866 alii,
964 812 1034 852 ecce
1051 790 1117 861 tibi,
1132 789 1376 872 Saugershausen
1392 786 1555 848 Colonelli

342 887 545 948 locumtenens
564 888 699 968 partibus
720 889 947 970 Wichgrevenii
967 888 1090 949 omnino
1108 887 1278 968 importune
1298 885 1439 946 accedit:
1474 885 1553 964 quid

343 983 392 1046 hlc
403 985 515 1046 faceret
529 985 636 1046 Senior
656 985 880 1067 Kniphausenl
899 986 1007 1047 videns
1022 984 1088 1046 filio
1105 1005 1159 1045 suo
1174 985 1240 1065 jam
1257 1003 1326 1044 cum
1345 983 1473 1043 duobus
1494 981 1551 1040 im-

342 1101 397 1162 par
410 1102 472 1142 esse
486 1082 652 1164 negotium,
665 1103 702 1144 ne
711 1083 849 1164 pluribus
862 1083 1040 1144 succumbat
1050 1081 1194 1154 hostibus,
1204 1079 1262 1140 filii
1274 1089 1372 1160 partes
1386 1079 1549 1159 sequitur:

342 1177 430 1258 cujus
449 1178 559 1258 partim
579 1179 767 1250 auctoritate,
782 1179 892 1260 partim
913 1178 1041 1240 eliorum
1060 1178 1127 1239 istic
1146 1177 1339 1258 praesentium
1358 1177 1546 1246 reverentia,

341 1274 474 1356 litigium
487 1275 591 1356 aliquo
606 1275 695 1336 modo
709 1275 815 1336 saltem
826 1275 865 1336 ad
879 1275 1010 1356 speciem
1023 1275 1221 1356 compositum
1231 1284 1294 1335 est:
1315 1274 1417 1354 quoad
1435 1272 1546 1334 Wich-

342 1372 502 1452 grevenius
515 1372 589 1432 iram
604 1372 791 1452 aliquamdiu
804 1392 947 1453 pressam,
963 1383 1064 1433 tenere
1080 1371 1194 1432 diutius
1208 1369 1290 1431 haud
1304 1381 1420 1451 potens,
1437 1370 1545 1430 exino-

342 1468 444 1548 pinato
465 1469 495 1529 iu
520 1468 709 1530 Colonellum
732 1470 887 1550 proprium
909 1489 1032 1529 manum
1053 1468 1183 1542 strinxit,
1204 1477 1235 1528 et
1257 1467 1390 1548 impacto
1410 1467 1545 1548 colapho

342 1564 540 1646 ignominiose
554 1565 674 1626 cecidit.
716 1565 817 1638 Quam
835 1566 978 1646 injuriam
997 1565 1015 1626 d
1033 1565 1155 1626 subdito
1172 1564 1230 1625 sibi
1247 1565 1343 1625 milite
1360 1585 1422 1625 non
1441 1565 1545 1625 ferens

342 1659 525 1736 Colouellus‚
545 1663 655 1723 educto
672 1662 775 1744 gladio
788 1661 1058 1744 Wichgrarenium
1077 1661 1182 1722 eodem
1196 1681 1255 1740 quo
1273 1662 1370 1721 stabat
1384 1661 1453 1721 loco
1468 1681 1544 1722 con·

341 1755 426 1817 fodit.
468 1756 565 1839 Cujus
575 1779 695 1820 causam
706 1759 779 1819 dum
790 1759 843 1820 alii
852 1770 883 1820 et
891 1757 1040 1839 imprimis
1051 1758 1304 1840 Sangershausen,
1315 1779 1399 1820 suam
1411 1759 1543 1829 faciunt,

341 1854 380 1914 ad
389 1873 473 1914 arma
486 1855 614 1934 quisque
626 1877 681 1916 sua
694 1855 794 1916 denuo
807 1854 959 1924 convolat,
972 1855 1021 1916 vel
1035 1865 1069 1916 ut
1082 1875 1114 1916 se
1128 1865 1231 1916 contra
1243 1856 1390 1937 impetum
1405 1867 1541 1928 tueatur,

341 1952 389 2012 vel
404 1961 437 2012 ut
449 1952 676 2014 contrahostem
691 1963 814 2035 pugnet.
842 1953 1169 2034 Caesim,punctimque
1179 1952 1314 2014 varieres
1324 1953 1459 2036 geritur3
1483 1975 1542 2016 nec

341 2057 410 2109 ante
424 2049 613 2128 componitur
623 2069 714 2129 quam
733 2048 820 2109 multi
842 2048 931 2109 etiam
951 2048 1126 2110 innocentes
1143 2047 1380 2110 vulnerarentur.
1423 2049 1539 2110 Nullus

340 2155 439 2206 tamen
452 2154 562 2224 proeter
576 2144 820 2227 Sangershausen
835 2143 942 2205 lethale
952 2144 1063 2205 vulnus
1076 2145 1178 2216 sensit,
1192 2145 1335 2225 quisolus
1348 2146 1538 2226 pervaluere

340 2239 435 2300 vitam
451 2239 593 2320 profudit,
615 2261 675 2301 nou
694 2239 791 2301 multo
807 2250 875 2321 post
888 2259 998 2322 puguae
1017 2240 1141 2302 exitum.
1178 2240 1353 2302 Tumultum
1370 2242 1453 2303 hunc
1468 2261 1537 2324 gra·
1583 2271 1584 2304 1

341 2335 463 2399 vissime
475 2338 568 2397 sensit
582 2335 791 2419 Magistratus,
801 2347 891 2419 atque
902 2337 1026 2412 idcirco,
1037 2358 1075 2398 ne
1088 2338 1211 2419 impune
1221 2338 1274 2399 illa
1284 2338 1443 2401 insolentia
1454 2340 1537 2401 abire

339 2434 573 2515 permitteretur,
583 2433 844 2495 commendantem
858 2454 945 2495 suum
956 2426 1154 2515 Kniphausen
1162 2446 1275 2497 arresto
1287 2436 1415 2498 detineri
1426 2438 1535 2498 voluit:

339 2531 393 2611 qui
407 2531 477 2592 data
493 2530 565 2605 fide,
585 2542 616 2593 et
629 2531 724 2592 nobili
740 2551 795 2593 suo
807 2532 983 2611 interposito
996 2532 1117 2605 honore,
1133 2534 1286 2615 pollicitus
1300 2544 1354 2607 est,
1368 2556 1399 2596 se
1414 2536 1536 2597 civitate

340 2638 409 2689 ante
423 2648 484 2689 non
497 2648 697 2702 excessurum,
713 2628 771 2689 nisi
786 2628 911 2710 cognita
923 2648 1022 2703 causa,
1037 2641 1066 2689 et
1080 2649 1134 2709 pro
1144 2630 1288 2692 alterutra
1300 2642 1384 2713 parte
1398 2632 1460 2693 lata
1469 2654 1537 2694 sen·

341 2726 446 2787 tentia

380 2822 520 2883 Exeuute
533 2822 590 2884 hoc
608 2824 713 2885 eodem
727 2843 807 2883 anno
827 2821 1063 2885 M.DC.XLII.
1086 2822 1180 2886 Hassi
1201 2846 1237 2886 ex
1255 2826 1420 2907 improviso
1440 2828 1534 2888 adorti

339 2931 409 2981 suut
427 2939 527 2981 arcem
547 2920 715 3003 Frensberg
730 2920 762 2981 in
778 2920 1048 3001 Archiepiscopatu
1062 2922 1231 2983 Trevirensi
1250 2924 1337 2984 sitem
1358 2944 1395 2985 ac
1409 2924 1535 2986 feliciter

339 3028 536 3097 occuparunt.
579 3017 617 3078 In
632 3037 692 3098 qua
703 3035 845 3099 magnam
859 3016 1003 3078 frumenti
1012 3018 1075 3078 vim
1084 3032 1266 3101 repererunt,
1282 3021 1450 3103 multasque
1461 3023 1532 3084 alias

339 3132 411 3193 opes
426 3114 594 3175 securitatis
610 3133 701 3174 causa
718 3113 792 3173 illuc
810 3123 1041 3193 transportatus:
1062 3115 1166 3177 eodem
1185 3126 1317 3198 tempore
1330 3129 1360 3180 et
1378 3120 1529 3202 Satrapam

341 3208 410 3284 loci,
426 3210 525 3271 virum
541 3211 671 3271 nobilem
682 3211 721 3272 de
737 3209 994 3291 Hullingshauseu
1007 3212 1159 3292 captivum
1174 3215 1375 3288 abduxerunt,
1388 3238 1444 3280 nec
1458 3219 1531 3279 mul·

340 3309 405 3365 tum
424 3310 556 3368 cunctati
575 3306 833 3389 Hachenburgum
851 3308 1011 3389 progressi,
1029 3317 1060 3369 at
1081 3310 1191 3372 infecto
1206 3333 1275 3373 mox
1293 3327 1403 3376 conatu
1424 3318 1529 3377 reversi

342 3412 421 3462 sunt.

382 3497 443 3560 Sed
464 3508 494 3559 et
511 3500 583 3561 alibi
605 3501 798 3584 Triburgum,
814 3522 866 3561 arx
883 3503 991 3565 nobilis
1005 3514 1036 3565 et
1052 3506 1179 3580 munita,
1194 3507 1289 3568 tribus
1303 3510 1429 3570 omnino
1442 3510 1527 3571 leucis

343 3594 491 3678 Friburgo
512 3597 625 3673 dissita,
647 3597 705 3659 hoc
721 3600 782 3663 fere
802 3611 1010 3683 stratagemate
1030 3614 1175 3685 occupate
1195 3617 1250 3666 est.
1294 3606 1526 3688 Approximabat

343 3690 461 3753 Natalis
475 3693 612 3769 Domini,
624 3716 684 3775 quo
697 3718 777 3759 more
792 3698 939 3761 catholico
950 3698 1115 3762 Christiani
1129 3703 1229 3783 pietati
1242 3704 1404 3783 impensius
1416 3720 1524 3778 vacant,
