<?xml version="1.0" encoding="UTF-8"?>
<!DOCTYPE html PUBLIC "-//W3C//DTD XHTML 1.0 Transitional//EN"
    "http://www.w3.org/TR/xhtml1/DTD/xhtml1-transitional.dtd">
<html xmlns="http://www.w3.org/1999/xhtml" xml:lang="en" lang="en">
 <head>
  <title>
</title>
<meta http-equiv="Content-Type" content="text/html;charset=utf-8" />
  <meta name='ocr-system' content='tesseract 3.04.00' />
  <meta name='ocr-capabilities' content='ocr_page ocr_carea ocr_par ocr_line ocrx_word'/>
</head>
<body>
  <div class='ocr_page' id='page_1' title='image "./itinerariumthom00kerngoog_0393.png"; bbox 0 0 3225 4700; ppageno 0'>
   <div class='ocr_carea' id='block_1_1' title="bbox 511 363 1305 438">
    <p class='ocr_par' dir='ltr' id='par_1_1' title="bbox 511 363 1305 438">
     <span class='ocr_line' id='line_1_1' title="bbox 511 363 1305 438; baseline 0.009 -7"><span class='ocrx_word' id='word_1_1' title='bbox 511 363 912 434; x_wconf 82' lang='lat' dir='ltr'><strong><em>ITINERARIUM.</em></strong></span> <span class='ocrx_word' id='word_1_2' title='bbox 1244 375 1305 438; x_wconf 79' lang='lat'><strong>251</strong></span> 
     </span>
    </p>
   </div>
   <div class='ocr_carea' id='block_1_2' title="bbox 95 513 1306 791">
    <p class='ocr_par' dir='ltr' id='par_1_2' title="bbox 95 513 1306 791">
     <span class='ocr_line' id='line_1_2' title="bbox 96 513 1306 598; baseline 0.009 -24"><span class='ocrx_word' id='word_1_3' title='bbox 96 532 231 575; x_wconf 90' lang='lat' dir='ltr'><strong>cernere</strong></span> <span class='ocrx_word' id='word_1_4' title='bbox 244 513 486 596; x_wconf 84' lang='lat' dir='ltr'><strong>Rempublicam,</strong></span> <span class='ocrx_word' id='word_1_5' title='bbox 501 516 614 598; x_wconf 90' lang='lat' dir='ltr'><strong>quique</strong></span> <span class='ocrx_word' id='word_1_6' title='bbox 627 517 668 579; x_wconf 94' lang='lat' dir='ltr'><strong>ad</strong></span> <span class='ocrx_word' id='word_1_7' title='bbox 680 516 813 580; x_wconf 87' lang='lat' dir='ltr'><strong>turbelas</strong></span> <span class='ocrx_word' id='word_1_8' title='bbox 823 519 890 580; x_wconf 88' lang='lat' dir='ltr'><strong>nati</strong></span> <span class='ocrx_word' id='word_1_9' title='bbox 902 538 966 580; x_wconf 77' lang='lat' dir='ltr'><strong>esse</strong></span> <span class='ocrx_word' id='word_1_10' title='bbox 979 518 1169 594; x_wconf 88' lang='lat' dir='ltr'><strong>videbantur,</strong></span> <span class='ocrx_word' id='word_1_11' title='bbox 1184 532 1306 586; x_wconf 85' lang='lat' dir='ltr'><strong>caetero-</strong></span> 
     </span>
     <span class='ocr_line' id='line_1_3' title="bbox 96 611 1305 694; baseline 0.009 -23"><span class='ocrx_word' id='word_1_12' title='bbox 96 631 174 671; x_wconf 89' lang='lat' dir='ltr'><strong>rum</strong></span> <span class='ocrx_word' id='word_1_13' title='bbox 196 611 332 672; x_wconf 90' lang='lat' dir='ltr'><strong>omnium</strong></span> <span class='ocrx_word' id='word_1_14' title='bbox 353 631 413 672; x_wconf 77' lang='lat' dir='ltr'><strong>uox</strong></span> <span class='ocrx_word' id='word_1_15' title='bbox 437 621 511 689; x_wconf 90' lang='lat' dir='ltr'><strong>erat,</strong></span> <span class='ocrx_word' id='word_1_16' title='bbox 534 614 620 677; x_wconf 83' lang='lat' dir='ltr'><strong>vivat</strong></span> <span class='ocrx_word' id='word_1_17' title='bbox 643 613 893 677; x_wconf 87' lang='lat' dir='ltr'><strong>clementissimus</strong></span> <span class='ocrx_word' id='word_1_18' title='bbox 916 616 1069 679; x_wconf 77' lang='lat' dir='ltr'>Dominus</span> <span class='ocrx_word' id='word_1_19' title='bbox 1090 627 1200 694; x_wconf 90' lang='lat' dir='ltr'><strong>noster,</strong></span> <span class='ocrx_word' id='word_1_20' title='bbox 1221 620 1305 682; x_wconf 87' lang='lat' dir='ltr'><strong>vivat</strong></span> 
     </span>
     <span class='ocr_line' id='line_1_4' title="bbox 95 707 470 791; baseline 0.011 -24"><span class='ocrx_word' id='word_1_21' title='bbox 95 727 234 791; x_wconf 88' lang='lat' dir='ltr'><strong>magnus</strong></span> <span class='ocrx_word' id='word_1_22' title='bbox 249 707 470 772; x_wconf 86' lang='lat' dir='ltr'><strong>Ferdiuandus.</strong></span> 
     </span>
    </p>
   </div>
   <div class='ocr_carea' id='block_1_3' title="bbox 90 799 1302 3794">
    <p class='ocr_par' dir='ltr' id='par_1_3' title="bbox 90 799 1302 1666">
     <span class='ocr_line' id='line_1_5' title="bbox 146 799 1302 893; baseline 0.008 -27"><span class='ocrx_word' id='word_1_23' title='bbox 146 804 233 867; x_wconf 90' lang='lat' dir='ltr'><strong>Huic</strong></span> <span class='ocrx_word' id='word_1_24' title='bbox 247 814 330 867; x_wconf 91' lang='lat' dir='ltr'><strong>tanto</strong></span> <span class='ocrx_word' id='word_1_25' title='bbox 343 799 541 869; x_wconf 75' lang='lat' dir='ltr'><strong>beneficio‘ne</strong></span> <span class='ocrx_word' id='word_1_26' title='bbox 554 808 667 890; x_wconf 80' lang='lat' dir='ltr'><strong>ingrati</strong></span> <span class='ocrx_word' id='word_1_27' title='bbox 680 819 788 884; x_wconf 87' lang='lat' dir='ltr'><strong>essent,</strong></span> <span class='ocrx_word' id='word_1_28' title='bbox 803 809 943 892; x_wconf 89' lang='lat' dir='ltr'><strong>Principi</strong></span> <span class='ocrx_word' id='word_1_29' title='bbox 958 811 1040 891; x_wconf 90' lang='lat' dir='ltr'><strong>pacis</strong></span> <span class='ocrx_word' id='word_1_30' title='bbox 1053 811 1073 872; x_wconf 76' lang='lat' dir='ltr'><strong>b</strong></span> <span class='ocrx_word' id='word_1_31' title='bbox 1085 832 1146 892; x_wconf 92' lang='lat' dir='ltr'><strong>quo</strong></span> <span class='ocrx_word' id='word_1_32' title='bbox 1157 833 1217 893; x_wconf 83' lang='lat' dir='ltr'><strong>pax</strong></span> <span class='ocrx_word' id='word_1_33' title='bbox 1230 833 1302 875; x_wconf 86' lang='lat' dir='ltr'><strong>vera</strong></span> 
     </span>
     <span class='ocr_line' id='line_1_6' title="bbox 94 903 1298 989; baseline 0.007 -26"><span class='ocrx_word' id='word_1_34' title='bbox 94 921 196 982; x_wconf 85' lang='lat' dir='ltr'><strong>quam</strong></span> <span class='ocrx_word' id='word_1_35' title='bbox 216 903 347 964; x_wconf 88' lang='lat' dir='ltr'><strong>mundus</strong></span> <span class='ocrx_word' id='word_1_36' title='bbox 367 903 439 964; x_wconf 90' lang='lat' dir='ltr'><strong>dare</strong></span> <span class='ocrx_word' id='word_1_37' title='bbox 459 923 519 966; x_wconf 90' lang='lat' dir='ltr'><strong>uon</strong></span> <span class='ocrx_word' id='word_1_38' title='bbox 541 913 647 986; x_wconf 85' lang='lat' dir='ltr'><strong>potest,</strong></span> <span class='ocrx_word' id='word_1_39' title='bbox 668 905 781 988; x_wconf 90' lang='lat' dir='ltr'><strong>primas</strong></span> <span class='ocrx_word' id='word_1_40' title='bbox 801 906 919 967; x_wconf 85' lang='lat' dir='ltr'><strong>deferre</strong></span> <span class='ocrx_word' id='word_1_41' title='bbox 938 907 1050 989; x_wconf 85' lang='lat' dir='ltr'><strong>gratias</strong></span> <span class='ocrx_word' id='word_1_42' title='bbox 1069 910 1298 972; x_wconf 82' lang='lat' dir='ltr'><strong>constituerunt</strong></span> 
     </span>
     <span class='ocr_line' id='line_1_7' title="bbox 96 996 1301 1084; baseline 0.008 -26"><span class='ocrx_word' id='word_1_43' title='bbox 96 996 213 1060; x_wconf 86' lang='lat' dir='ltr'><strong>Clerus</strong></span> <span class='ocrx_word' id='word_1_44' title='bbox 232 999 332 1080; x_wconf 88' lang='lat' dir='ltr'><strong>itaque</strong></span> <span class='ocrx_word' id='word_1_45' title='bbox 351 1001 391 1062; x_wconf 87' lang='lat' dir='ltr'><strong>ad</strong></span> <span class='ocrx_word' id='word_1_46' title='bbox 408 1019 499 1081; x_wconf 89' lang='lat' dir='ltr'><strong>quem</strong></span> <span class='ocrx_word' id='word_1_47' title='bbox 518 1011 632 1083; x_wconf 80' lang='lat' dir='ltr'><strong>spectat</strong></span> <span class='ocrx_word' id='word_1_48' title='bbox 650 1002 680 1062; x_wconf 92' lang='lat' dir='ltr'><strong>in</strong></span> <span class='ocrx_word' id='word_1_49' title='bbox 704 1001 796 1063; x_wconf 86' lang='lat' dir='ltr'><strong>saeris</strong></span> <span class='ocrx_word' id='word_1_50' title='bbox 814 1000 896 1084; x_wconf 85' lang='lat' dir='ltr'><strong>leges</strong></span> <span class='ocrx_word' id='word_1_51' title='bbox 914 1003 1064 1079; x_wconf 89' lang='lat' dir='ltr'><strong>ordinare,</strong></span> <span class='ocrx_word' id='word_1_52' title='bbox 1084 1005 1209 1067; x_wconf 87' lang='lat' dir='ltr'><strong>consilio</strong></span> <span class='ocrx_word' id='word_1_53' title='bbox 1225 1006 1301 1068; x_wconf 92' lang='lat' dir='ltr'><strong>inito</strong></span> 
     </span>
     <span class='ocr_line' id='line_1_8' title="bbox 93 1099 1299 1182; baseline 0.006 -24"><span class='ocrx_word' id='word_1_54' title='bbox 93 1099 208 1162; x_wconf 87' lang='lat' dir='ltr'><strong>statuit</strong></span> <span class='ocrx_word' id='word_1_55' title='bbox 219 1099 370 1182; x_wconf 77' lang='lat' dir='ltr'>publicam</span> <span class='ocrx_word' id='word_1_56' title='bbox 384 1099 632 1181; x_wconf 77' lang='lat' dir='ltr'><strong>supplicationem</strong></span> <span class='ocrx_word' id='word_1_57' title='bbox 646 1120 701 1182; x_wconf 89' lang='lat' dir='ltr'><strong>per</strong></span> <span class='ocrx_word' id='word_1_58' title='bbox 712 1100 797 1161; x_wconf 91' lang='lat' dir='ltr'><strong>urbis</strong></span> <span class='ocrx_word' id='word_1_59' title='bbox 810 1101 942 1181; x_wconf 86' lang='lat' dir='ltr'><strong>compita</strong></span> <span class='ocrx_word' id='word_1_60' title='bbox 953 1100 1113 1181; x_wconf 87' lang='lat' dir='ltr'><strong>ettempla,</strong></span> <span class='ocrx_word' id='word_1_61' title='bbox 1123 1099 1299 1164; x_wconf 73' lang='lat' dir='ltr'><strong>solennitate</strong></span> 
     </span>
     <span class='ocr_line' id='line_1_9' title="bbox 94 1195 1298 1277; baseline 0.004 -22"><span class='ocrx_word' id='word_1_62' title='bbox 94 1214 163 1276; x_wconf 84' lang='lat' dir='ltr'><strong>qus</strong></span> <span class='ocrx_word' id='word_1_63' title='bbox 180 1205 278 1276; x_wconf 87' lang='lat' dir='ltr'><strong>posset</strong></span> <span class='ocrx_word' id='word_1_64' title='bbox 296 1197 430 1258; x_wconf 86' lang='lat' dir='ltr'><strong>maxima</strong></span> <span class='ocrx_word' id='word_1_65' title='bbox 447 1197 613 1272; x_wconf 83' lang='lat' dir='ltr'><strong>instituere,</strong></span> <span class='ocrx_word' id='word_1_66' title='bbox 634 1197 675 1258; x_wconf 89' lang='lat' dir='ltr'><strong>ad</strong></span> <span class='ocrx_word' id='word_1_67' title='bbox 692 1217 783 1277; x_wconf 89' lang='lat' dir='ltr'><strong>quam</strong></span> <span class='ocrx_word' id='word_1_68' title='bbox 801 1196 961 1258; x_wconf 89' lang='lat' dir='ltr'><strong>universus</strong></span> <span class='ocrx_word' id='word_1_69' title='bbox 973 1195 1104 1257; x_wconf 87' lang='lat' dir='ltr'><strong>civitatis</strong></span> <span class='ocrx_word' id='word_1_70' title='bbox 1116 1197 1244 1277; x_wconf 89' lang='lat' dir='ltr'><strong>populus</strong></span> <span class='ocrx_word' id='word_1_71' title='bbox 1259 1200 1298 1260; x_wconf 87' lang='lat' dir='ltr'><strong>ab</strong></span> 
     </span>
     <span class='ocr_line' id='line_1_10' title="bbox 92 1291 1298 1376; baseline 0.003 -24"><span class='ocrx_word' id='word_1_72' title='bbox 92 1291 208 1353; x_wconf 87' lang='lat' dir='ltr'><strong>infimo</strong></span> <span class='ocrx_word' id='word_1_73' title='bbox 221 1293 260 1354; x_wconf 89' lang='lat' dir='ltr'><strong>ad</strong></span> <span class='ocrx_word' id='word_1_74' title='bbox 272 1313 423 1354; x_wconf 88' lang='lat' dir='ltr'><strong>summum</strong></span> <span class='ocrx_word' id='word_1_75' title='bbox 437 1315 540 1356; x_wconf 87' lang='lat' dir='ltr'><strong>omnes</strong></span> <span class='ocrx_word' id='word_1_76' title='bbox 552 1315 607 1376; x_wconf 93' lang='lat' dir='ltr'><strong>pro</strong></span> <span class='ocrx_word' id='word_1_77' title='bbox 620 1294 815 1356; x_wconf 77' lang='lat' dir='ltr'><strong>concionibus</strong></span> <span class='ocrx_word' id='word_1_78' title='bbox 828 1294 1016 1368; x_wconf 85' lang='lat' dir='ltr'><strong>inritaretur,</strong></span> <span class='ocrx_word' id='word_1_79' title='bbox 1031 1293 1115 1373; x_wconf 89' lang='lat' dir='ltr'><strong>quod</strong></span> <span class='ocrx_word' id='word_1_80' title='bbox 1125 1309 1198 1354; x_wconf 82' lang='lat' dir='ltr'><strong>mox</strong></span> <span class='ocrx_word' id='word_1_81' title='bbox 1209 1292 1298 1356; x_wconf 84' lang='lat' dir='ltr'><strong>effec-</strong></span> 
     </span>
     <span class='ocr_line' id='line_1_11' title="bbox 91 1389 1295 1471; baseline 0.002 -22"><span class='ocrx_word' id='word_1_82' title='bbox 91 1399 164 1450; x_wconf 90' lang='lat' dir='ltr'><strong>tum</strong></span> <span class='ocrx_word' id='word_1_83' title='bbox 184 1390 299 1462; x_wconf 83' lang='lat' dir='ltr'><strong>datum,</strong></span> <span class='ocrx_word' id='word_1_84' title='bbox 319 1411 375 1452; x_wconf 90' lang='lat' dir='ltr'><strong>uec</strong></span> <span class='ocrx_word' id='word_1_85' title='bbox 395 1392 487 1453; x_wconf 87' lang='lat' dir='ltr'><strong>credo</strong></span> <span class='ocrx_word' id='word_1_86' title='bbox 505 1391 596 1454; x_wconf 84' lang='lat' dir='ltr'><strong>fuisse</strong></span> <span class='ocrx_word' id='word_1_87' title='bbox 616 1393 648 1452; x_wconf 90' lang='lat' dir='ltr'><strong>iu</strong></span> <span class='ocrx_word' id='word_1_88' title='bbox 669 1392 742 1454; x_wconf 91' lang='lat' dir='ltr'><strong>urbe</strong></span> <span class='ocrx_word' id='word_1_89' title='bbox 764 1391 966 1463; x_wconf 72' lang='lat' dir='ltr'><strong>Sacerdotem,</strong></span> <span class='ocrx_word' id='word_1_90' title='bbox 987 1391 1043 1471; x_wconf 92' lang='lat' dir='ltr'><strong>qui</strong></span> <span class='ocrx_word' id='word_1_91' title='bbox 1062 1409 1126 1451; x_wconf 93' lang='lat' dir='ltr'><strong>uou</strong></span> <span class='ocrx_word' id='word_1_92' title='bbox 1148 1389 1190 1450; x_wconf 94' lang='lat' dir='ltr'><strong>ad</strong></span> <span class='ocrx_word' id='word_1_93' title='bbox 1212 1410 1295 1452; x_wconf 87' lang='lat' dir='ltr'><strong>aram</strong></span> 
     </span>
     <span class='ocr_line' id='line_1_12' title="bbox 90 1484 1298 1570; baseline 0 -22"><span class='ocrx_word' id='word_1_94' title='bbox 90 1485 213 1548; x_wconf 82' lang='lat' dir='ltr'><strong>faciens</strong></span> <span class='ocrx_word' id='word_1_95' title='bbox 225 1506 281 1568; x_wconf 92' lang='lat' dir='ltr'><strong>pro</strong></span> <span class='ocrx_word' id='word_1_96' title='bbox 293 1495 378 1548; x_wconf 81' lang='lat' dir='ltr'><strong>tenta</strong></span> <span class='ocrx_word' id='word_1_97' title='bbox 389 1487 512 1550; x_wconf 88' lang='lat' dir='ltr'><strong>obtenta</strong></span> <span class='ocrx_word' id='word_1_98' title='bbox 522 1484 621 1570; x_wconf 81' lang='lat' dir='ltr'><strong>&#39;gratia</strong></span> <span class='ocrx_word' id='word_1_99' title='bbox 636 1488 705 1549; x_wconf 91' lang='lat' dir='ltr'><strong>Deo</strong></span> <span class='ocrx_word' id='word_1_100' title='bbox 716 1486 953 1568; x_wconf 76' lang='lat' dir='ltr'><strong>tranquillitatis,</strong></span> <span class='ocrx_word' id='word_1_101' title='bbox 963 1487 995 1548; x_wconf 91' lang='lat' dir='ltr'><strong>in</strong></span> <span class='ocrx_word' id='word_1_102' title='bbox 1006 1489 1093 1568; x_wconf 85' lang='lat' dir='ltr'><strong>cujus</strong></span> <span class='ocrx_word' id='word_1_103' title='bbox 1104 1508 1195 1549; x_wconf 88' lang='lat' dir='ltr'><strong>manu</strong></span> <span class='ocrx_word' id='word_1_104' title='bbox 1206 1487 1298 1549; x_wconf 90' lang='lat' dir='ltr'><strong>corda</strong></span> 
     </span>
     <span class='ocr_line' id='line_1_13' title="bbox 92 1583 804 1666; baseline 0.001 -23"><span class='ocrx_word' id='word_1_105' title='bbox 92 1583 269 1659; x_wconf 87' lang='lat' dir='ltr'><strong>bominum,</strong></span> <span class='ocrx_word' id='word_1_106' title='bbox 284 1583 520 1666; x_wconf 86' lang='lat' dir='ltr'><strong>pacificatoriam</strong></span> <span class='ocrx_word' id='word_1_107' title='bbox 533 1583 654 1647; x_wconf 85' lang='lat' dir='ltr'><strong>offerret</strong></span> <span class='ocrx_word' id='word_1_108' title='bbox 667 1585 804 1647; x_wconf 90' lang='lat' dir='ltr'><strong>bostiam.</strong></span> 
     </span>
    </p>

    <p class='ocr_par' dir='ltr' id='par_1_4' title="bbox 91 1678 1298 3115">
     <span class='ocr_line' id='line_1_14' title="bbox 139 1678 1298 1764; baseline 0 -22"><span class='ocrx_word' id='word_1_109' title='bbox 139 1681 219 1742; x_wconf 76' lang='lat' dir='ltr'><strong>Haec</strong></span> <span class='ocrx_word' id='word_1_110' title='bbox 232 1682 387 1743; x_wconf 77' lang='lat' dir='ltr'><strong>matutinis</strong></span> <span class='ocrx_word' id='word_1_111' title='bbox 400 1681 491 1753; x_wconf 89' lang='lat' dir='ltr'><strong>boris,</strong></span> <span class='ocrx_word' id='word_1_112' title='bbox 506 1691 576 1744; x_wconf 86' lang='lat' dir='ltr'><strong>cum</strong></span> <span class='ocrx_word' id='word_1_113' title='bbox 588 1683 758 1764; x_wconf 88' lang='lat' dir='ltr'><strong>itaquejam</strong></span> <span class='ocrx_word' id='word_1_114' title='bbox 770 1681 789 1742; x_wconf 75' lang='lat' dir='ltr'><strong>b</strong></span> <span class='ocrx_word' id='word_1_115' title='bbox 800 1681 869 1742; x_wconf 90' lang='lat' dir='ltr'><strong>Deo</strong></span> <span class='ocrx_word' id='word_1_116' title='bbox 880 1678 1036 1741; x_wconf 71' lang='lat' dir='ltr'><strong>duxbsent</strong></span> <span class='ocrx_word' id='word_1_117' title='bbox 1044 1679 1141 1756; x_wconf 86' lang='lat' dir='ltr'><strong>initia,</strong></span> <span class='ocrx_word' id='word_1_118' title='bbox 1152 1680 1298 1762; x_wconf 83' lang='lat' dir='ltr'><strong>putabant</strong></span> 
     </span>
     <span class='ocr_line' id='line_1_15' title="bbox 92 1774 1298 1860; baseline -0.001 -22"><span class='ocrx_word' id='word_1_119' title='bbox 92 1798 188 1858; x_wconf 88' lang='lat' dir='ltr'><strong>porro</strong></span> <span class='ocrx_word' id='word_1_120' title='bbox 201 1778 352 1859; x_wconf 85' lang='lat' dir='ltr'><strong>integrum</strong></span> <span class='ocrx_word' id='word_1_121' title='bbox 366 1778 423 1840; x_wconf 93' lang='lat' dir='ltr'><strong>sibi</strong></span> <span class='ocrx_word' id='word_1_122' title='bbox 437 1777 511 1854; x_wconf 83' lang='lat' dir='ltr'><strong>fore,</strong></span> <span class='ocrx_word' id='word_1_123' title='bbox 527 1777 552 1840; x_wconf 94' lang='lat' dir='ltr'><strong>si</strong></span> <span class='ocrx_word' id='word_1_124' title='bbox 566 1778 633 1839; x_wconf 91' lang='lat' dir='ltr'><strong>aliis</strong></span> <span class='ocrx_word' id='word_1_125' title='bbox 647 1797 766 1859; x_wconf 88' lang='lat' dir='ltr'><strong>quoque</strong></span> <span class='ocrx_word' id='word_1_126' title='bbox 780 1776 876 1860; x_wconf 87' lang='lat' dir='ltr'><strong>siguis</strong></span> <span class='ocrx_word' id='word_1_127' title='bbox 888 1776 921 1836; x_wconf 91' lang='lat' dir='ltr'><strong>in</strong></span> <span class='ocrx_word' id='word_1_128' title='bbox 934 1774 1090 1857; x_wconf 89' lang='lat' dir='ltr'><strong>publicum</strong></span> <span class='ocrx_word' id='word_1_129' title='bbox 1103 1778 1298 1858; x_wconf 80' lang='lat' dir='ltr'><strong>procederent</strong></span> 
     </span>
     <span class='ocr_line' id='line_1_16' title="bbox 92 1871 1298 1956; baseline 0 -22"><span class='ocrx_word' id='word_1_130' title='bbox 92 1873 210 1956; x_wconf 88' lang='lat' dir='ltr'><strong>gaudio</strong></span> <span class='ocrx_word' id='word_1_131' title='bbox 223 1874 405 1936; x_wconf 87' lang='lat' dir='ltr'><strong>exultantem</strong></span> <span class='ocrx_word' id='word_1_132' title='bbox 419 1875 565 1950; x_wconf 85' lang='lat' dir='ltr'><strong>animum,</strong></span> <span class='ocrx_word' id='word_1_133' title='bbox 579 1875 635 1936; x_wconf 86' lang='lat' dir='ltr'><strong>sub</strong></span> <span class='ocrx_word' id='word_1_134' title='bbox 647 1895 802 1956; x_wconf 83' lang='lat' dir='ltr'><strong>vesperam</strong></span> <span class='ocrx_word' id='word_1_135' title='bbox 813 1875 907 1956; x_wconf 85' lang='lat' dir='ltr'><strong>igitur</strong></span> <span class='ocrx_word' id='word_1_136' title='bbox 916 1871 1019 1934; x_wconf 91' lang='lat' dir='ltr'><strong>omnia</strong></span> <span class='ocrx_word' id='word_1_137' title='bbox 1030 1881 1180 1934; x_wconf 88' lang='lat' dir='ltr'><strong>tormenta</strong></span> <span class='ocrx_word' id='word_1_138' title='bbox 1189 1873 1298 1934; x_wconf 85' lang='lat' dir='ltr'><strong>bellica</strong></span> 
     </span>
     <span class='ocr_line' id='line_1_17' title="bbox 93 1968 1296 2054; baseline 0.001 -23"><span class='ocrx_word' id='word_1_139' title='bbox 93 1981 160 2031; x_wconf 86' lang='lat' dir='ltr'><strong>tam</strong></span> <span class='ocrx_word' id='word_1_140' title='bbox 174 1973 290 2054; x_wconf 88' lang='lat' dir='ltr'><strong>majora</strong></span> <span class='ocrx_word' id='word_1_141' title='bbox 306 1990 397 2051; x_wconf 84' lang='lat' dir='ltr'><strong>quem</strong></span> <span class='ocrx_word' id='word_1_142' title='bbox 416 1972 534 2032; x_wconf 83' lang='lat' dir='ltr'><strong>minore</strong></span> <span class='ocrx_word' id='word_1_143' title='bbox 550 1971 624 2034; x_wconf 84' lang='lat' dir='ltr'><strong>festo</strong></span> <span class='ocrx_word' id='word_1_144' title='bbox 642 1971 812 2034; x_wconf 86' lang='lat' dir='ltr'><strong>fistularum</strong></span> <span class='ocrx_word' id='word_1_145' title='bbox 828 1971 956 2052; x_wconf 89' lang='lat' dir='ltr'><strong>strepitu</strong></span> <span class='ocrx_word' id='word_1_146' title='bbox 968 1979 1178 2039; x_wconf 83' lang='lat' dir='ltr'><strong>exonerarunt,</strong></span> <span class='ocrx_word' id='word_1_147' title='bbox 1196 1968 1296 2032; x_wconf 78' lang='lat' dir='ltr'><strong>festivi</strong></span> 
     </span>
     <span class='ocr_line' id='line_1_18' title="bbox 94 2064 1294 2150; baseline -0.001 -22"><span class='ocrx_word' id='word_1_148' title='bbox 94 2066 171 2128; x_wconf 88' lang='lat' dir='ltr'><strong>dein</strong></span> <span class='ocrx_word' id='word_1_149' title='bbox 184 2067 269 2150; x_wconf 86' lang='lat' dir='ltr'><strong>ignes</strong></span> <span class='ocrx_word' id='word_1_150' title='bbox 287 2077 378 2129; x_wconf 84' lang='lat' dir='ltr'><strong>totam</strong></span> <span class='ocrx_word' id='word_1_151' title='bbox 393 2070 491 2129; x_wconf 77' lang='lat' dir='ltr'><strong>arsere</strong></span> <span class='ocrx_word' id='word_1_152' title='bbox 505 2077 634 2144; x_wconf 89' lang='lat' dir='ltr'><strong>noctem,</strong></span> <span class='ocrx_word' id='word_1_153' title='bbox 648 2087 687 2130; x_wconf 90' lang='lat' dir='ltr'><strong>ue</strong></span> <span class='ocrx_word' id='word_1_154' title='bbox 700 2087 760 2149; x_wconf 88' lang='lat' dir='ltr'><strong>qua</strong></span> <span class='ocrx_word' id='word_1_155' title='bbox 770 2069 900 2129; x_wconf 82' lang='lat' dir='ltr'><strong>tenebrae</strong></span> <span class='ocrx_word' id='word_1_156' title='bbox 912 2078 973 2128; x_wconf 91' lang='lat' dir='ltr'><strong>tam</strong></span> <span class='ocrx_word' id='word_1_157' title='bbox 984 2066 1172 2128; x_wconf 87' lang='lat' dir='ltr'><strong>luculentum</strong></span> <span class='ocrx_word' id='word_1_158' title='bbox 1182 2064 1294 2127; x_wconf 70' lang='lat' dir='ltr'><strong>laetitiae</strong></span> 
     </span>
     <span class='ocr_line' id='line_1_19' title="bbox 92 2161 1296 2244; baseline 0.002 -21"><span class='ocrx_word' id='word_1_159' title='bbox 92 2162 286 2244; x_wconf 88' lang='lat' dir='ltr'><strong>splendorem</strong></span> <span class='ocrx_word' id='word_1_160' title='bbox 299 2161 508 2226; x_wconf 86' lang='lat' dir='ltr'><strong>obfuscarent:</strong></span> <span class='ocrx_word' id='word_1_161' title='bbox 530 2165 631 2238; x_wconf 88' lang='lat' dir='ltr'><strong>verbo,</strong></span> <span class='ocrx_word' id='word_1_162' title='bbox 646 2165 748 2227; x_wconf 90' lang='lat' dir='ltr'><strong>omnia</strong></span> <span class='ocrx_word' id='word_1_163' title='bbox 757 2165 833 2226; x_wconf 82' lang='lat' dir='ltr'><strong>festo</strong></span> <span class='ocrx_word' id='word_1_164' title='bbox 841 2164 1024 2239; x_wconf 82' lang='lat' dir='ltr'><strong>alludebant,</strong></span> <span class='ocrx_word' id='word_1_165' title='bbox 1035 2163 1076 2224; x_wconf 89' lang='lat' dir='ltr'><strong>ad</strong></span> <span class='ocrx_word' id='word_1_166' title='bbox 1086 2183 1181 2244; x_wconf 87' lang='lat' dir='ltr'><strong>usque</strong></span> <span class='ocrx_word' id='word_1_167' title='bbox 1192 2163 1296 2226; x_wconf 80' lang='lat' dir='ltr'><strong>decre·</strong></span> 
     </span>
     <span class='ocr_line' id='line_1_20' title="bbox 95 2259 1296 2343; baseline 0.003 -25"><span class='ocrx_word' id='word_1_168' title='bbox 95 2259 185 2340; x_wconf 89' lang='lat' dir='ltr'><strong>pidas</strong></span> <span class='ocrx_word' id='word_1_169' title='bbox 198 2278 282 2331; x_wconf 87' lang='lat' dir='ltr'><strong>anus,</strong></span> <span class='ocrx_word' id='word_1_170' title='bbox 296 2259 511 2342; x_wconf 84' lang='lat' dir='ltr'><strong>fructuumque</strong></span> <span class='ocrx_word' id='word_1_171' title='bbox 523 2271 709 2322; x_wconf 87' lang='lat' dir='ltr'><strong>maturorum</strong></span> <span class='ocrx_word' id='word_1_172' title='bbox 726 2261 899 2333; x_wconf 87' lang='lat' dir='ltr'><strong>institrices,</strong></span> <span class='ocrx_word' id='word_1_173' title='bbox 917 2281 986 2343; x_wconf 83' lang='lat' dir='ltr'><strong>quta</strong></span> <span class='ocrx_word' id='word_1_174' title='bbox 1006 2263 1038 2322; x_wconf 93' lang='lat' dir='ltr'><strong>iu</strong></span> <span class='ocrx_word' id='word_1_175' title='bbox 1056 2262 1162 2323; x_wconf 74' lang='lat' dir='ltr'><strong>laetitia</strong></span> <span class='ocrx_word' id='word_1_176' title='bbox 1174 2260 1296 2342; x_wconf 88' lang='lat' dir='ltr'><strong>publiea</strong></span> 
     </span>
     <span class='ocr_line' id='line_1_21' title="bbox 93 2356 1294 2443; baseline 0.005 -27"><span class='ocrx_word' id='word_1_177' title='bbox 93 2356 221 2419; x_wconf 90' lang='lat' dir='ltr'><strong>minime</strong></span> <span class='ocrx_word' id='word_1_178' title='bbox 241 2358 360 2419; x_wconf 88' lang='lat' dir='ltr'><strong>desides</strong></span> <span class='ocrx_word' id='word_1_179' title='bbox 379 2358 505 2439; x_wconf 89' lang='lat' dir='ltr'><strong>reperiri</strong></span> <span class='ocrx_word' id='word_1_180' title='bbox 522 2358 692 2435; x_wconf 88' lang='lat' dir='ltr'><strong>voluerunt,</strong></span> <span class='ocrx_word' id='word_1_181' title='bbox 711 2378 783 2421; x_wconf 85' lang='lat' dir='ltr'><strong>uum</strong></span> <span class='ocrx_word' id='word_1_182' title='bbox 802 2359 885 2420; x_wconf 90' lang='lat' dir='ltr'><strong>enirn</strong></span> <span class='ocrx_word' id='word_1_183' title='bbox 902 2360 986 2422; x_wconf 93' lang='lat' dir='ltr'><strong>aliud</strong></span> <span class='ocrx_word' id='word_1_184' title='bbox 1003 2361 1036 2421; x_wconf 94' lang='lat' dir='ltr'><strong>in</strong></span> <span class='ocrx_word' id='word_1_185' title='bbox 1054 2362 1175 2443; x_wconf 87' lang='lat' dir='ltr'><strong>signum</strong></span> <span class='ocrx_word' id='word_1_186' title='bbox 1189 2360 1294 2443; x_wconf 84' lang='lat' dir='ltr'><strong>gaudii</strong></span> 
     </span>
     <span class='ocr_line' id='line_1_22' title="bbox 92 2454 1294 2534; baseline 0.002 -21"><span class='ocrx_word' id='word_1_187' title='bbox 92 2472 155 2513; x_wconf 92' lang='lat' dir='ltr'><strong>non</strong></span> <span class='ocrx_word' id='word_1_188' title='bbox 176 2462 297 2534; x_wconf 84' lang='lat' dir='ltr'><strong>possent</strong></span> <span class='ocrx_word' id='word_1_189' title='bbox 316 2456 442 2516; x_wconf 85' lang='lat' dir='ltr'><strong>maturis</strong></span> <span class='ocrx_word' id='word_1_190' title='bbox 461 2454 611 2517; x_wconf 84' lang='lat' dir='ltr'><strong>fructibus</strong></span> <span class='ocrx_word' id='word_1_191' title='bbox 631 2466 728 2517; x_wconf 90' lang='lat' dir='ltr'><strong>totum</strong></span> <span class='ocrx_word' id='word_1_192' title='bbox 746 2455 847 2517; x_wconf 84' lang='lat' dir='ltr'><strong>forum</strong></span> <span class='ocrx_word' id='word_1_193' title='bbox 868 2466 1077 2531; x_wconf 82' lang='lat' dir='ltr'><strong>conseverunt,</strong></span> <span class='ocrx_word' id='word_1_194' title='bbox 1096 2456 1201 2517; x_wconf 85' lang='lat' dir='ltr'><strong>corbes</strong></span> <span class='ocrx_word' id='word_1_195' title='bbox 1221 2475 1294 2517; x_wconf 90' lang='lat' dir='ltr'><strong>vero</strong></span> 
     </span>
     <span class='ocr_line' id='line_1_23' title="bbox 92 2540 1292 2633; baseline 0.006 -24"><span class='ocrx_word' id='word_1_196' title='bbox 92 2550 210 2611; x_wconf 82' lang='lat' dir='ltr'><strong>festivis</strong></span> <span class='ocrx_word' id='word_1_197' title='bbox 233 2550 355 2633; x_wconf 85' lang='lat' dir='ltr'><strong>ignibus</strong></span> <span class='ocrx_word' id='word_1_198' title='bbox 379 2552 517 2615; x_wconf 81' lang='lat' dir='ltr'><strong>fovendis</strong></span> <span class='ocrx_word' id='word_1_199' title='bbox 540 2552 725 2615; x_wconf 86' lang='lat' dir='ltr'><strong>obtulerunt.</strong></span> <span class='ocrx_word' id='word_1_200' title='bbox 775 2540 923 2614; x_wconf 83' lang='lat' dir='ltr'><strong>Acciuuit</strong></span> <span class='ocrx_word' id='word_1_201' title='bbox 943 2549 1048 2613; x_wconf 81' lang='lat' dir='ltr'><strong>laetum</strong></span> <span class='ocrx_word' id='word_1_202' title='bbox 1068 2570 1177 2632; x_wconf 85' lang='lat' dir='ltr'><strong>poeana</strong></span> <span class='ocrx_word' id='word_1_203' title='bbox 1200 2551 1292 2616; x_wconf 83' lang='lat' dir='ltr'><strong>totius</strong></span> 
     </span>
     <span class='ocr_line' id='line_1_24' title="bbox 91 2647 1292 2731; baseline 0.003 -24"><span class='ocrx_word' id='word_1_204' title='bbox 91 2647 177 2708; x_wconf 90' lang='lat' dir='ltr'><strong>urbis</strong></span> <span class='ocrx_word' id='word_1_205' title='bbox 190 2667 231 2709; x_wconf 76' lang='lat' dir='ltr'><strong>aas</strong></span> <span class='ocrx_word' id='word_1_206' title='bbox 245 2668 436 2730; x_wconf 86' lang='lat' dir='ltr'><strong>campanum,</strong></span> <span class='ocrx_word' id='word_1_207' title='bbox 451 2670 507 2711; x_wconf 90' lang='lat' dir='ltr'><strong>uec</strong></span> <span class='ocrx_word' id='word_1_208' title='bbox 520 2649 689 2731; x_wconf 90' lang='lat' dir='ltr'><strong>quidquam</strong></span> <span class='ocrx_word' id='word_1_209' title='bbox 702 2648 934 2731; x_wconf 68' lang='lat' dir='ltr'><strong>pretermissum</strong></span> <span class='ocrx_word' id='word_1_210' title='bbox 945 2657 999 2723; x_wconf 85' lang='lat' dir='ltr'><strong>est,</strong></span> <span class='ocrx_word' id='word_1_211' title='bbox 1015 2648 1097 2728; x_wconf 92' lang='lat' dir='ltr'><strong>quod</strong></span> <span class='ocrx_word' id='word_1_212' title='bbox 1106 2648 1146 2709; x_wconf 91' lang='lat' dir='ltr'><strong>ad</strong></span> <span class='ocrx_word' id='word_1_213' title='bbox 1155 2648 1292 2711; x_wconf 78' lang='lat' dir='ltr'><strong>laetitiam</strong></span> 
     </span>
     <span class='ocr_line' id='line_1_25' title="bbox 93 2744 1292 2828; baseline 0.003 -24"><span class='ocrx_word' id='word_1_214' title='bbox 93 2744 330 2825; x_wconf 84' lang='lat' dir='ltr'><strong>promovendam</strong></span> <span class='ocrx_word' id='word_1_215' title='bbox 353 2746 582 2828; x_wconf 87' lang='lat' dir='ltr'><strong>augendamque</strong></span> <span class='ocrx_word' id='word_1_216' title='bbox 602 2746 722 2808; x_wconf 87' lang='lat' dir='ltr'><strong>faceret.</strong></span> <span class='ocrx_word' id='word_1_217' title='bbox 774 2746 925 2827; x_wconf 82' lang='lat' dir='ltr'><strong>Sequente</strong></span> <span class='ocrx_word' id='word_1_218' title='bbox 947 2745 998 2807; x_wconf 90' lang='lat' dir='ltr'><strong>dic</strong></span> <span class='ocrx_word' id='word_1_219' title='bbox 1018 2764 1087 2825; x_wconf 80' lang='lat' dir='ltr'><strong>quae</strong></span> <span class='ocrx_word' id='word_1_220' title='bbox 1107 2744 1167 2807; x_wconf 81' lang='lat' dir='ltr'><strong>fuit</strong></span> <span class='ocrx_word' id='word_1_221' title='bbox 1185 2745 1292 2826; x_wconf 86' lang='lat' dir='ltr'><strong>quinta</strong></span> 
     </span>
     <span class='ocr_line' id='line_1_26' title="bbox 92 2839 1291 2923; baseline 0.001 -23"><span class='ocrx_word' id='word_1_222' title='bbox 92 2839 115 2901; x_wconf 88' lang='lat' dir='ltr'><strong>J</strong></span> <span class='ocrx_word' id='word_1_223' title='bbox 117 2840 173 2902; x_wconf 90' lang='lat' dir='ltr'><strong>ulii</strong></span> <span class='ocrx_word' id='word_1_224' title='bbox 185 2840 343 2923; x_wconf 89' lang='lat' dir='ltr'><strong>optimates</strong></span> <span class='ocrx_word' id='word_1_225' title='bbox 356 2842 439 2903; x_wconf 88' lang='lat' dir='ltr'><strong>urbis</strong></span> <span class='ocrx_word' id='word_1_226' title='bbox 451 2862 506 2923; x_wconf 92' lang='lat' dir='ltr'><strong>pro</strong></span> <span class='ocrx_word' id='word_1_227' title='bbox 519 2840 632 2903; x_wconf 80' lang='lat' dir='ltr'><strong>foribus</strong></span> <span class='ocrx_word' id='word_1_228' title='bbox 646 2842 758 2904; x_wconf 73' lang='lat' dir='ltr'><strong>adium</strong></span> <span class='ocrx_word' id='word_1_229' title='bbox 771 2862 890 2904; x_wconf 87' lang='lat' dir='ltr'><strong>mensas</strong></span> <span class='ocrx_word' id='word_1_230' title='bbox 902 2852 1034 2905; x_wconf 86' lang='lat' dir='ltr'><strong>stravere</strong></span> <span class='ocrx_word' id='word_1_231' title='bbox 1046 2862 1082 2903; x_wconf 87' lang='lat' dir='ltr'><strong>ac</strong></span> <span class='ocrx_word' id='word_1_232' title='bbox 1094 2842 1291 2922; x_wconf 86' lang='lat' dir='ltr'><strong>sumptuosis-</strong></span> 
     </span>
     <span class='ocr_line' id='line_1_27' title="bbox 93 2935 1291 3020; baseline 0.003 -23"><span class='ocrx_word' id='word_1_233' title='bbox 93 2937 176 2998; x_wconf 86' lang='lat' dir='ltr'><strong>simis</strong></span> <span class='ocrx_word' id='word_1_234' title='bbox 188 2938 316 3018; x_wconf 89' lang='lat' dir='ltr'><strong>dapibus</strong></span> <span class='ocrx_word' id='word_1_235' title='bbox 325 2940 497 3015; x_wconf 77' lang='lat' dir='ltr'><strong>oneravbre,</strong></span> <span class='ocrx_word' id='word_1_236' title='bbox 508 2939 548 2999; x_wconf 88' lang='lat' dir='ltr'><strong>ad</strong></span> <span class='ocrx_word' id='word_1_237' title='bbox 558 2958 633 3020; x_wconf 92' lang='lat' dir='ltr'><strong>quas</strong></span> <span class='ocrx_word' id='word_1_238' title='bbox 643 2939 843 3002; x_wconf 86' lang='lat' dir='ltr'><strong>accumbendi</strong></span> <span class='ocrx_word' id='word_1_239' title='bbox 854 2940 992 3002; x_wconf 86' lang='lat' dir='ltr'><strong>omuibus</strong></span> <span class='ocrx_word' id='word_1_240' title='bbox 1001 2937 1127 3001; x_wconf 85' lang='lat' dir='ltr'><strong>advenis</strong></span> <span class='ocrx_word' id='word_1_241' title='bbox 1137 2935 1291 3001; x_wconf 84' lang='lat' dir='ltr'><strong>liberrima</strong></span> 
     </span>
     <span class='ocr_line' id='line_1_28' title="bbox 92 3034 338 3115; baseline -0.004 -20"><span class='ocrx_word' id='word_1_242' title='bbox 92 3034 172 3096; x_wconf 84' lang='lat' dir='ltr'><strong>facta</strong></span> <span class='ocrx_word' id='word_1_243' title='bbox 185 3045 230 3097; x_wconf 89' lang='lat' dir='ltr'><strong>est</strong></span> <span class='ocrx_word' id='word_1_244' title='bbox 243 3035 338 3115; x_wconf 90' lang='lat' dir='ltr'><strong>copia.</strong></span> 
     </span>
    </p>

    <p class='ocr_par' dir='ltr' id='par_1_5' title="bbox 90 3130 1291 3794">
     <span class='ocr_line' id='line_1_29' title="bbox 130 3130 1288 3215; baseline 0.002 -21"><span class='ocrx_word' id='word_1_245' title='bbox 130 3130 286 3194; x_wconf 73' lang='lat' dir='ltr'><strong>vicesima</strong></span> <span class='ocrx_word' id='word_1_246' title='bbox 299 3132 322 3194; x_wconf 93' lang='lat' dir='ltr'><strong>J</strong></span> <span class='ocrx_word' id='word_1_247' title='bbox 325 3132 378 3193; x_wconf 93' lang='lat' dir='ltr'><strong>ulii</strong></span> <span class='ocrx_word' id='word_1_248' title='bbox 392 3131 576 3215; x_wconf 88' lang='lat' dir='ltr'><strong>proscriptus</strong></span> <span class='ocrx_word' id='word_1_249' title='bbox 590 3152 651 3194; x_wconf 91' lang='lat' dir='ltr'><strong>nou</strong></span> <span class='ocrx_word' id='word_1_250' title='bbox 663 3132 706 3193; x_wconf 91' lang='lat' dir='ltr'><strong>ita</strong></span> <span class='ocrx_word' id='word_1_251' title='bbox 719 3132 837 3214; x_wconf 90' lang='lat' dir='ltr'><strong>pridem</strong></span> <span class='ocrx_word' id='word_1_252' title='bbox 849 3130 963 3195; x_wconf 81' lang='lat' dir='ltr'><strong>Consul</strong></span> <span class='ocrx_word' id='word_1_253' title='bbox 977 3131 1164 3202; x_wconf 86' lang='lat' dir='ltr'><strong>Pleuevaux‚</strong></span> <span class='ocrx_word' id='word_1_254' title='bbox 1178 3131 1288 3196; x_wconf 76' lang='lat' dir='ltr'><strong>leodi·</strong></span> 
     </span>
     <span class='ocr_line' id='line_1_30' title="bbox 92 3227 1288 3310; baseline 0.001 -21"><span class='ocrx_word' id='word_1_255' title='bbox 92 3250 142 3289; x_wconf 89' lang='lat' dir='ltr'><strong>um</strong></span> <span class='ocrx_word' id='word_1_256' title='bbox 159 3228 343 3310; x_wconf 91' lang='lat' dir='ltr'><strong>postliminio</strong></span> <span class='ocrx_word' id='word_1_257' title='bbox 359 3228 460 3301; x_wconf 90' lang='lat' dir='ltr'><strong>rediit,</strong></span> <span class='ocrx_word' id='word_1_258' title='bbox 478 3228 532 3289; x_wconf 90' lang='lat' dir='ltr'><strong>sed</strong></span> <span class='ocrx_word' id='word_1_259' title='bbox 549 3248 620 3289; x_wconf 88' lang='lat' dir='ltr'><strong>mox</strong></span> <span class='ocrx_word' id='word_1_260' title='bbox 639 3229 745 3291; x_wconf 86' lang='lat' dir='ltr'><strong>iterum</strong></span> <span class='ocrx_word' id='word_1_261' title='bbox 768 3250 823 3309; x_wconf 90' lang='lat' dir='ltr'><strong>per</strong></span> <span class='ocrx_word' id='word_1_262' title='bbox 842 3230 990 3310; x_wconf 84' lang='lat' dir='ltr'><strong>quosdam</strong></span> <span class='ocrx_word' id='word_1_263' title='bbox 1006 3248 1130 3291; x_wconf 89' lang='lat' dir='ltr'><strong>suorum</strong></span> <span class='ocrx_word' id='word_1_264' title='bbox 1148 3227 1288 3290; x_wconf 88' lang='lat' dir='ltr'><strong>adversa·</strong></span> 
     </span>
     <span class='ocr_line' id='line_1_31' title="bbox 91 3324 1287 3409; baseline 0.002 -22"><span class='ocrx_word' id='word_1_265' title='bbox 91 3327 214 3398; x_wconf 90' lang='lat' dir='ltr'><strong>riorum,</strong></span> <span class='ocrx_word' id='word_1_266' title='bbox 231 3326 314 3409; x_wconf 90' lang='lat' dir='ltr'><strong>pacis</strong></span> <span class='ocrx_word' id='word_1_267' title='bbox 327 3326 524 3397; x_wconf 84' lang='lat' dir='ltr'><strong>turbatorum,</strong></span> <span class='ocrx_word' id='word_1_268' title='bbox 539 3346 574 3387; x_wconf 88' lang='lat' dir='ltr'><strong>ac</strong></span> <span class='ocrx_word' id='word_1_269' title='bbox 589 3324 730 3401; x_wconf 88' lang='lat' dir='ltr'><strong>bostium,</strong></span> <span class='ocrx_word' id='word_1_270' title='bbox 746 3326 867 3388; x_wconf 85' lang='lat' dir='ltr'><strong>civitate</strong></span> <span class='ocrx_word' id='word_1_271' title='bbox 881 3325 985 3406; x_wconf 88' lang='lat' dir='ltr'><strong>pulsus</strong></span> <span class='ocrx_word' id='word_1_272' title='bbox 997 3334 1059 3387; x_wconf 77' lang='lat' dir='ltr'><strong>estt</strong></span> <span class='ocrx_word' id='word_1_273' title='bbox 1081 3324 1120 3385; x_wconf 89' lang='lat' dir='ltr'><strong>de</strong></span> <span class='ocrx_word' id='word_1_274' title='bbox 1137 3344 1199 3405; x_wconf 86' lang='lat' dir='ltr'><strong>quo</strong></span> <span class='ocrx_word' id='word_1_275' title='bbox 1215 3346 1287 3389; x_wconf 87' lang='lat' dir='ltr'><strong>cum</strong></span> 
     </span>
     <span class='ocr_line' id='line_1_32' title="bbox 93 3421 1291 3505; baseline 0.002 -23"><span class='ocrx_word' id='word_1_276' title='bbox 93 3421 230 3484; x_wconf 91' lang='lat' dir='ltr'><strong>nonnulli</strong></span> <span class='ocrx_word' id='word_1_277' title='bbox 253 3422 510 3505; x_wconf 87' lang='lat' dir='ltr'><strong>antagonistarum</strong></span> <span class='ocrx_word' id='word_1_278' title='bbox 529 3423 701 3484; x_wconf 90' lang='lat' dir='ltr'><strong>dubitarent</strong></span> <span class='ocrx_word' id='word_1_279' title='bbox 719 3423 928 3485; x_wconf 87' lang='lat' dir='ltr'><strong>excessissetne</strong></span> <span class='ocrx_word' id='word_1_280' title='bbox 950 3423 1024 3483; x_wconf 90' lang='lat' dir='ltr'><strong>urbe</strong></span> <span class='ocrx_word' id='word_1_281' title='bbox 1048 3442 1154 3495; x_wconf 88' lang='lat' dir='ltr'><strong>necue,</strong></span> <span class='ocrx_word' id='word_1_282' title='bbox 1176 3430 1291 3484; x_wconf 85' lang='lat' dir='ltr'><strong>armata</strong></span> 
     </span>
     <span class='ocr_line' id='line_1_33' title="bbox 91 3518 1287 3603; baseline -0.003 -24"><span class='ocrx_word' id='word_1_283' title='bbox 91 3540 181 3579; x_wconf 89' lang='lat' dir='ltr'><strong>manu</strong></span> <span class='ocrx_word' id='word_1_284' title='bbox 195 3518 227 3579; x_wconf 92' lang='lat' dir='ltr'><strong>in</strong></span> <span class='ocrx_word' id='word_1_285' title='bbox 242 3519 321 3580; x_wconf 82' lang='lat' dir='ltr'><strong>aedes</strong></span> <span class='ocrx_word' id='word_1_286' title='bbox 335 3520 400 3600; x_wconf 86' lang='lat' dir='ltr'><strong>ejus</strong></span> <span class='ocrx_word' id='word_1_287' title='bbox 413 3521 597 3601; x_wconf 89' lang='lat' dir='ltr'><strong>irruperunt,</strong></span> <span class='ocrx_word' id='word_1_288' title='bbox 618 3540 781 3601; x_wconf 86' lang='lat' dir='ltr'><strong>omnesque</strong></span> <span class='ocrx_word' id='word_1_289' title='bbox 798 3518 924 3603; x_wconf 85' lang='lat' dir='ltr'><strong>angulos</strong></span> <span class='ocrx_word' id='word_1_290' title='bbox 941 3519 1073 3581; x_wconf 82' lang='lat' dir='ltr'><strong>studiosa</strong></span> <span class='ocrx_word' id='word_1_291' title='bbox 1086 3518 1186 3579; x_wconf 88' lang='lat' dir='ltr'><strong>rimati</strong></span> <span class='ocrx_word' id='word_1_292' title='bbox 1199 3527 1287 3579; x_wconf 75' lang='lat' dir='ltr'><strong>suntt</strong></span> 
     </span>
     <span class='ocr_line' id='line_1_34' title="bbox 91 3614 1287 3698; baseline 0.001 -21"><span class='ocrx_word' id='word_1_293' title='bbox 91 3636 157 3677; x_wconf 90' lang='lat' dir='ltr'><strong>cum</strong></span> <span class='ocrx_word' id='word_1_294' title='bbox 171 3636 243 3677; x_wconf 90' lang='lat' dir='ltr'><strong>vero</strong></span> <span class='ocrx_word' id='word_1_295' title='bbox 256 3637 316 3677; x_wconf 93' lang='lat' dir='ltr'><strong>non</strong></span> <span class='ocrx_word' id='word_1_296' title='bbox 331 3618 517 3697; x_wconf 88' lang='lat' dir='ltr'><strong>reperissent,</strong></span> <span class='ocrx_word' id='word_1_297' title='bbox 529 3637 622 3698; x_wconf 91' lang='lat' dir='ltr'><strong>puero</strong></span> <span class='ocrx_word' id='word_1_298' title='bbox 635 3617 755 3679; x_wconf 85' lang='lat' dir='ltr'><strong>cuidam</strong></span> <span class='ocrx_word' id='word_1_299' title='bbox 766 3614 984 3698; x_wconf 80' lang='lat' dir='ltr'><strong>persuaserunt,</strong></span> <span class='ocrx_word' id='word_1_300' title='bbox 997 3626 1032 3677; x_wconf 88' lang='lat' dir='ltr'><strong>ut</strong></span> <span class='ocrx_word' id='word_1_301' title='bbox 1040 3616 1099 3677; x_wconf 84' lang='lat' dir='ltr'><strong>iret</strong></span> <span class='ocrx_word' id='word_1_302' title='bbox 1108 3622 1287 3695; x_wconf 83' lang='lat' dir='ltr'><strong>vocaretque</strong></span> 
     </span>
     <span class='ocr_line' id='line_1_35' title="bbox 90 3710 1285 3794; baseline -0.001 -22"><span class='ocrx_word' id='word_1_303' title='bbox 90 3712 127 3772; x_wconf 85' lang='lat' dir='ltr'><strong>ad</strong></span> <span class='ocrx_word' id='word_1_304' title='bbox 140 3713 236 3774; x_wconf 84' lang='lat' dir='ltr'><strong>sancti</strong></span> <span class='ocrx_word' id='word_1_305' title='bbox 253 3712 400 3789; x_wconf 87' lang='lat' dir='ltr'><strong>Severini,</strong></span> <span class='ocrx_word' id='word_1_306' title='bbox 415 3712 536 3775; x_wconf 90' lang='lat' dir='ltr'><strong>intimos</strong></span> <span class='ocrx_word' id='word_1_307' title='bbox 550 3714 626 3775; x_wconf 90' lang='lat' dir='ltr'><strong>duos</strong></span> <span class='ocrx_word' id='word_1_308' title='bbox 644 3714 772 3777; x_wconf 82' lang='lat' dir='ltr'><strong>Consuli</strong></span> <span class='ocrx_word' id='word_1_309' title='bbox 790 3714 914 3789; x_wconf 91' lang='lat' dir='ltr'><strong>amicos,</strong></span> <span class='ocrx_word' id='word_1_310' title='bbox 933 3713 1014 3775; x_wconf 88' lang='lat' dir='ltr'><strong>viros</strong></span> <span class='ocrx_word' id='word_1_311' title='bbox 1032 3710 1285 3794; x_wconf 79' lang='lat' dir='ltr'><strong>praeclarissimos,</strong></span> 
     </span>
    </p>
   </div>
   <div class='ocr_carea' id='block_1_4' title="bbox 0 0 1618 4700">
    <p class='ocr_par' dir='ltr' id='par_1_6' title="bbox 0 0 1618 4700">
     <span class='ocr_line' id='line_1_36' title="bbox 0 0 1618 4700; baseline 0 4"><span class='ocrx_word' id='word_1_312' title='bbox 0 0 1618 4700; x_wconf 95' lang='lat' dir='ltr'><strong> </strong></span> 
     </span>
    </p>
   </div>
  </div>
 </body>
</html>
