3225 4700
501 370 524 435 1
529 369 631 437 YIN
635 367 820 437 ERARI
827 361 910 433 ΗΜ.
1224 368 1287 433 347

91 516 169 578 dum
193 518 404 592 committeret,
429 540 465 581 ac
488 520 575 581 novis
597 519 791 582 munimentis
811 519 837 580 si
857 520 917 600 qui
936 540 1008 584 usus
1027 518 1116 594 foret,
1137 517 1287 595 firmaret3

91 613 262 674 exercitum
275 613 347 675 verb
365 635 464 685 sunm,
481 637 519 677 ne
537 617 599 677 otio
612 616 829 697 languesceret,
847 615 1031 699 Fribnrgum
1050 615 1173 677 Misniae
1192 615 1289 677 disce·

92 709 179 784 dere,
195 718 225 769 et
241 710 345 771 urbem
359 710 442 773 illam
459 711 594 775 obsidere
605 714 708 793 jussit.
749 713 828 785 Quae
847 714 918 775 dum
934 712 1013 774 fiunt
1032 711 1289 775 Dorstensohnius

36 800 42 807 ’
94 802 269 863 Ersordiam
285 803 501 883 profectionem
514 806 653 876 instituit,
663 816 759 868 utana
771 827 842 868 cum
853 806 1208 873 Gallo-Wimariensibus
1218 831 1289 872 con·

94 899 187 961 ferret
203 899 339 974 consilia,
357 919 419 980 qua
435 900 551 963 scilicet
569 902 695 975 ratione,
712 902 840 965 victoria
859 925 954 988 nuper
974 916 1068 989 parta,
1084 908 1291 989 prosequenda

92 1005 182 1068 esset,
201 1015 238 1057 ac
257 994 351 1057 hostis
372 997 493 1078 penitus
512 999 552 1060 ad
573 998 809 1064 internecionem
831 1000 993 1064 delendus:
1027 1022 1083 1064 uec
1107 1001 1204 1065 multb
1224 1014 1291 1086 post

94 1091 232 1174 Lipsiam
245 1114 381 1156 reversus
395 1106 448 1157 est.

139 1190 260 1272 Regina
281 1212 402 1273 quoque
424 1192 540 1255 Suecias
567 1192 724 1255 Christian
748 1193 958 1257 stockholmio
986 1196 1034 1257 die
1056 1198 1106 1258 24.
1132 1196 1283 1260 Novemb.

90 1286 209 1349 litteras
233 1287 342 1351 direxit
364 1291 404 1352 sd
432 1290 633 1373 Langraviam
663 1290 793 1365 Hassiae,
822 1292 932 1372 quibus
957 1314 1021 1355 eam
1049 1293 1225 1355 hortabatur
1250 1295 1290 1356 ad

93 1384 278 1465 capessenda
291 1405 384 1460 arms,
396 1396 427 1447 et
439 1387 556 1449 sortiter
569 1388 806 1469 prosequendam
820 1410 874 1470 per
888 1389 1159 1453 Dorstensohnium
1172 1410 1232 1451 non
1247 1390 1290 1453 ita

91 1480 215 1561 pridem
228 1480 379 1543 obtentam
393 1482 561 1545 victoriam.
603 1484 716 1545 Ευυω
730 1505 879 1551 summam
893 1486 954 1549 hhc
967 1486 1147 1550 adscribam.

88 1662 100 1677 “
362 1676 514 1737 christino
529 1680 589 1739 Dei
598 1682 701 1759 pratia
714 1682 831 1759 Repina
846 1680 966 1754 stacte,
979 1683 1029 1756 dc.

97 1786 433 1943 SERENISSIMA
455 1789 613 1873 Princeps,
634 1793 689 1855 bec.
713 1792 828 1854 nullum
850 1792 936 1855 uobis
956 1792 1135 1874 relinquitur
1153 1794 1290 1867 dubium,

172 1884 247 1965 quin
258 1884 407 1946 Charitati
417 1896 523 1947 vestroe
530 1888 597 1969 jam
607 1889 703 1950 multb
712 1900 782 1951 ante
792 1890 899 1952 harum
910 1890 1101 1952 traditionem
1112 1888 1289 1965 litterarum,

93 1982 264 2043 innotuerit
279 1981 388 2043 nobilis
400 1981 453 2043 illu
465 1982 504 2043 ad
524 1983 668 2066 Lipsism,
684 1987 799 2049 collutis
816 2006 885 2049 cum
904 1987 989 2048 hoste
1004 1986 1094 2068 plena
1109 1986 1173 2047 acie
1187 1986 1290 2068 signis,

94 2078 246 2159 vigesima
266 2079 354 2139 tertia
375 2078 515 2140 Octobris
532 2090 619 2161 parts
637 2081 775 2153 victoria,
790 2083 877 2165 cujus
897 2082 999 2143 lavore
1019 2080 1166 2143 Caeeareae
1186 2081 1291 2162 copiae,

95 2176 274 2237 ductoribus
287 2175 461 2237 Archidnce
472 2175 623 2257 leopoldo
633 2176 808 2255 wilhelmo,
824 2188 854 2240 et
864 2177 1081 2247 Pioolomineo,
1095 2176 1204 2256 partim
1217 2175 1292 2238 fusae

96 2272 207 2355 partim
223 2273 343 2354 penitus
355 2292 442 2333 cuesae
455 2282 486 2334 et
499 2274 638 2335 extinctae
651 2286 722 2336 sunt
729 2297 738 2347 ;
757 2284 837 2337 totns
851 2276 973 2356 iusuper
986 2285 1144 2357 apparatus
1157 2272 1293 2349 bellicus,

97 2391 169 2432 cum
192 2390 302 2451 magno
323 2369 478 2451 signorum
498 2368 684 2444 militarium,
701 2380 763 2430 tam
785 2370 977 2451 equestrium,
999 2368 1088 2449 quhm
1111 2365 1293 2449 pedestrium

95 2487 236 2542 numero,
250 2467 282 2527 in
297 2477 429 2528 nostram
443 2476 617 2549 potestatem
624 2466 834 2546 [devenerunt.
877 2465 926 2527 De
939 2465 1046 2545 quibus
1060 2463 1199 2525 omnibus
1212 2461 1294 2526 haud

97 2565 192 2627 duhib
209 2565 249 2625 ad
263 2564 447 2626 charitatem
464 2575 595 2626 vestrum
614 2565 733 2627 uberius
749 2563 903 2645 scripserit
922 2571 1021 2623 noster
1034 2559 1241 2642 campiductor
1256 2580 1293 2622 ac

99 2661 262 2725 Generalis
276 2659 496 2722 Dorstensohn.

141 2757 408 2832 Quemadmodum
421 2758 501 2831 verb,
516 2758 584 2820 Deo
596 2759 724 2841 propitio
737 2757 885 2841 insignem
899 2756 978 2818 hanc
991 2755 1148 2818 victoriam
1163 2755 1199 2816 de
1213 2775 1294 2816 oom-
1397 2781 1401 2790 ·

97 2856 188 2918 muni
201 2854 287 2916 nohis
299 2855 393 2929 hoste,
408 2855 530 2935 ejusque
544 2857 696 2939 praecipuo
712 2857 848 2918 exercitu
867 2853 1082 2935 reportavimus
1090 2873 1100 2929 3
1122 2853 1165 2914 ita
1177 2852 1294 2914 nullum

98 2948 188 3010 nohis
197 2947 377 3028 relinquitur
387 2947 525 3023 dubium,
535 2949 609 3028 quin
617 2950 643 3010 si
653 2970 718 3011 eam
730 2949 899 3031 conjunctis
912 2949 1002 3011 armis
1013 2959 1183 3010 constanter
1193 2969 1295 3030 prose-

98 3065 240 3127 quamur,
258 3045 344 3105 nobis
361 3065 418 3105 nec
438 3053 567 3126 tempus,
586 3067 642 3108 nec
662 3048 789 3120 occasio,
811 3067 866 3108 nec
885 3047 986 3108 media
1001 3047 1062 3108 sint
1078 3047 1228 3116 defutura,
1250 3067 1296 3107 res

98 3141 315 3223 nostrasjuxta
328 3139 455 3200 consilia
468 3151 498 3199 et
513 3140 708 3203 intentionem
725 3153 858 3204 nostram
873 3142 1054 3219 stabiliendi,
1068 3163 1104 3205 ac
1120 3164 1181 3205 non
1200 3143 1296 3204 solum

99 3238 249 3300 exercitus
267 3246 382 3298 nostros
399 3235 541 3318 augendi,
556 3234 609 3296 sed
625 3243 656 3296 et
671 3233 786 3296 hostem
802 3235 921 3316 penitus
937 3237 1110 3312 enarrandi,
1126 3257 1162 3298 ac
1178 3237 1216 3297 ad
1229 3236 1297 3298 uni·

98 3334 257 3408 versalem,
268 3334 413 3414 nobisque
427 3331 595 3414 proficuam
606 3351 711 3412 pacem
721 3331 933 3412 compellendi.
968 3331 1104 3404 Quorum
1115 3341 1297 3414 postremum

98 3432 216 3512 alioqui
229 3453 285 3492 nos
298 3451 354 3492 uec
368 3447 560 3512 praesumere,
570 3428 666 3488 multb
679 3428 751 3489 verb
761 3428 886 3489 minimb
900 3447 1017 3509 sperare
1028 3429 1219 3497 audebimus;
1240 3427 1299 3490 nisi

99 3529 242 3590 omnibus
260 3527 374 3589 viribus
390 3535 512 3606 totoque
532 3534 652 3599 conatu,
670 3535 817 3606 quantum
836 3525 958 3605 quidem
975 3526 1135 3587 necessitas
1152 3525 1299 3587 bellorum

100 3626 214 3707 exiget,
236 3625 456 3696 adlaboremus,
477 3633 510 3684 ut
530 3621 623 3684 hostis
643 3642 738 3693 mma,
755 3622 822 3702 jam
845 3622 918 3683 dum
939 3621 1110 3683 notabiliter
1130 3622 1300 3694 imminuta,

102 3726 223 3806 penitus
239 3731 444 3784 conteramus:
465 3718 547 3781 nude
565 3716 648 3778 nulla
660 3716 688 3778 ei
709 3737 794 3778 mora
805 3728 859 3779 aut
877 3717 960 3779 locus
976 3716 1185 3779 concedendus
1199 3728 1254 3791 est,
1269 3730 1302 3779 ut
