3225 4700
537 915 728 992 CAPUT
763 918 857 995 LII.

380 1090 481 1161 Initia
499 1090 704 1163 Cornitiorarir
720 1096 1001 1165 Ratisboueusium.

342 1471 359 1524 'z
393 1471 425 1532 in
447 1471 556 1555 vulgus
573 1472 764 1553 prodierunt:
787 1472 839 1533 ubi
860 1492 979 1555 quoque
997 1474 1191 1537 meminImus
1206 1478 1289 1557 quod

113 1639 123 1660 ¹
309 1597 339 1650 ῃ
395 1567 617 1630 Invictissimus
639 1569 843 1630 Βοιιιιιιοιιιιιι
872 1570 1038 1652 Imperator
1060 1572 1289 1635 Funurranuus

18 1668 36 1704 ²³
105 1653 160 1730 ’ὲ
182 1747 185 1750 ¹
273 1687 320 1754 ff»
395 1663 524 1727 11de
547 1664 607 1727 alio
629 1673 780 1726 conventu
801 1665 879 1726 serio
902 1666 1083 1742 deliberarit,
1108 1688 1144 1729 ao
1165 1669 1288 1731 tandem

32 1766 35 1774 '
103 1753 130 1782 *⁴
148 1746 179 1784 '⁷
201 1748 212 1764 ,·
345 1749 352 1794 ’-
392 1759 571 1823 concluserit
585 1760 893 1822 Ratisbouamomues
908 1761 1060 1823 Electores
1073 1782 1108 1824 ac
1122 1766 1289 1846 precipuos

19 1856 223 1938 Imperii
237 1857 397 1939 Principes
410 1877 446 1919 ac
459 1866 553 1919 status
563 1857 602 1933 (si
616 1856 739 1937 quidem
751 1857 783 1919 id
796 1858 859 1919 ulio
872 1858 962 1918 modo
975 1856 1041 1918 fieri
1055 1860 1186 1939 posset)
1177 1880 1210 1919 m
1219 1880 1289 1941 per·

21 1958 37 1993 ²*
84 1952 168 2014 sont
187 1954 306 2035 propria
323 1954 433 2036 scripto
454 1972 589 2027 evocare,
608 1954 691 2033 quod
711 1952 820 2015 Mense
841 1954 865 2017 J
868 1953 930 2015 ulro
952 1954 1075 2015 undem
1096 1974 1286 2037 progressum

25 2048 209 2123 habuit,
224 2068 259 2111 ac
272 2050 335 2130 ipss
350 2048 538 2130 Imperator
529 2060 607 2111 inter
619 2048 731 2130 primos
739 2050 882 2111 Vienna
872 2059 950 2111 rstuc
963 2070 995 2111 se
1007 2050 1143 2111 conferre
1156 2070 1216 2111 nou
1231 2051 1287 2113 du·

18 2150 35 2188 1
85 2144 212 2221 bitavit,
226 2146 304 2207 unde
324 2153 354 2206 et
370 2148 472 2207 omnIa
488 2145 622 2207 ordinari
639 2145 818 2226 disponique
832 2146 950 2207 curavit
965 2146 1104 2208 dumaiii
1126 2146 1287 2229 Principes

19 2244 33 2281 ἰ
87 2241 296 2303 convenirent.
337 2241 439 2304 uerus
457 2242 558 2322 itaque
573 2242 597 2304 J
599 2240 654 2302 ulii
675 2241 874 2324 Magistratus
892 2241 1013 2303 urbicus
1027 2242 1210 2317 Ratisbouoe,
1225 2262 1286 2304 una

18 2342 32 2380 Ι
88 2357 163 2400 cum
184 2337 300 2400 civibus
320 2337 499 2420 Imperatori
516 2336 701 2420 homagium,
719 2339 859 2420 praestitit
874 2360 911 2401 ac
930 2340 1032 2401 sancte
1051 2338 1144 2400 fidem
1157 2339 1285 2420 jurarit,

87 2445 196 2496 contra
208 2455 280 2496 vero
295 2435 462 2517 Imperator
476 2434 650 2496 Camerario
666 2436 748 2496 urbis
766 2456 821 2516 per
838 2435 1098 2497 commendantem
1117 2435 1285 2496 Dominum

19 2535 27 2572 ²
89 2531 131 2593 ds
151 2530 289 2593 Reinach
308 2530 407 2593 claves
426 2532 512 2594 reddi
528 2531 630 2613 jussit,
645 2550 750 2592 omnes
763 2552 883 2613 quoque
901 2531 1056 2593 Electores
1069 2552 1124 2613 per
1145 2531 1285 2614 legatos,

19 2643 24 2670 ι
89 2635 157 2687 tum
176 2626 223 2688 rel
242 2627 389 2708 Imprimis
408 2627 579 2690 Electorem
599 2625 749 2688 Saxonsm
768 2648 822 2708 per
843 2627 1019 2709 Principem
1033 2628 1071 2690 de
1091 2627 1284 2689 Iockhorrita

91 2723 133 2784 ad
152 2723 273 2785 comitia
292 2723 517 2805 perhumaniter
535 2721 683 2785 invitarit.
726 2723 819 2786 Circa
830 2724 936 2786 mdem
949 2725 1011 2786 fere
1025 2732 1158 2805 tempora
1172 2724 1284 2786 Letha-

88 2819 197 2900 ringIoe
212 2819 297 2895 Dux,
311 2829 341 2882 ct
355 2819 460 2903 Legati
475 2818 572 2880 Ducis
586 2819 851 2902 Braudeuburgici
865 2821 1062 2882 Ratisbonam
1075 2822 1272 2882 ιιιίιιιιιιιιιιιι.

130 2914 246 2986 Quarta
266 2916 346 2978 Julii
367 2916 564 2998 Magistratus
588 2917 814 2980 Ratisboueusis
838 2917 938 2978 Saerae
957 2916 1103 2979 Gaesareoe
1127 2916 1284 2998 Majestati

87 3011 231 3092 poculum
243 3032 367 3075 aureum
377 3033 467 3075 aures
477 3023 596 3076 moneta
610 3033 768 3097 pregnans,
776 3033 840 3074 una
850 3033 921 3075 cum
929 3013 1046 3073 duobus
1056 3013 1119 3073 vini
1131 3011 1283 3087 Rheuaui,

87 3119 117 3170 et
131 3108 198 3170 aliis
210 3109 326 3171 duobus
339 3108 403 3170 viui
424 3109 582 3172 Malvatici
602 3110 700 3185 doliis,
716 3110 833 3172 duobus
846 3109 919 3170 item
932 3108 1071 3168 curribus
1084 3128 1180 3169 arena
1191 3129 1281 3170 onus·

86 3205 136 3279 tis,
146 3205 311 3287 peregrinis
321 3226 439 3288 quoque
448 3215 479 3267 et
489 3207 624 3268 delicatis
634 3206 765 3288 piscibus
773 3204 893 3278 obtulit,
904 3224 961 3265 nec
971 3204 1070 3265 miuus
1081 3203 1284 3267 Maraschallo

89 3299 215 3382 Imperii
229 3323 298 3363 cum
312 3303 442 3366 sedecim
456 3303 520 3366 vini
539 3303 644 3385 optimi
661 3301 822 3378 cantharis,
843 3320 951 3362 currus
967 3319 1070 3362 avenoe
1086 3310 1283 3382 presentatus

88 3407 303 3576 εει,Διιῑιιιιιιιιιιι
323 3517 393 3557 varo
416 3515 501 3558 sacra
517 3497 657 3559 Caesarea
679 3495 824 3577 Majestas
843 3494 1038 3556 Ratisbonam
1057 3495 1183 3578 appulit,
1203 3496 1285 3558 Con·

86 3602 193 3653 ventus
208 3592 417 3674 Norimbergae
431 3613 485 3674 per
498 3592 628 3676 Iegatos
641 3590 794 3652 institutus
812 3590 957 3672 paulatim
974 3591 1014 3653 ad
1031 3591 1124 3653 finem
1138 3591 1281 3662 decurrit,

88 3687 118 3747 in
138 3707 201 3770 quo
222 3698 329 3770 prester
349 3688 522 3752 Electorum
543 3690 709 3771 deputatos,
723 3688 830 3750 horum
845 3707 964 3769 quoque
979 3688 1160 3770 Principum
1175 3689 1281 3770 Legati

652 3806 673 3844 ιι
686 3805 706 3844 ιι
