3225 4700
499 801 688 879 CAPUT
724 805 847 879 XIII.

143 1009 253 1076 Pactu
268 1013 408 1099 quedem
421 1015 504 1078 inter
520 1011 712 1081 Fridluudie
726 1013 848 1080 Ducem
863 1027 894 1080 et
909 1015 1075 1103 Principes
1089 1039 1154 1082 cum
1168 1040 1202 1083 co

225 1115 417 1200 paciscentes
434 1113 552 1180 Ducem
566 1117 681 1182 scilicet
697 1115 840 1182 Sueouie
854 1129 885 1181 et
898 1117 1114 1183 Murchionem

284 1213 625 1305 Brundeuburgeueem,
641 1217 807 1299 Electorec,
821 1219 906 1284 ultro
920 1221 1058 1308 citroque

509 1321 599 1385 muru
613 1332 644 1385 et
651 1323 826 1408 proposita.

452 1509 702 1572 snrrcnnr
732 1508 893 1572 encre.
943 1489 946 1493 ’

301 1814 326 1923 Τ
361 1815 408 1890 (ut
423 1811 544 1885 vocant)
562 1809 593 1870 in
616 1808 723 1871 silesia
740 1818 813 1870 tune
830 1809 970 1870 existenti
986 1813 1141 1892 proposuit
1157 1831 1264 1892 ειΙΨΓΟ·

135 2074 152 2099 Ν
265 2026 315 2085 ¹,
441 2002 468 2063 Ι.
490 2001 584 2083 Cupit
607 2001 789 2064 Fridlandiae
813 2001 898 2075 Dux,
920 2023 989 2062 eum
1014 2002 1122 2084 Regno
1146 2002 1264 2064 Sueciai

177 2101 221 2127 “¹
265 2086 319 2139 ’Ὗ
400 2098 646 2178 Electoribusque
666 2097 803 2159 saxonie
820 2107 851 2158 et
866 2098 1151 2180 Brundeuburgeusi
1166 2098 1263 2160 since-

110 2211 177 2252 ram
195 2193 271 2254 inire
289 2215 411 2274 paoem:
438 2195 479 2255 Et
495 2194 521 2255 si
534 2214 595 2275 qua
611 2193 687 2254 sorte
704 2192 806 2254 Caenar
822 2195 980 2275 propositis
994 2195 1142 2274 utrimque
1161 2205 1191 2256 et
1209 2195 1262 2256 ad·

109 2287 209 2350 missis
224 2290 318 2371 pactis
331 2291 543 2353 intercessurus
555 2299 641 2365 esset,
655 2297 684 2350 et
701 2289 844 2350 articulos
857 2291 894 2350 ab
912 2289 1037 2372 utrique
1056 2300 1140 2371 parte
1153 2289 1262 2352 coufir-

108 2396 206 2447 matos
219 2388 460 2469 subecriptosque
470 2388 659 2467 improbaret,
671 2386 823 2469 obligatae
834 2387 933 2448 dictus
943 2386 1261 2469 Waliensteiu,1mpe·

109 2492 239 2542 ratorem
251 2482 284 2544 vi
298 2483 337 2544 ad
350 2502 524 2545 consensum
538 2482 670 2565 adigere,
684 2482 724 2543 ad
738 2502 830 2563 quum
843 2503 907 2543 rem
922 2492 992 2564 apta
1009 2483 1109 2544 media
1121 2482 1185 2563 ipse
1192 2484 1261 2564 jam

109 2578 220 2657 partim
234 2578 391 2659 disposuit,
405 2578 515 2661 partim
528 2578 627 2639 adbuc
640 2578 786 2659 disponet.
1259 2612 1263 2630 ·

151 2673 200 2734 11.
223 2673 335 2735 Omnia
352 2674 521 2757 Privilegia
537 2674 704 2755 imperialia
723 2674 741 2735 b
762 2674 916 2757 quibusvis
933 2675 1007 2737 aliis
1025 2674 1261 2757 Imperatoribus

110 2790 252 2832 conmissa
260 2771 493 2853 redintegranda
501 2779 532 2831 et
541 2771 579 2831 de
589 2790 666 2831 novo
680 2769 887 2835 confirmanda
899 2782 978 2833 sunt.
1010 2770 1156 2842 Omnium
1169 2771 1260 2832 etiam

110 2867 295 2929 exulantium
308 2868 387 2928 bonu
400 2868 502 2948 inique
515 2866 614 2927 ablata
628 2876 680 2927 aut
692 2866 771 2928 ultrb
785 2868 912 2942 deserta,
927 2866 1128 2942 restituenda;
1154 2865 1186 2926 in
1199 2887 1260 2949 qna

111 2964 298 3025 restitutione
312 2964 330 3025 b
343 2964 398 3025 eui
415 2962 541 3046 personi
556 2961 736 3024 Fridlandus
752 2963 873 3025 initium
891 2963 990 3038 faciet,
1004 2962 1164 3042 omniaque
1181 2962 1260 3023 bona

109 3080 163 3121 sua
179 3060 230 3122 vel
247 3061 305 3120 sibi
320 3061 440 3135 donata,
460 3058 509 3121 vel
527 3059 633 3140 quovis
651 3060 741 3120 modo
759 3060 915 3140 acquisita,
934 3060 974 3121 ad
991 3059 1064 3120 alios
1080 3058 1152 3119 olim
1169 3058 1259 3140 perti·

5 3200 10 3213 .
110 3156 222 3229 nentia,
244 3156 371 3219 libenter
392 3156 505 3237 primus
526 3156 672 3229 restituet,
693 3154 800 3235 quibus
820 3155 918 3217 ablata
938 3163 1028 3229 snut;
1056 3154 1166 3215 damna
1186 3154 1258 3216 verb

110 3252 256 3313 beliorum
283 3252 400 3335 injuriis
426 3252 547 3313 interim
572 3250 654 3313 illata
676 3251 773 3325 bonis,
797 3252 888 3332 primi
913 3270 1091 3334 possessores
1113 3250 1258 3312 obliuioni

109 3348 230 3410 tradent
242 3368 298 3409 uec
311 3348 452 3429 deinceps
465 3348 558 3408 ullam
572 3367 761 3429 compensum
774 3347 906 3430 exigent.

149 3444 218 3505 111.
239 3445 264 3506 J
265 3444 367 3505 esnitu
381 3463 484 3505 omnes
503 3442 632 3524 penitus,
649 3464 705 3504 ceu
722 3442 867 3504 bellorum
885 3451 1030 3517 unctores,
1043 3450 1074 3504 et
1090 3442 1258 3502 incentores

109 3541 268 3615 malorum,
281 3560 319 3602 ex
336 3540 475 3601 Romano
494 3540 625 3622 Imperio
637 3539 868 3621 proscribantur,
882 3560 920 3602 ue
936 3560 967 3602 se
985 3538 1164 3620 Principum
1181 3536 1260 3598 aulis

108 3635 231 3719 posthac
244 3634 407 3713 insinuent,
422 3646 453 3699 at
465 3637 562 3700 noxiis
575 3636 706 3699 consiliis
720 3636 852 3699 turbent.
