3225 4700
512 336 924 406 ITINERARIUM.
1247 340 1312 406 399

157 491 238 556 Haec
252 493 323 556 dum
337 493 419 556 bisce
436 494 468 555 in
482 494 616 575 partibus
630 502 776 575 geruntur
790 493 863 555 alibi
880 495 971 558 etiam
990 515 1074 556 sacra
1086 515 1138 556 ssu
1155 492 1313 576 pontificia

112 589 203 662 bella,
218 612 255 651 ex
269 592 370 652 nescio
387 592 497 673 quibus
517 590 650 652 dissidiis
666 611 737 651 cum
754 591 940 673 principibus
960 591 1058 654 Italiae
1075 603 1156 662 nete,
1174 591 1232 652 lete
1251 611 1312 652 ser·

112 689 216 768 pendo
226 698 448 768 promoverunt.
485 688 554 750 Nec
567 687 667 748 Roma
681 687 785 768 procul
795 688 896 750 delata
907 699 989 751 sunt.
1023 690 1215 751 Terminante
1229 688 1310 749 enirn

113 786 257 866 Augusto
273 785 454 847 Florentium
474 783 569 866 oopiae
583 784 754 846 Cisternam
768 786 872 846 urbem
888 805 1036 869 aggressae
1056 797 1126 847 eunt
1144 807 1181 847 ac
1198 797 1310 866 septem

113 881 232 943 dierum
246 882 347 943 validi
364 882 558 965 impressione
577 881 827 942 intertouantibue
842 884 988 964 majorum
1003 883 1171 944 fistularum
1184 882 1312 965 fragori-

113 980 173 1040 bus
192 979 386 1060 pertinaciter
404 987 621 1060 perteutarunt,
641 1000 677 1040 ac
697 997 790 1060 prope
810 980 1010 1053 adduxerunt,
1029 989 1063 1041 ut
1082 981 1188 1042 civitas
1206 1001 1311 1062 pacem

115 1085 228 1158 peteret
242 1085 273 1137 et
291 1076 474 1138 deditionem
489 1076 685 1157 promitteret.
723 1075 804 1138 Cum
825 1077 985 1158 derepente
1003 1077 1101 1139 adluit
1117 1078 1312 1159 septingentis

114 1173 268 1254 peditibus
282 1180 312 1233 et
323 1173 551 1253 quadringentis
564 1173 715 1254 equitibus
728 1173 887 1235 comitatus
902 1173 1043 1235 Marehio
1054 1175 1162 1234 Tobiae
1180 1174 1312 1236 Pellaei-

115 1271 214 1344 cinus,
224 1270 278 1350 qui
288 1269 460 1330 felicissime
470 1270 656 1331 obsidionem
670 1270 760 1332 solvit
773 1271 957 1332 Florentinis
971 1272 1009 1333 ad
1024 1271 1128 1350 fugam
1140 1271 1313 1352 compulsis,

116 1369 228 1448 quibus
244 1366 452 1428 recedentibus
468 1366 641 1429 institerunt
653 1368 776 1448 quidem
791 1367 810 1429 ὲ
824 1378 909 1450 tergo
922 1368 1043 1440 obsessi,
1057 1368 1109 1430 sed
1124 1389 1183 1429 non
1203 1387 1314 1450 magno

116 1465 323 1526 recedentium
336 1464 457 1525 damno.
498 1463 703 1525 Pallavicinue
718 1465 832 1526 interea
846 1466 980 1527 obsessos
1000 1465 1123 1547 pulvere
1141 1478 1170 1526 et
1182 1464 1249 1525 aliie
1263 1485 1314 1524 ne·

117 1562 253 1622 cessariis
261 1560 390 1641 adjuvit.
434 1559 538 1621 Rebus
553 1559 594 1621 sd
607 1560 778 1622 Cisternam
792 1581 898 1642 parum
913 1562 1061 1624 fortunati
1075 1563 1176 1644 gestis,
1193 1561 1315 1624 Floren-

117 1659 176 1719 tini
190 1657 317 1719 feliciori
331 1676 470 1718 successu
487 1666 662 1739 pugnarunt
679 1657 770 1737 paulo
783 1668 852 1738 post
864 1669 967 1740 aperto
985 1658 1086 1720 Marte
1100 1672 1204 1721 contra
1218 1661 1315 1742 ponti·

118 1755 216 1817 ficies.
251 1754 330 1816 Odor
345 1753 426 1814 enim
435 1753 614 1815 Vincentius
622 1755 660 1816 de
671 1753 777 1815 Murra
788 1754 1006 1817 Mareschallus
1015 1757 1113 1838 campi
1122 1759 1317 1834 (successerat

117 1851 263 1913 bicDuci
274 1850 406 1913 Savellio
415 1851 447 1910 in
458 1851 645 1934 generalem)
654 1872 724 1913 cum
734 1851 830 1913 tribus
838 1852 973 1933 peditum
984 1852 1117 1914 millibus
1131 1862 1161 1914 et
1175 1853 1316 1915 undecim

117 1949 283 2031 manipulis
295 1948 442 2028 equitum,
456 1969 493 2009 ac
510 1959 638 2028 quatuor
655 1950 823 2024 tormentis,
837 1950 874 2010 ab
890 1949 1038 2010 exercitus
1052 1969 1174 2032 corpore
1187 1970 1218 2011 es
1232 1971 1316 2031 seps·

118 2058 224 2117 msset,
233 2055 268 2106 ut
278 2046 404 2108 Pievam
414 2046 518 2107 urbem
528 2046 678 2108 obsideret
687 2047 766 2107 intra
775 2046 850 2107 duce
858 2065 941 2108 arces
951 2046 1054 2108 Sancti
1065 2045 1193 2107 Martini
1203 2047 1318 2110 seilicet

119 2155 152 2207 et
161 2144 248 2205 Petri
258 2142 365 2204 collem
379 2143 521 2204 substitit.
549 2143 641 2215 Quod
655 2153 689 2204 nt
702 2143 884 2205 Florentinis
894 2143 1034 2218 innotuit,
1045 2145 1191 2206 miserunt
1203 2144 1242 2206 de
1256 2147 1318 2207 suis

119 2243 174 2324 qui
196 2241 320 2304 consilia
348 2240 462 2302 Merrae
489 2239 680 2322 explorarent
702 2251 733 2302 et
753 2250 836 2302 certe
862 2239 975 2302 nuncia
998 2241 1038 2301 ad
1062 2241 1318 2323 campiductorem

121 2338 331 2403 Florentinum
339 2338 489 2401 referrent
509 2337 587 2410 Quae
597 2337 1094 2421 utallatasuntiturdprimoribus
1104 2339 1134 2401 iu
1147 2339 1317 2417 consilium,

120 2435 374 2516 constituiturque
383 2436 475 2516 justis
486 2436 659 2497 ormiscum
673 2436 836 2517 pontificiis
850 2456 912 2497 esse
923 2435 1160 2516 confligendum.
1196 2436 1319 2520 Egressi

120 2554 191 2595 mox
204 2534 237 2594 in
255 2532 369 2593 boetem
388 2541 564 2614 repererunt
583 2533 615 2592 in
629 2532 787 2613 procinctu
801 2542 835 2593 ut
852 2553 883 2593 ee
900 2532 932 2593 in
951 2533 1061 2594 tutiora
1080 2533 1147 2594 loca
1162 2534 1318 2615 reciperet,

119 2630 349 2713 periculumque
362 2630 517 2712 pugnandi
527 2630 689 2713 defugeret.
732 2630 853 2692 Instant
863 2630 1029 2691 Florentini
1041 2630 1149 2705 scribe,
1163 2631 1221 2693 etd
1234 2642 1320 2713 tergo

120 2737 260 2810 carpunt,
275 2737 447 2809 coguntque
460 2727 492 2787 in
507 2728 662 2789 editiorem
675 2726 795 2803 collem,
805 2728 838 2788 in
852 2748 940 2809 quem
955 2725 1016 2787 uni
1026 2726 1191 2788 Florentini
1201 2729 1320 2790 enitun-

121 2836 181 2898 tur,
203 2834 234 2886 et
257 2844 317 2886 uon
336 2824 403 2904 jam
427 2824 545 2885 eminus
565 2824 620 2886 sed
641 2824 778 2885 eominus
801 2823 946 2885 consertis
965 2824 1093 2886 dexteris
1114 2824 1320 2907 digladiantur

120 2921 205 2985 tantis
226 2921 338 2982 virtuto
356 2929 392 2981 ut
411 2921 450 2983 de
469 2920 633 3003 pontificiis
653 2930 762 3002 praeter
781 2921 859 2982 duos
878 2921 1047 3003 manipulos
1068 2922 1121 3002 qui
1142 2922 1319 3004 tempestivi

121 3019 196 3102 luga
208 3016 335 3078 salutm
349 3017 533 3096 quaeeierint,
547 3017 683 3099 plerique
696 3016 743 3078 vel
759 3018 830 3079 cresi
844 3016 894 3079 vel
910 3019 991 3099 capti
1004 3018 1124 3081 luerint.
1168 3019 1253 3081 Inter
1264 3020 1319 3081 hoe

120 3104 418 3177 numerabautetiam
428 3114 624 3177 Mareechalli
633 3115 733 3176 locum
742 3124 892 3176 tenentem
905 3114 1088 3199 Malavegia.
1121 3117 1319 3199 Captivorum

121 3232 266 3275 numerus
284 3209 486 3272 millenarium
504 3211 665 3273 excessisse
682 3222 814 3292 putatur,
831 3212 999 3274 occisorum
1015 3214 1204 3294 aliquantum
1225 3216 1322 3297 major

122 3310 268 3371 creditur.
309 3306 464 3369 Caeterum
483 3308 650 3391 interceptu
668 3318 818 3370 tormenta
830 3320 957 3390 quatuor
967 3329 1037 3371 cum
1052 3310 1135 3371 omui
1152 3310 1321 3391 provisione

122 3405 258 3481 militari,
272 3404 374 3466 omnis
387 3405 478 3466 etiam
496 3406 711 3489 impedimenta
731 3406 912 3468 Florentinis
929 3417 1082 3469 cesserunt
1096 3406 1156 3468 uui
1166 3428 1236 3469 cum
1251 3428 1321 3471 vex-

123 3506 185 3567 illis
197 3513 230 3567 et
241 3502 403 3565 luculentis
423 3503 540 3586 opibus.
583 3503 783 3586 Captivorum
802 3503 1026 3587 precipuorum
1040 3504 1163 3566 nomina
1182 3504 1231 3567 blo
1251 3506 1320 3567 eub-

117 3605 229 3686 jungo.
