3225 4700
316 319 360 386 46
703 313 726 382 1
734 311 1113 383 TlNERdRIUM.

317 465 395 530 divit
418 473 538 529 centnm
559 463 675 546 equites
697 465 832 543 selectae,
859 465 914 547 qui
937 464 1099 526 Francieco
1123 461 1251 524 Alberto
1270 458 1396 536 Eunoni,
1418 459 1517 542 juxte

316 561 470 645 pridianas
486 563 526 624 sd
539 561 801 624 Wcllensteininm
816 563 903 624 detes
921 561 1024 624 literas
1042 560 1219 622 comitatum
1237 558 1270 619 in
1291 557 1397 619 urbem
1415 577 1515 638 press-

316 667 424 720 terent.
466 657 512 720 Hi
529 659 575 720 nil
590 659 725 721 cunctati
746 668 890 740 reperent
906 659 939 720 in
958 658 1009 720 vit
1021 678 1112 739 quem
1125 657 1266 719 volebant
1277 655 1516 734 humaniterque

316 754 414 838 primo
441 754 601 817 dotatum
628 756 720 818 variis
744 755 902 837 colloquiis
927 763 1140 816 sustentarunt.
1181 753 1263 816 Cum
1288 750 1361 812 vero
1384 751 1516 832 propius

317 851 422 912 urbem
438 853 641 924 accessissent,
655 852 787 916 militnm
804 853 914 924 ductor
928 851 1068 913 Saxonioe
1086 851 1158 912 duci
1173 849 1234 925 sit3
1265 847 1349 920 Quid
1364 848 1390 908 si
1408 847 1514 910 tuam

318 947 537 1010 celsitudinem
568 948 713 1010 Butlerus
746 951 898 1011 Viennam
933 949 1066 1010 Austris}
1099 948 1139 1009 sd
1168 947 1319 1009 Caesarem
1351 944 1512 1025 captivum

317 1043 469 1106 mitteret?
496 1045 537 1106 ad
554 1064 623 1125 quoe
642 1047 734 1106 verbe
751 1046 894 1107 attonitus
913 1046 989 1108 elter
1004 1044 1173 1126 respondet,
1190 1064 1221 1104 se
1238 1043 1273 1104 id
1284 1040 1409 1123 quidem
1423 1039 1512 1102 hand

316 1140 425 1213 vereri,
440 1161 511 1201 cum
523 1141 564 1202 ad
579 1140 841 1202 Wellensteiuium
855 1142 987 1223 legatus
1002 1141 1069 1214 iret,
1084 1140 1103 1202 d
1118 1161 1179 1221 qno
1191 1139 1308 1200 salvum
1321 1138 1511 1199 conductum

317 1235 495 1298 obtinuisset
507 1257 567 1297 non
583 1237 677 1298 multi
689 1246 771 1298 ante.
812 1237 894 1299 Cum
906 1237 979 1298 vend
987 1237 1137 1298 detectam
1150 1235 1351 1318 proditionem
1362 1234 1512 1296 sublatos·

213 1349 216 1354 “
318 1351 376 1412 qua
403 1331 421 1390 ὲ
446 1333 548 1392 medio
575 1333 740 1414 proditores
766 1333 895 1407 audivit,
923 1332 1034 1394 Comiti
1059 1352 1113 1394 suo
1139 1332 1222 1394 mille
1247 1332 1372 1393 ducatos
1397 1331 1512 1392 ἔπειτα

317 1427 436 1500 obtulit,
454 1436 489 1488 ut
500 1447 532 1490 se
545 1429 709 1490 remitteret
727 1428 768 1491 sd
781 1449 851 1490 suos
867 1429 1005 1502 liberum,
1021 1429 1103 1510 qnod
1115 1429 1272 1491 (deserens
1284 1428 1371 1489 miles
1383 1428 1511 1509 negavit

317 1523 386 1584 lieri
398 1543 494 1604 posse
537 1524 622 1586 Inter
635 1525 700 1587 lssec
714 1525 746 1586 in
758 1526 865 1586 urbem
878 1526 1048 1598 deducitur,
1062 1535 1092 1586 et
1103 1526 1208 1606 paucis
1220 1535 1286 1607 post
1295 1525 1401 1585 diebus
1412 1523 1508 1584 Vien-

317 1639 390 1681 usm
406 1622 554 1684 unicum
574 1621 664 1682 totius
684 1623 839 1702 trugoedioe
861 1622 1007 1698 decmu3
1029 1622 1151 1703 ipseque
1174 1621 1316 1683 Butlerus
1334 1619 1424 1703 pusld
1440 1629 1510 1701 post

318 1717 458 1780 omnibus
479 1717 560 1780 recte
583 1717 752 1780 constitutis
773 1738 844 1778 cum
867 1717 1024 1779 Walthero
1053 1719 1216 1780 Deveroux
1237 1719 1344 1780 eodem
1362 1716 1507 1798 perrexit,

319 1811 528 1895 Oaesaremque
543 1823 615 1876 tuuc
636 1813 713 1874 forte
731 1815 871 1895 precibus
889 1814 921 1874 in
937 1815 1050 1896 templo
1064 1824 1220 1876 nocentem
1235 1815 1322 1886 adiit,
1336 1813 1387 1874 cui
1401 1813 1508 1874 Gerar

317 1911 358 1970 ad
370 1911 502 1992 primum
515 1919 720 1990 conspectum,
736 1909 821 1970 Deus
840 1921 1005 1987 conservet,
1024 1921 1054 1973 et
1073 1912 1232 1973 benedicat
1251 1910 1397 1972 dilectum
1418 1908 1508 1970 nobis

317 2016 408 2088 caput
422 2007 580 2069 Butlerum
593 2015 739 2066 omnum.
782 2007 891 2068 Finitis
904 2017 1005 2088 postea
1017 2008 1120 2082 sacris,
1131 2009 1171 2069 sd
1184 2029 1216 2069 sc
1226 2009 1350 2068 domum
1363 2007 1397 2067 iu
1410 2027 1507 2067 secre-

318 2101 379 2162 tius
405 2102 547 2164 concluse
575 2102 723 2174 invitavit,
747 2102 798 2163 ubi
822 2124 877 2184 pro
900 2103 1045 2165 fidelitate
1067 2105 1125 2166 sibi
1145 2102 1281 2186 impensi
1300 2103 1506 2165 collaudatum

317 2198 409 2258 variis
421 2199 564 2260 mactavit
573 2198 714 2279 premiis,
725 2209 755 2260 et
768 2199 865 2280 primo
878 2199 1001 2279 quidem
1017 2199 1253 2282 Archiepiscopo
1263 2199 1426 2261 Viennensi
1438 2199 1506 2278 (qui

317 2303 390 2356 tuuc
411 2293 487 2357 forte
510 2313 641 2378 praesens
666 2293 743 2377 erat)
768 2295 916 2378 insignem
942 2306 1079 2377 torquem
1105 2317 1227 2359 cursam
1250 2294 1392 2378 porrexit,
1413 2316 1505 2377 quem

319 2391 437 2453 Butleri
452 2391 530 2453 collo
542 2412 612 2453 cum
625 2388 807 2472 amplissimi
819 2390 1027 2451 benedictione
1042 2391 1165 2451 nomine
1177 2390 1307 2451 Caessris
1320 2388 1486 2470 imponeret
1493 2411 1504 2466 3

317 2488 389 2551 dein
402 2488 464 2568 ipsc
481 2488 648 2568 Imperator
661 2486 811 2547 numisma
829 2486 925 2546 iconis
941 2507 1002 2547 sure
1019 2506 1056 2547 ex
1076 2486 1236 2569 purissimo
1259 2506 1333 2547 euro
1353 2487 1505 2567 porrexit:

317 2585 384 2660 hoc,
401 2584 550 2665 inquiens,
569 2584 645 2645 seres
665 2584 697 2643 in
721 2581 850 2644 Caeseris
871 2583 1044 2643 memorium
1066 2603 1156 2663 quem
1177 2583 1239 2644 und
1262 2602 1332 2645 cum
1353 2581 1417 2643 tout
1439 2584 1505 2664 ejus

318 2682 409 2742 domo
427 2681 608 2741 incolumem
629 2678 772 2752 servasti3
801 2678 859 2737 erit
880 2678 997 2739 occasio
1013 2699 1084 2741 cum
1105 2690 1188 2740 tuam
1209 2678 1301 2740 fidem
1322 2699 1377 2759 pro
1398 2680 1505 2739 merito

316 2777 582 2839 remunerabimur.
624 2774 779 2856 Simulque
798 2773 927 2835 Comitis
942 2776 1063 2837 titulum
1081 2776 1239 2856 impendit,
1252 2787 1283 2838 et
1299 2776 1357 2837 sibi
1380 2775 1399 2836 i
1421 2774 1504 2837 cubi·

318 2874 394 2935 culis
415 2873 537 2953 posthac
554 2872 690 2934 futurum
711 2872 795 2933 cleve
817 2870 908 2931 attrei
924 2871 1022 2933 oblati
1043 2872 1247 2934 renunciavit:
1278 2882 1367 2934 stne
1387 2872 1505 2933 nudum
1600 2893 1601 2898 ¹

318 2968 440 3029 titulum
465 2968 556 3031 ferret
583 2968 692 3031 multas
718 2977 811 3030 terras
842 2966 874 3027 in
903 2967 1058 3029 Bohemioe
1084 2989 1178 3051 regno
1203 2968 1353 3049 adjunxit.
1409 2967 1506 3028 Dedit

317 3082 437 3144 quoque
463 3064 552 3125 aliam
580 3076 716 3147 torquem
746 3082 866 3124 auream
895 3062 1028 3143 aliosque
1055 3064 1182 3126 honores
1206 3064 1316 3126 detulit
1340 3064 1504 3144 Capitanco

320 3158 501 3220 Devcrcux:
534 3181 590 3221 nec
618 3162 734 3221 minore
761 3160 884 3241 prremia
916 3160 1005 3221 Ldsle
1031 3171 1177 3222 reservata
1202 3172 1283 3237 sunt,
1310 3160 1408 3222 cuivis
1433 3160 1502 3222 vcrd

317 3253 482 3335 Capitunco
495 3257 604 3339 viginti
619 3258 800 3320 florenorum
819 3256 914 3317 millia
933 3257 1088 3318 numerati
1104 3257 1232 3339 peounid
1252 3259 1402 3340 assignate
1422 3268 1500 3318 sunt.

318 3349 445 3411 Gordon
470 3352 592 3414 interim
618 3355 675 3415 sibi
697 3354 910 3435 aliquantisper
935 3354 1154 3434 expectandum
1177 3364 1268 3430 retus,
1292 3374 1331 3415 ne
1352 3354 1502 3415 videretur

316 3444 431 3507 Caessri
448 3468 502 3528 pro
524 3450 610 3511 terris
631 3452 740 3532 potius,
765 3461 795 3511 et
815 3449 910 3524 bonis,
938 3450 1030 3530 quim
1053 3449 1158 3533 glorid,
1186 3450 1360 3527 ethonore,
1383 3450 1503 3512 servitia

315 3543 496 3624 prestitisse,
507 3546 597 3628 ligre
611 3548 758 3623 substitit3
780 3547 833 3627 qui
843 3558 942 3607 tumen
956 3556 1057 3628 posteo
1069 3546 1089 3607 i
1102 3547 1221 3609 Caessre
1233 3548 1407 3629 exTertnky
1418 3548 1502 3609 terris

315 3638 458 3719 plurimus
471 3644 596 3725 accepit.
638 3644 763 3709 AEterni
775 3645 848 3705 send
867 3643 1012 3705 memorii
1024 3643 1111 3727 digni
1126 3655 1197 3707 snut
1209 3644 1347 3707 Gordoni
1359 3644 1413 3725 qui
1427 3655 1500 3705 stre·
