3225 4700
329 357 394 423 364
714 347 1140 415 ITINERARIUM.

331 509 439 570 educat
457 525 559 566 secum
578 521 757 584 quacunque
773 501 889 562 ratione
907 522 960 562 seu
979 501 1076 583 palam
1095 523 1147 564 seu
1168 501 1247 564 clam
1265 502 1347 563 cives
1364 501 1545 564 Marcodu-

333 625 443 676 reuses,
458 602 596 664 antelios
610 618 804 681 quoscunque
821 599 874 678 qui
889 599 1000 660 milites
1013 619 1073 659 nou
1088 609 1167 674 sunt,
1179 599 1327 660 militibus
1340 601 1544 680 permisceat.

373 701 430 760 IV.
453 697 563 760 Nullos
578 697 734 758 cuniculos
745 695 794 756 vel
809 707 941 777 tempore
952 696 1116 758 obsidionis
1126 695 1251 757 velante
1266 697 1375 778 positos
1389 697 1546 758 celabunt

331 819 385 880 per
398 817 473 877 quos
487 793 702 856 incommodari
715 792 832 854 civitati
846 803 954 875 posset.

371 894 410 953 V.
433 893 581 974 Obligant
596 911 628 952 se
646 890 736 950 ambo
750 891 915 952 Generales
932 890 1106 972 praesidium
1123 889 1284 952 Wesaliam
1300 911 1394 972 nsque
1411 891 1542 953 salvum

330 991 507 1053 conducere.
551 989 590 1048 lu
614 987 704 1048 fidem
727 999 882 1068 pactorum
905 989 968 1050 duo
991 987 1127 1070 exempla
1147 989 1283 1070 ejusdem
1304 989 1415 1050 tenoris
1440 1010 1542 1070 expe-

331 1090 396 1150 dita
408 1099 489 1162 suut,
509 1097 540 1149 et
554 1087 706 1164 utrimque
718 1084 883 1165 subscripta
905 1084 1072 1167 sigillisque
1087 1085 1211 1146 munita
1250 1085 1366 1147 Actum
1379 1085 1409 1145 in
1425 1087 1542 1146 eastris

333 1196 402 1248 ante
417 1185 637 1248 Marcodurum
651 1184 701 1242 23.
717 1179 859 1244 Octobris
874 1182 958 1242 Anni
974 1180 1061 1242 1642.

770 1296 821 1374 (1⁴-
838 1295 887 1372 S·)

693 1427 868 1510 Msucuron
881 1424 1076 1486 Hnrzrsunr.

892 1555 944 1634 (L.
960 1555 1009 1630 S·)

774 1691 797 1751 J
799 1711 918 1752 orcum
935 1689 1147 1751 Cunrsrranus
1161 1687 1269 1750 Carras
1284 1709 1325 1750 ur
1340 1689 1451 1754 Wam,

970 1819 1022 1895 (h
1038 1817 1086 1896 s.)

955 1948 1147 2010 Paraetscus
1162 1947 1407 2011 Bauncuaonsr.

415 2231 597 2294 MNIBUS
610 2230 691 2291 huuc
704 2231 733 2290 in
745 2229 870 2290 modum
886 2226 1059 2308 compositis
1074 2247 1225 2308 egressum
1238 2241 1395 2310 expectant
1408 2241 1437 2292 et
1447 2251 1537 2313 spee-
1600 2219 1601 2272 l

442 2339 508 2389 tant
524 2327 663 2389 victores.
683 2326 824 2407 Cumque
841 2324 944 2386 multis
961 2323 1107 2405 capitibus
1121 2337 1208 2406 pacta
1220 2324 1326 2388 violari
1340 2327 1535 2390 animadver-

332 2437 400 2488 tunt
413 2426 516 2504 (multi
537 2426 648 2485 etenim
666 2423 842 2485 ardentibus
863 2421 1027 2497 fomitibus,
1042 2432 1071 2482 et
1083 2421 1217 2483 silicibus
1231 2424 1269 2483 ad
1284 2424 1460 2486 bombardae
1475 2428 1535 2487 ad·

332 2525 432 2586 ductis
447 2522 688 2605 egrediebantur,
702 2541 786 2581 arma
803 2520 875 2579 item
890 2519 1027 2581 curribus
1042 2519 1181 2600 imposita
1197 2519 1372 2595 evehebant,
1384 2522 1533 2583 famosum

332 2622 422 2683 etiam
436 2618 651 2700 exploratorem
668 2616 887 2679 Gubernatoris
900 2636 990 2677 curru
1004 2615 1114 2693 (inscio
1128 2626 1239 2687 tamen,
1254 2627 1288 2678 ut
1301 2620 1530 2698 protestabatur,

334 2716 589 2789 Brunckhnrstio)
606 2715 803 2785 occultarant,
821 2714 989 2795 pluresque,
1009 2713 1061 2792 qui
1080 2711 1189 2773 milites
1203 2724 1370 2789 nouerant,
1384 2714 1531 2778 militibus

332 2815 523 2882 miscuerant,
544 2833 580 2873 ae
599 2812 730 2893 denique
749 2812 855 2885 multa,
876 2830 945 2890 quas
965 2809 1128 2870 obsidionis
1146 2818 1278 2890 tempore
1297 2811 1389 2872 sacris
1408 2810 1482 2873 locis
1500 2826 1531 2873 et

332 2910 493 2993 prophanis
507 2907 700 2980 abstulerant,
714 2927 817 2969 secum
829 2907 1033 2981 abducebant)
1044 2906 1243 2985 permiserunt
1256 2918 1328 2967 tunc
1338 2908 1458 2988 quidem
1473 2910 1528 2971 iter

333 3006 364 3066 in
382 3007 553 3088 proximum
573 3006 705 3089 Pagum,
720 3007 773 3067 sed
794 3004 940 3087 postridie
957 3003 975 3063 d
993 3002 1221 3084 superveniente
1240 3002 1334 3065 milite
1354 3006 1463 3087 egressi
1483 3018 1526 3067 at-

331 3104 476 3175 tinentur,
496 3113 526 3163 et
544 3124 613 3183 qna
630 3116 736 3164 contra
753 3114 842 3185 pacta
859 3102 1007 3172 fecissent,
1029 3100 1223 3181 objiciuntur,
1241 3100 1391 3182 praecipue
1407 3102 1477 3162 verb
1496 3113 1526 3163 et

333 3200 420 3271 illud,
434 3201 517 3281 quod
530 3201 652 3280 quidem
666 3200 810 3280 promissa
824 3208 899 3261 esset
916 3198 947 3258 in
961 3196 1184 3258 conditionibus
1197 3196 1338 3258 deductio
1353 3197 1524 3275 Wesaliam,

331 3296 385 3357 sed
405 3317 473 3377 quae
490 3296 543 3357 illa
561 3297 694 3357 Wesalia
711 3298 786 3357 soret
806 3295 941 3377 superior
961 3314 999 3354 au
1022 3292 1155 3366 inferior,
1175 3312 1235 3353 nou
1253 3314 1316 3355 esse
1334 3306 1522 3370 conventum,

329 3394 409 3453 unde
423 3414 514 3475 penes
532 3392 698 3455 Generales
715 3405 792 3454 stare
812 3392 1040 3453 definitionem:
1062 3398 1092 3449 et
1108 3388 1179 3450 licet
1196 3391 1350 3471 probabile
1368 3392 1418 3461 sit,
1431 3392 1523 3453 victos

329 3489 492 3549 Wesaliam
516 3489 741 3552 Hollandornm
759 3488 952 3565 intellexisse,
969 3487 1051 3569 quod
1068 3494 1167 3546 tamen
1188 3486 1221 3547 id
1241 3488 1336 3569 pactis
1353 3509 1521 3570 expressum

329 3607 389 3646 non
409 3596 495 3656 esset,
513 3586 554 3647 ad
570 3586 647 3647 nihil
664 3608 695 3648 se
711 3585 817 3659 teneri,
833 3586 914 3647 unde
930 3602 1061 3647 errorem
1081 3602 1143 3644 auae
1163 3583 1355 3666 negligentia
1374 3586 1522 3647 adscribe·

328 3691 403 3742 rent.
448 3682 525 3744 Haec
540 3683 613 3744 dum
628 3684 779 3765 utrimque
789 3684 878 3746 latids
891 3684 1105 3764 disceptantur,
1117 3682 1304 3742 redeundum
1319 3702 1388 3743 cum
1400 3682 1522 3764 impedi-
