3225 4700
328 330 385 393 106
717 321 1125 391 ITINERARIUM.

325 480 375 541 ille
385 480 474 540 cedat
483 478 555 541 alere
564 482 676 561 jactus,
690 498 779 558 quem
793 497 847 539 vos
857 478 947 539 militi
960 476 1074 539 cesari
1086 496 1142 538 suo
1155 474 1329 538 fidelissimo
1336 475 1443 557 jacere
1457 493 1536 535 non

326 576 389 637 sine
412 575 582 656 turpissimi
600 574 712 657 injurii
731 572 889 635 molimini.
932 572 994 636 Sed
1011 594 1153 654 quorsum
1172 594 1229 655 ego
1243 573 1354 634 frustra
1373 572 1536 641 imbellis,

326 673 414 733 bruta
423 672 505 753 jacio
518 670 655 744 fulmina,
669 690 755 733 vanae
766 682 837 733 sunt
848 672 913 732 sine
923 671 1038 732 viribus
1050 671 1115 746 ire,
1129 668 1204 749 quin
1216 671 1250 731 in
1262 688 1404 750 campum
1417 670 1538 750 potins

326 768 474 850 egredior,
488 769 622 830 animum
637 766 823 830 distrahendi
836 777 867 829 et
879 767 968 829 bilem
983 766 1171 847 decoquendi
1185 765 1304 849 gruunt
1325 767 1371 829 Ut
1383 768 1538 847 primum

326 866 413 927 miles
427 875 525 927 noster
538 866 570 926 in
584 875 720 945 apertum
733 864 856 944 prodiit,
866 882 937 923 mox
950 864 982 922 iu
996 862 1111 924 hostem
1124 864 1233 924 ductus
1245 870 1300 923 est.
1330 864 1434 943 Atque
1447 884 1536 923 mox
1597 823 1601 926 l

327 961 501 1044 diequinti
521 962 628 1023 Martii
654 980 716 1023 suae
737 960 923 1023 fortitudinis
943 959 1028 1021 dedit
1047 956 1227 1040 speciminar
1254 958 1415 1021 Generalis
1434 960 1535 1019 enim
1599 971 1601 1003 ¹

328 1058 466 1141 Glitzing
490 1058 667 1121 Guartzium
687 1056 822 1117 hostibus
836 1065 1044 1139 stratagemate
1061 1056 1198 1117 seudolo
1215 1056 1336 1136 eripuit,
1352 1075 1534 1135 omnesque
1599 1005 1604 1100 l

327 1157 419 1237 prope
436 1157 468 1217 iu
481 1176 517 1217 eo
533 1154 732 1237 presidiarios
750 1152 952 1213 internecione
971 1151 1093 1227 deleuit,
1107 1152 1221 1233 accepit
1237 1162 1351 1233 septem
1363 1160 1394 1212 et
1409 1153 1530 1213 decem

327 1253 460 1332 peditum
479 1249 600 1325 uexilla,
621 1266 651 1311 et
668 1250 726 1311 tria
746 1250 893 1331 equitum,
912 1250 1091 1312 Generalem
1114 1252 1308 1313 excubiarum
1331 1251 1529 1334 Magistrum

329 1348 514 1420 Dromundt,
535 1348 655 1408 natione
671 1346 805 1423 Scotum,
823 1367 893 1408 cum
914 1347 1016 1408 multis
1037 1347 1210 1429 Capitaneis
1227 1347 1468 1430 officialibusque
1486 1349 1526 1408 in

327 1445 529 1524 captivitatem
543 1443 640 1503 duxit.
688 1428 694 1441 ’

369 1539 523 1601 Nunciata
540 1548 613 1600 tunc
634 1558 753 1619 quoque
771 1539 858 1601 uobis
879 1547 925 1600 est
939 1541 1097 1621 occupatio
1114 1540 1297 1615 Hanuoviae,
1312 1540 1420 1602 nobilis
1436 1541 1526 1601 civi-

327 1636 396 1697 tatis
414 1637 454 1697 sd
472 1635 612 1697 Moenum
630 1636 706 1710 site,
728 1656 820 1716 quam
840 1637 972 1717 Ramsay
991 1637 1078 1700 miles
1097 1636 1180 1698 vafer
1197 1656 1267 1697 cum
1283 1637 1380 1697 multo
1398 1636 1523 1696 circum
1602 1611 1604 1688 l

321 1732 489 1813 jacentium
503 1733 682 1813 oppidorum
692 1733 893 1805 incommodo,
899 1735 965 1815 jam
975 1733 1070 1794 multo
1080 1744 1213 1814 tempore
1222 1732 1387 1794 insederat:
1409 1732 1441 1792 in
1455 1734 1523 1813 qud
1602 1795 1604 1816 s

325 1829 480 1890 obsidione
499 1827 630 1890 multum
646 1850 743 1910 operae
763 1851 826 1893 suae
844 1830 953 1912 posuit,
972 1831 1094 1891 nomine
1112 1830 1351 1891 Eminentissimi
1369 1830 1525 1891 Electoris
1602 1825 1603 1832 '

327 1925 514 2006 Mogumtini
528 1926 654 2005 quidam
667 1944 704 1988 ex
718 1926 823 1987 Nobili
834 1938 866 1989 et
877 1927 1022 2010 generosi
1038 1927 1129 2008 stirpe
1146 1946 1249 1988 eorum
1263 1926 1300 1987 de
1319 1926 1521 1999 Metteruicb,

326 2032 356 2084 et
375 2022 557 2083 Praeuobilis
584 2023 734 2084 Dominus
755 2023 892 2085 Joauues
912 2023 1145 2104 christophorus
1167 2022 1187 2083 d
1210 2022 1406 2084 Betteudorff
1422 2023 1522 2085 Viee-
1602 2041 1604 2080 ι

327 2118 500 2180 Colonellus
512 2118 584 2180 olim
598 2119 631 2179 in
652 2118 848 2200 Imperatorio
862 2119 1006 2196 exercitu,
1020 2137 1103 2181 nuno
1118 2120 1276 2201 praefectus
1292 2120 1323 2180 in
1343 2140 1412 2182 erce
1425 2120 1521 2181 Ken-

327 2214 445 2297 igstein.

367 2312 551 2393 Accepimus
570 2312 620 2374 bio
634 2330 753 2393 quoqne
765 2312 816 2375 uel
828 2332 887 2374 non
907 2312 1002 2376 multi>
1021 2323 1088 2395 post
1099 2315 1139 2376 de
1152 2314 1289 2377 felicibus
1302 2314 1432 2394 primdm
1445 2336 1521 2380 sue
1594 2271 1601 2300 ζ

326 2410 455 2471 cassibus
473 2409 496 2471 J
498 2410 603 2471 oannis
623 2409 661 2470 de
682 2409 789 2473 Wertb
806 2420 912 2472 contra
933 2412 1051 2472 Ducem
1072 2412 1312 2487 Wimariensem,
1333 2431 1370 2472 ac
1387 2432 1459 2473 mox
1473 2417 1518 2477 de

325 2505 489 2568 miserabili
512 2507 597 2568 clade
620 2527 656 2568 ac
679 2508 851 2589 captivitate
873 2508 1009 2590 ejusdem
1033 2508 1075 2569 G.
1096 2507 1203 2569 Wertb
1224 2518 1255 2569 et
1274 2508 1366 2568 trium
1388 2508 1516 2570 aliorum

328 2603 533 2677 Generalium‚
546 2604 627 2665 Puta
637 2602 733 2664 Ducis
746 2604 867 2680 Savelli,
880 2603 1076 2679 Euckcnfort,
1088 2611 1118 2664 et
1127 2603 1310 2684 Sperreuter.
1338 2603 1519 2668 suaserant

326 2700 424 2782 primb
437 2701 533 2762 nostri
546 2701 586 2761 ad
600 2699 823 2761 Rbeinfeldism
840 2701 967 2775 hostem,
981 2700 1035 2761 sed
1050 2719 1121 2760 oum
1138 2700 1220 2762 iacta
1232 2700 1317 2762 clade
1330 2699 1424 2762 libers
1436 2702 1517 2762 nim-
1597 2734 1601 2779 ς

327 2799 390 2858 inm
410 2798 497 2858 miles
515 2807 616 2858 noster
633 2796 742 2878 partim
758 2796 798 2856 ad
813 2797 939 2876 predas,
956 2797 1066 2877 partim
1084 2796 1125 2857 sd
1142 2797 1272 2876 quietem
1287 2798 1359 2872 abit,
1378 2796 1518 2878 viresque
1602 2842 1603 2849 κ

327 2897 438 2956 temere
450 2895 607 2977 dispergit,
623 2893 738 2976 colligit
750 2892 871 2953 iuterim
885 2892 979 2954 hostis
993 2911 1063 2954 cum
1080 2892 1177 2954 milite
1190 2893 1315 2967 animos,
1329 2901 1360 2954 et
1372 2895 1517 2955 renovmd

327 2991 440 3074 pugni,
461 2991 631 3072 turpissime
649 3009 700 3051 eos
718 2988 829 3064 fundit,
851 2988 869 3048 d
887 2990 995 3070 quibus
1014 2989 1104 3071 panlb
1119 2999 1189 3050 aute
1204 2990 1288 3050 fusus
1307 2986 1423 3064 suerat}
1444 3011 1517 3051 mox
1602 2994 1604 3033 l

327 3087 561 3162 Rheinleldiam,
574 3107 644 3148 cum
654 3085 683 3146 ei
693 3086 827 3146 succurri
835 3085 916 3146 baud
925 3086 1277 3166 posset,addeditionem
1285 3088 1375 3167 cogit.
1411 3086 1516 3160 Quan-
1601 3096 1604 3171 l,

325 3183 358 3244 tb
371 3181 437 3244 baec
448 3185 533 3246 nobis
543 3183 643 3246 clades
653 3181 710 3244 fuit
723 3181 942 3243 lamentabilior
950 3183 1148 3244 obtentorum
1158 3181 1291 3244 virorum
1299 3181 1514 3263 captivitatem,
1602 3218 1603 3263 4

326 3279 411 3340 tantb
421 3279 517 3341 letior
527 3279 638 3341 accidit
646 3277 699 3340 illa
707 3297 798 3360 quam
809 3276 892 3340 Galli
900 3280 938 3339 ab
950 3276 1096 3359 Hispanis
1106 3277 1237 3361 perpessi
1246 3287 1317 3340 sunt
1326 3278 1358 3339 iu
1367 3277 1514 3342 solutione
1602 3282 1603 3303 ¹

325 3374 488 3438 obsidionis
502 3375 698 3436 Fontarabiae.

369 3471 550 3534 Excurrarat
563 3472 710 3552 Princeps
724 3471 875 3533 Condaens
887 3481 956 3532 ante
969 3490 1080 3552 paucos
1096 3491 1222 3548 memes,
1235 3489 1304 3533 cum
1317 3473 1428 3555 uiginti
1439 3493 1512 3553 qua·
1602 3528 1603 3565 ,

326 3577 394 3630 tuor
406 3567 538 3630 militum
550 3568 693 3644 millibus,
708 3568 843 3648 equitum
856 3569 975 3650 partim,
990 3569 1098 3649 partim
1116 3568 1250 3649 peditum
1268 3568 1300 3629 iu
1320 3569 1510 3650 Hispaniam,

327 3665 521 3749 felicibusque
538 3666 677 3747 auspiciis
688 3665 755 3747 jam
768 3665 870 3744 aliqua
884 3664 952 3727 loca
963 3675 994 3727 et
1008 3674 1111 3748 portus
1125 3665 1340 3727 commodiores
1358 3665 1391 3727 iu
1403 3665 1512 3727 dediti·
