3225 4700
358 351 423 417 254
757 353 1152 422 ITINERARIUM.

356 521 540 577 tormentum
558 511 709 588 bellicum,
724 531 786 593 qno
804 512 1012 575 molendinum
1029 512 1113 574 urbis
1130 511 1238 594 impeti
1258 511 1404 574 delsebat
1416 511 1526 586 avexit,
1539 533 1565 572 rc

356 621 425 672 octo
443 609 598 672 officiarios
616 609 719 691 magni
738 609 868 670 nominis
881 609 972 690 cepit,
985 609 1146 690 occupavit
1161 628 1292 690 quoque
1312 606 1566 680 munitionem‚et

355 707 509 789 octoginta
522 707 552 766 in
567 707 633 788 ejus
644 705 850 767 defensionem
860 705 979 766 relictos
988 705 1099 766 milites
1108 705 1326 766 internecione
1341 703 1471 766 delerit.
1511 703 1565 765 Nec

355 803 455 865 minus
469 801 596 865 feliciter
608 823 671 864 rem
686 811 790 863 contra
804 801 909 863 Gallos
922 803 986 884 egit
999 801 1137 883 Pincipis
1150 801 1282 863 Tbomae
1300 801 1462 863 naturalis
1476 801 1563 876 frater,

355 899 407 980 qui
421 921 556 982 egressus
571 900 646 961 duos
666 899 835 980 manipulos
852 898 989 979 equitum
1004 899 1175 974 Gallorum,
1188 898 1244 980 qui
1264 899 1484 980 qnadraginta
1497 919 1561 979 pre

352 997 451 1078 cipuae
470 996 633 1057 nobilitatis
646 996 727 1057 viros
743 997 784 1058 ad
804 1006 901 1058 castra
920 996 1099 1057 conducturi
1111 1003 1206 1068 erant,
1219 995 1266 1056 ad
1281 995 1467 1076 Hispanico
1480 1015 1560 1065 arua,

352 1113 404 1154 seu
419 1093 518 1174 potius
537 1093 569 1154 in
587 1091 792 1173 captivitatem
811 1092 920 1174 coegit,
933 1092 1073 1173 interque
1089 1091 1143 1154 bos
1158 1090 1347 1172 quindecim
1364 1091 1484 1151 ordinis
1496 1091 1559 1170 regii

354 1189 472 1265 milites,
487 1191 640 1272 ipsiusque
653 1189 748 1271 Regis
758 1188 1001 1263 Thesaurarium,
1013 1189 1095 1270 apud
1108 1209 1198 1270 quem
1210 1188 1322 1249 solnm
1336 1198 1471 1268 quatuor
1478 1187 1560 1247 millia

353 1285 531 1368 Duplonnm
546 1307 599 1346 seu
612 1285 831 1365 duplicatorum
846 1305 1006 1346 aureorum
1019 1295 1138 1367 reperta
1149 1293 1229 1347 sunt
1262 1285 1332 1346 Sed
1346 1294 1380 1346 et
1392 1284 1517 1346 Carolus
1525 1283 1556 1343 de

351 1381 382 1442 la
406 1383 501 1444 Getta
520 1403 591 1444 cum
611 1382 728 1443 duobus
747 1383 883 1463 equitnm
903 1392 935 1443 et
952 1381 1086 1462 quinque
1106 1382 1245 1462 peditum
1266 1380 1554 1444 Pedemontensinn

351 1477 494 1551 millibus,
509 1479 615 1539 urbem
629 1488 660 1539 et
673 1497 771 1540 arcem
787 1478 993 1540 Rivaltensem
1007 1479 1049 1539 ad
1061 1478 1249 1540 deditionem
1264 1481 1384 1562 coe'git,
1400 1478 1481 1538 nude
1493 1497 1553 1536 mox

350 1583 459 1656 praeter
479 1574 614 1635 omnium
638 1575 875 1655 expectationem
898 1595 1045 1656 egressus,
1067 1575 1151 1636 mille
1174 1575 1321 1656 peditum
1351 1573 1510 1636 Gallorum
1530 1583 1556 1630 et

350 1670 587 1752 quadringentos
604 1671 719 1752 equites
737 1692 808 1733 cnm
825 1681 963 1733 comeatu
978 1670 1019 1732 ad
1030 1679 1128 1748 casua
1141 1671 1267 1733 Gallica
1280 1681 1480 1755 properantes
1491 1676 1550 1729 ante

348 1766 419 1828 solis
432 1776 531 1829 ortum
544 1767 653 1842 obruit,
667 1775 699 1829 et
711 1766 869 1849 plerosque
881 1767 970 1829 fudit

390 1863 507 1926 Eodem
529 1884 649 1945 quoque
667 1865 718 1926 die
738 1865 850 1928 obsessi
869 1864 1069 1926 Tauriuenses
1088 1865 1246 1927 cuniculos
1268 1865 1464 1938 detexerunt,
1483 1881 1546 1941 qnos

348 1969 481 2042 egerant,
496 1961 548 2041 qui
567 1960 599 2021 iu
617 1980 686 2022 arce
700 1962 877 2024 Taurinensi
894 1971 981 2024 erant
994 1962 1138 2038 conclusi,
1154 1962 1291 2044 indeque
1310 1962 1471 2044 sexaginta
1487 1977 1547 2018 vasa

347 2057 479 2139 pulveris
500 2057 591 2138 pyrii,
616 2077 744 2139 quornm
766 2057 888 2140 singula
909 2059 986 2120 duos
1007 2060 1192 2122 centenarios
1213 2080 1271 2121 seu
1292 2060 1443 2121 ducentas
1465 2057 1544 2117 libras

346 2154 533 2235 prendebant
546 2163 699 2229 eruerunt,
714 2175 750 2216 ac
764 2154 837 2215 alibi
850 2153 1019 2226 Quardiam
1031 2165 1200 2237 equestrem
1214 2155 1415 2219 Marcbionis
1423 2156 1461 2217 de
1473 2151 1543 2215 Villa

346 2251 411 2311 sine
425 2249 548 2310 vulnere
561 2259 591 2311 et
604 2251 750 2333 sanguine
765 2251 897 2332 Hispani
911 2262 1064 2335 ceperunt.

386 2346 488 2408 Rebus
502 2346 545 2408 ita
554 2348 785 2428 procedentibus
794 2347 861 2410 lieri
872 2347 955 2411 aliud
965 2370 1025 2411 uon
1036 2359 1163 2432 poterat,
1172 2370 1269 2432 quam
1280 2361 1316 2413 nt
1326 2349 1413 2413 Galli
1424 2346 1538 2409 multum

348 2442 406 2505 sibi
420 2452 598 2520 metuerent,
614 2456 842 2529 comeatumque
856 2448 1071 2519 desiderarent,
1085 2446 1133 2509 bis
1146 2458 1248 2510 umen
1268 2446 1447 2531 posthabitis
1459 2444 1537 2525 perti·

345 2540 501 2602 naoissime
514 2542 700 2603 obsidionem
711 2553 830 2625 ceptam
840 2544 1016 2606 continuare
1025 2544 1250 2620 concluserunt,
1262 2556 1295 2609 et
1304 2555 1440 2608 extrema
1451 2541 1537 2624 potius

343 2638 469 2719 perpeti,
484 2658 575 2718 qnam
589 2639 700 2701 infecta
714 2641 908 2723 occupatione
925 2642 1019 2716 urbis,
1036 2642 1186 2719 recedere,
1205 2644 1341 2705 mamare
1354 2660 1424 2702 cum
1437 2639 1475 2699 ad
1486 2638 1534 2697 du·

342 2734 454 2796 cendos
478 2755 583 2797 currus
604 2744 743 2798 comeatu
763 2747 886 2799 cunnos
908 2738 1030 2800 Gassale
1050 2738 1246 2801 submisisset.
1299 2738 1394 2813 Quod
1414 2746 1448 2798 ut
1466 2732 1534 2795 vidit

343 2828 484 2893 Marchio
497 2832 643 2914 Legaues,
659 2832 768 2894 iterum
782 2831 904 2896 Gallica
914 2845 1012 2897 castm
1024 2838 1215 2917 pertentavit,
1229 2837 1368 2899 collectis
1380 2836 1477 2914 itaque
1485 2850 1530 2891 sex

341 2929 475 2990 millibus
488 2929 634 3009 peditum,
649 2938 679 2990 et
691 2928 774 2991 mille
787 2931 961 3013 quingentis
971 2933 1093 2995 circiter
1105 2935 1267 3015 equitibus,
1277 2935 1433 3016 ipsiusmet
1442 2929 1531 2991 Gene-

340 3024 410 3086 ralis
426 3025 595 3087 Harecourt
609 3024 765 3087 stationem
785 3027 908 3088 adortus
923 3037 979 3101 est,
996 3029 1049 3090 sed
1070 3030 1161 3091 semel
1180 3032 1353 3112 iterumque
1372 3022 1525 3109 repulsuri

341 3120 448 3182 Gallis.
502 3120 697 3183 Felicioribus
719 3122 860 3204 auspiciis
886 3124 1045 3187 Generalis
1071 3127 1279 3209 Hispanorum
1297 3128 1424 3191 Carolus
1446 3120 1526 3185 delo

341 3214 434 3278 Getta
446 3230 519 3279 cum
527 3219 661 3300 quinque
671 3219 805 3281 millibus
815 3221 950 3303 peditum
960 3232 991 3283 et
1001 3224 1119 3285 duobus
1129 3226 1262 3289 millibus
1273 3222 1443 3307 quingentis
1450 3217 1523 3299 equi·

339 3311 428 3387 tibus,
442 3323 509 3394 post
521 3314 610 3377 tertio
618 3315 758 3377 iteratum
770 3317 927 3398 impetum,
939 3319 1097 3381 stationem
1109 3321 1360 3404 Porporatensem
1368 3314 1519 3397 occupavit,

339 3408 504 3489 Gallosque
518 3410 557 3471 ad
569 3431 667 3473 arcem
682 3413 791 3495 coegit,
806 3424 896 3494 atque
910 3415 1031 3477 itaoam
1042 3419 1175 3480 centenis
1185 3420 1298 3502 aliquot
1308 3419 1348 3479 ad
1359 3412 1515 3493 Principem

337 3502 482 3564 Tbomam
495 3506 661 3568 Taurinum
676 3510 852 3587 penetrarit,
867 3521 1035 3573 comeatum
1049 3534 1121 3575 vero
1129 3536 1165 3576 ac
1178 3516 1324 3597 reliquam
1335 3510 1513 3575 munitionem

337 3600 457 3663 delectu
476 3610 507 3663 et
525 3602 711 3685 negligentia
728 3605 917 3686 quorundam
939 3606 1157 3690 Hispanorum,
1178 3613 1269 3673 nimis
1287 3622 1399 3673 mature
1411 3606 1511 3684 depre-

336 3699 484 3775 dantium,
500 3700 649 3763 deducere
663 3702 694 3761 in
710 3702 814 3764 urbem
827 3723 888 3763 nou
905 3712 1012 3785 potult‚
1032 3707 1106 3769 dum
1124 3709 1204 3770 enim
1221 3708 1351 3791 Hispani
1363 3707 1392 3765 in
1408 3698 1511 3785 predas
