3225 4700
331 336 393 401 196
713 334 1117 404 lu'JNnRAfflUM.

331 496 428 550 cuent
449 486 558 570 ignari,
577 486 611 549 in
634 496 810 568 potestatem
829 507 915 549 suam
934 486 1058 569 redegit.
1101 485 1174 547 Dici
1189 483 1238 545 vix
1252 490 1349 564 potest
1360 478 1546 561 quaerunt

330 584 402 644 vinc
413 593 445 646 ct
455 582 607 645 frumento
619 584 652 647 in
665 583 777 664 oppido
789 583 848 644 hoc
861 592 1019 664 apparatus
1032 590 1165 663 repertus
1178 578 1280 654 fuerit,
1292 599 1361 639 cum
1375 576 1453 637 illuc
1472 584 1544 637 tota

332 699 425 761 prope
438 679 611 762 Rhingavia
622 687 653 739 et
662 680 777 739 circum
787 678 888 738 vicina
897 677 965 739 loca
976 677 1132 739 vincarum
1145 694 1344 758 agrorumque
1356 692 1433 755 opes
1447 670 1544 732 velut

334 775 475 838 intutum
488 796 547 837 non
562 774 658 837 multo
670 784 740 836 ante
753 774 958 835 contulissent.

372 870 472 932 Simili
484 871 546 933 fere
556 870 655 947 modo,
666 871 727 932 imo
737 870 801 931 sine
812 870 926 931 viribus
936 880 966 931 et
974 870 1120 952 sanguine
1128 866 1381 950 Oppenhcimium
1393 864 1540 927 Suedius

331 984 416 1026 arma
427 966 557 1027 admisit.
596 966 688 1030 Enim
702 986 773 1028 vero
785 985 855 1027 cum
869 966 1031 1047 perexigua
1045 966 1251 1047 Hispanorum
1263 972 1362 1025 turma
1374 962 1406 1023 in
1422 962 1538 1043 proesi-

333 1061 385 1124 dio
401 1072 471 1122 ante
487 1060 538 1123 hic
557 1062 708 1124 excubans
727 1061 861 1135 vidisset,
879 1080 911 1123 se
930 1061 1159 1123 adventantibus
1172 1058 1417 1121 Wimaricnsium
1432 1056 1536 1137 copiis

332 1157 478 1239 imparem
499 1178 574 1234 essa,
595 1178 653 1220 nec
673 1157 870 1239 reprimendis
891 1156 1048 1220 hostilibus
1068 1158 1182 1219 viribus
1198 1156 1405 1226 sufficientem,
1426 1153 1535 1213 subito

332 1254 442 1334 panico
461 1263 546 1316 metu
566 1253 711 1315 exanimis
728 1253 761 1314 in
778 1254 890 1315 tutiora
906 1274 938 1315 se
955 1253 1022 1316 loca
1034 1255 1157 1337 recepit,
1171 1252 1366 1331 destituitque
1380 1270 1445 1310 nnn
1458 1268 1533 1309 cum

332 1370 402 1412 arce
412 1350 557 1432 oppidum
570 1351 653 1412 omni
666 1350 761 1413 milita
777 1349 911 1411 nudum:
935 1351 1017 1413 unde
1030 1370 1091 1413 non
1105 1350 1163 1412 suit
1173 1348 1295 1411 difficile
1307 1344 1417 1429 patulis
1430 1343 1534 1425 portis

331 1444 410 1507 hosti
424 1445 558 1508 introire.
600 1446 739 1509 Reducto
754 1466 845 1528 porro
857 1446 889 1507 in
904 1455 1078 1528 potestatem
1091 1444 1313 1529 Oppenbcimio
1326 1441 1532 1503 Fortalicium

331 1560 451 1621 quoqne
463 1560 500 1602 ex
510 1541 651 1604 ulteriore
665 1542 767 1604 Rheni
776 1550 859 1625 parte
869 1542 941 1606 clim
951 1552 1083 1605 erectum
1094 1562 1185 1624 quam
1197 1560 1268 1603 mox
1281 1538 1459 1600 insederunt
1471 1556 1533 1617 ope

331 1636 521 1718 navigiorum
535 1656 604 1717 quar
617 1656 713 1720 nuper
724 1640 848 1720 quidem
861 1640 948 1722 aquis
961 1640 1113 1700 submersa
1128 1636 1247 1697 fuerant
1265 1635 1319 1697 sed
1336 1633 1530 1716 proditorum

331 1730 440 1793 inditio
453 1732 570 1794 detecta
581 1743 612 1795 et
624 1733 734 1795 iterum
746 1746 898 1798 extracta:
920 1735 977 1797 hoc
986 1733 1168 1796 fortalicium
1180 1732 1252 1794 licet
1262 1730 1360 1793 hostes
1369 1729 1443 1790 hinc
1453 1728 1529 1789 indc

329 1826 463 1889 dirutum
476 1848 532 1910 pro
543 1848 598 1889 sua
610 1830 767 1893 securitate
780 1850 916 1911 reparare
930 1829 1141 1904 decrevissent,
1161 1849 1221 1889 non
1240 1834 1402 1908 potuerunt
1421 1834 1527 1887 tamen

330 1923 369 1984 cb
381 1923 576 1986 mrenmntcs
589 1924 753 1987 Bavaricas
765 1927 877 2007 copias,
890 1927 930 1992 de
943 1926 1051 2007 quibus
1063 1910 1117 1986 ubi
1129 1924 1271 1987 certiores
1284 1922 1322 1986 ab
1331 1920 1526 2003 exploratori-

330 2021 387 2083 bus
398 2021 519 2085 l‘ucrunt
532 2023 653 2094 redditi,
666 2022 779 2085 relictis
792 2024 862 2086 istic
875 2024 992 2087 dnobus
1005 2022 1161 2085 tormentis
1181 2020 1305 2093 bellicis,
1324 2038 1394 2079 mox
1412 2017 1453 2077 ad
1470 2037 1525 2098 op·

331 2116 437 2198 pidum
450 2120 468 2178 b
481 2118 602 2200 regiona
620 2119 711 2181 situm
730 2120 901 2196 redierunt;
922 2120 955 2181 in
972 2139 1032 2200 quc
1044 2120 1155 2182 Comes
1171 2119 1211 2180 de
1230 2114 1431 2199 Witgenstein
1452 2134 1524 2175 cnm

331 2211 470 2274 Suedicis
489 2214 676 2295 Gallicisque
695 2215 791 2296 copiis
811 2214 962 2277 nonnullis
982 2214 1131 2291 substitit,
1145 2212 1300 2292 emisitque
1324 2212 1362 2273 dc
1382 2211 1446 2271 suis
1469 2209 1524 2288 qni

331 2307 444 2370 choum
454 2309 588 2391 jacentia
600 2310 713 2393 oppida
724 2310 890 2394 diriperent
901 2310 1024 2392 viasque
1038 2310 1212 2373 infestarent
1224 2310 1265 2371 ad
1278 2307 1355 2390 ipsas
1367 2308 1429 2369 fere
1443 2305 1522 2369 Gru-

331 2406 538 2467 cenaeensium
552 2417 669 2487 portas:
690 2406 723 2468 hi
735 2407 794 2489 ipsi
807 2427 926 2489 quoqne
942 2428 1003 2472 uon
1022 2407 1117 2468 multo
1136 2417 1202 2488 post
1221 2405 1355 2469 subsidio
1373 2405 1521 2466 sociorum

330 2500 453 2564 aliunde
464 2503 672 2565 accedentium
684 2504 838 2566 civitatem
848 2503 947 2584 Alcey
959 2502 1117 2565 Wimariis
1130 2504 1329 2584 subjecerunt.

371 2596 451 2659 Hac
468 2599 541 2662 dnm
559 2610 705 2682 geruntur
720 2599 821 2676 isthic,
840 2598 1013 2662 Colonellus
1032 2599 1238 2681 Baumbergcr
1257 2598 1290 2658 in
1310 2595 1519 2677 Philippebnr-

331 2693 417 2775 gensi
435 2695 601 2757 munitione
619 2697 844 2770 commendans,
866 2695 951 2757 miles
971 2695 1118 2777 imprimis
1137 2695 1267 2777 vigilans
1287 2703 1319 2756 at
1337 2692 1441 2768 scrius,
1462 2711 1516 2772 per

331 2800 428 2852 canos
440 2790 557 2854 indices
568 2791 711 2875 intelligit
724 2791 936 2853 Wimarienses
953 2791 1078 2852 multam
1095 2789 1227 2873 pulueris
1247 2788 1430 2854 tormentarii
1444 2789 1515 2858 vim,

300 2908 305 2917 ·
332 2885 440 2949 bellica
461 2907 581 2969 qnoque
602 2897 751 2950 tormenta
772 2887 926 2968 aliumque
949 2896 1124 2969 apparatum
1148 2886 1307 2949 militarem
1332 2905 1392 2947 non
1415 2883 1515 2965 procul

332 2981 663 3045 Germersbeimiccum
673 2983 707 3043 in
716 2982 788 3066 fuga
798 2983 908 3046 isthinc
918 2983 1044 3046 avehere
1054 2982 1174 3046 defectu
1183 3003 1328 3064 equorum
1338 2991 1369 3043 ct
1377 3000 1513 3042 curruum

331 3097 392 3138 non
405 3090 534 3159 possent,
547 3079 700 3154 infodisse,
712 3079 813 3161 itaque
826 3101 896 3141 cnm
909 3081 948 3142 de
960 3079 1027 3142 loco
1036 3080 1146 3141 indicis
1158 3079 1365 3154 examinasset,
1380 3085 1512 3156 certaque

332 3172 419 3254 signa
435 3177 632 3257 cognovisset,
651 3195 721 3238 mox
738 3177 838 3238 emisit
849 3176 902 3256 qni
917 3174 1081 3237 effoderent
1093 3176 1209 3238 denuc:
1228 3184 1402 3258 repererunt
1414 3173 1445 3233 hi
1456 3181 1512 3233 tor·

331 3276 433 3328 menta
439 3271 554 3351 majora
562 3270 670 3333 bellica
676 3272 809 3353 quinque
819 3272 952 3342 omnino,
963 3291 1089 3352 quorum
1099 3291 1193 3334 unum
1202 3271 1378 3353 proferebat
1392 3269 1512 3350 insignia

331 3362 604 3448 Wirtanbcrgensis
627 3367 734 3442 Ducis,
758 3369 821 3430 duc
845 3367 972 3429 Saxonis
994 3367 1214 3441 Wimariensis,
1237 3368 1353 3448 reliqna
1373 3365 1510 3428 Eleotcris

332 3459 489 3524 Saxonioe:
510 3462 638 3525 multum
657 3464 729 3526 item
749 3464 927 3525 instructum
947 3463 1099 3538 bellicum,
1116 3484 1186 3546 qum
1205 3465 1309 3528 omnia
1328 3465 1359 3525 in
1377 3463 1507 3526 Castrum

331 3557 467 3640 Philippi
481 3559 583 3622 invehi
595 3579 687 3640 quam
700 3561 831 3642 primurn
845 3559 972 3622 curarit.

369 3655 482 3718 Barsri
490 3655 1023 3720 interhacnonfarianturinfsrius:
1043 3653 1506 3740 aggrediuntnreuimTclouium
