3225 4700
328 364 391 429 234
725 358 1115 425 lTlNERARIUM.

331 526 571 598 comparuerunt.
615 516 746 578 Nomine
771 515 960 578 serenissimi
982 514 1135 596 Principis
1155 532 1191 575 uo
1214 512 1312 573 Ducis
1333 508 1544 591 Neoburgici

334 614 484 675 Dominus
496 612 674 673 Freuciscus
686 612 778 673 Giese
792 613 830 673 de
843 611 1064 695 simmeringen
1075 612 1150 672 dicti
1165 608 1353 672 serenissimi
1367 605 1542 685 Principis

333 708 541 785 consiliarius,
557 709 699 770 Direotor
712 708 850 771 Camere
864 718 894 769 et
906 728 1063 789 supremus
1076 706 1290 780 cancellarius,
1305 726 1342 765 sc
1355 702 1543 763 Proefectus

334 804 590 866 Burckeiniensis.
628 804 761 865 Nomine
781 803 970 865 serenissimi
985 803 1138 884 Principis
1150 823 1186 863 uc
1201 801 1298 862 Ducis
1319 796 1541 879 Luneburgici

335 899 486 960 Dominus
506 901 623 961 Doctor
646 898 736 961 Bshn
758 899 954 961 Serenissimo
976 898 1059 959 Duci
1078 897 1303 980 Luueburgeusi
1324 906 1355 957 et
1373 894 1540 957 Brunsvi·

335 994 417 1056 ceusi
430 994 578 1057 dsecrstis
588 995 729 1056 consiliis.
771 995 904 1056 Nomine
918 994 1048 1056 civitatis
1057 994 1209 1055 Ulmsusis
1220 992 1371 1054 Dominus
1380 990 1539 1051 Albertns

335 1090 464 1152 stemler
476 1112 632 1173 supremus
645 1092 669 1154 J
673 1090 760 1165 udex,
781 1080 941 1153 Dominus'
951 1090 1113 1172 Philippus
1131 1091 1268 1151 Andress
1289 1086 1444 1161 Fruhlioh,
1463 1086 1539 1146 Do-

334 1188 435 1249 minus
449 1188 565 1249 Doctor
578 1187 694 1248 Paulus
708 1185 879 1247 sohb'rnrer.
923 1185 1055 1247 Nomine
1077 1185 1207 1247 civitstis
1228 1182 1400 1245 Bremensis
1417 1182 1538 1242 Domi·

333 1302 391 1343 uus
404 1283 428 1345 J
430 1304 540 1344 oannes
553 1282 725 1343 Gornemeu
738 1300 746 1339 ε
766 1282 888 1342 nomine
901 1281 1032 1343 civitatis
1042 1278 1262 1362 Nordlingunae
1277 1277 1430 1338 Dominus
1445 1276 1536 1336 Mel-

333 1379 418 1439 chior
432 1377 565 1449 Welsch,
581 1377 731 1438 Dominus
745 1378 861 1440 Doctor
873 1378 1075 1461 Wolfgsngus
1087 1379 1111 1441 J
1113 1378 1223 1438 scobus
1238 1373 1345 1436 Sstler.
1387 1373 1534 1434 Nomine

332 1475 463 1537 civitatis
481 1473 706 1534 Retisbouensis
722 1474 874 1535 Dominus
893 1474 1028 1535 Josuues
1044 1473 1196 1555 Georgius
1216 1470 1353 1543 schem,
1368 1470 1532 1531 sindicus.

334 1568 467 1631 Nomine
487 1568 614 1630 Corone
639 1568 767 1631 Gallicos
792 1570 951 1632 Mousieur
971 1570 1011 1631 de
1035 1570 1147 1651 Hoppe
1169 1566 1398 1631 commissarius
1422 1564 1533 1647 Regni

335 1664 515 1725 Galliarum.
904 1690 910 1700 ¹

374 1760 489 1833 Quarta
497 1760 521 1822 J
523 1760 577 1821 ulii
592 1758 712 1843 Iregstis
723 1758 897 1821 Electorum
911 1780 947 1822 sc
960 1760 1140 1842 Principum
1152 1780 1236 1822 sucre
1250 1759 1381 1841 Lipsune
1393 1764 1424 1818 et
1436 1776 1530 1817 senc·

331 1866 430 1918 torum
442 1876 518 1931 osse,
533 1856 650 1937 alisque
664 1854 804 1937 quendem
818 1855 1032 1938 redemptionis
1045 1867 1153 1919 nostre
1167 1858 1375 1921 iustrumenta,
1389 1853 1526 1915 nescios

332 1970 393 2031 quo
413 1948 486 2009 olim
508 1947 628 2010 Coessre
649 1948 858 2034 Norimbergae
878 1952 910 2013 iu
932 1952 964 2015 S.
988 1954 1104 2034 Spiritu
1123 1954 1269 2035 deposita,
1292 1962 1411 2012 ostense
1436 1960 1527 2010 suut:

332 2046 412 2109 iuter
434 2046 493 2107 slis
515 2044 580 2107 haec
600 2046 661 2108 fere
682 2066 752 2107 oum
770 2047 981 2131 plerorumque
998 2070 1116 2112 summo
1132 2049 1338 2119 sdmirstione,
1359 2046 1526 2107 multorum

333 2143 444 2204 eximie
457 2142 575 2224 pietatis
588 2140 808 2225 significatione
825 2144 1008 2207 visebantur.
1051 2147 1080 2207 Ι.
1103 2147 1223 2207 Louces
1234 2166 1294 2227 que
1306 2144 1428 2206 Christo
1440 2143 1464 2205 J
1466 2164 1527 2205 rrsu

335 2238 532 2321 Redemptori
551 2248 653 2300 nostro
675 2248 895 2301 sacrosanctum
913 2240 991 2302 letus
1004 2242 1023 2304 d
1036 2242 1160 2325 longino
1176 2242 1328 2323 quondum
1349 2240 1445 2301 fueret
1456 2261 1527 2321 per·

331 2337 461 2398 fossum:
495 2334 543 2396 11.
576 2336 625 2397 Ex
646 2344 775 2418 quatuor
794 2335 889 2399 cleris
910 2358 999 2414 unus,
1020 2359 1081 2420 quo
1099 2337 1238 2402 Christus
1259 2336 1400 2400 servator
1422 2347 1525 2398 noster

333 2434 417 2495 cruci
439 2433 512 2494 olim
535 2431 567 2493 in
592 2431 771 2516 Golgothaeo
792 2433 869 2495 colle
890 2434 948 2496 fuit
969 2435 1085 2497 affixus.
1137 2435 1204 2497 111.
1234 2435 1311 2496 Pers
1330 2452 1446 2514 meppoe
1469 2453 1523 2495 seu

335 2529 427 2612 pauni
439 2530 470 2590 in
482 2548 543 2610 que
551 2529 690 2591 christus
698 2529 954 2591 conviveturcum
964 2530 1179 2613 discipulorum
1187 2529 1372 2592 duodenario
1385 2529 1522 2590 ultimum

333 2645 449 2688 coensm
464 2626 635 2699 celebrarit,
653 2646 801 2707 suumque
820 2647 929 2708 corpus
949 2628 981 2688 iu
995 2626 1096 2689 cibum
1115 2627 1170 2688 sub
1184 2627 1270 2709 punis
1282 2626 1391 2708 specie,
1409 2637 1440 2689 et
1454 2648 1522 2690 suu·

333 2723 457 2806 guinem
472 2722 503 2782 in
517 2733 620 2804 potum
634 2723 689 2784 sub
702 2722 768 2782 riui
781 2721 882 2804 figure
896 2723 1041 2785 Ecclesiae
1056 2724 1137 2784 velut
1150 2723 1372 2803 Mnemosynon
1388 2724 1518 2806 reliquit.

333 2819 390 2881 IV.
413 2819 491 2880 Pers
505 2817 755 2880 incunabulorum
765 2839 819 2880 seu
832 2819 971 2901 praesepii
983 2840 1044 2900 quo
1053 2819 1196 2901 porrulos
1207 2821 1381 2882 benedictus
1392 2821 1521 2884 Inteme-

334 2925 407 2978 retae
421 2916 557 2999 Virginis
571 2914 678 2989 Filius,
692 2915 723 2976 in
738 2917 836 2997 primo
850 2935 904 2977 suo
924 2916 957 2977 in
969 2917 1117 2977 mundum
1131 2916 1268 3000 ingressu
1281 2917 1339 2978 suit
1351 2917 1517 2980 reclinatus.

333 3012 373 3074 V.
395 3013 478 3075 Crux
493 3012 531 3074 de
544 3013 629 3094 ligno
643 3011 741 3072 crucis
758 3012 789 3072 in
803 3032 863 3092 quo
876 3031 972 3094 eguus
986 3012 1247 3075 innocentissimus
1260 3013 1353 3076 totius
1364 3014 1442 3076 orbis
1453 3035 1519 3095 pec·

333 3119 401 3169 cete
414 3109 480 3182 luit,
494 3109 688 3188 debitumque
705 3117 841 3169 nostrum
855 3129 910 3170 sus
922 3119 1017 3170 morte
1029 3120 1059 3170 et
1071 3109 1216 3192 sunguine
1230 3109 1329 3171 diluit.
1369 3111 1429 3172 vl.
1448 3111 1517 3172 'l'res

333 3205 437 3265 annuli
454 3205 542 3267 ferrei
564 3206 602 3266 de
623 3203 735 3265 cetenis
754 3203 811 3266 ss.
826 3204 1040 3287 Apostolorum
1055 3205 1142 3266 Petri
1156 3215 1186 3267 et
1201 3205 1302 3268 Pauli.
1342 3206 1423 3268 v11.
1443 3207 1515 3269 Pers

332 3299 443 3361 tunice
466 3300 571 3362 dilecti
593 3300 736 3383 discipuli
755 3301 779 3363 J
781 3320 838 3362 ssu
861 3300 1000 3364 Joenuis.
1040 3302 1141 3363 VIII.
1164 3301 1242 3363 Pers
1265 3303 1380 3366 bruchii
1403 3302 1514 3366 sancte

331 3397 432 3456 Aunae
443 3395 558 3458 Christi
571 3397 647 3458 sviae
661 3417 780 3479 mugnus
795 3397 898 3458 metris
911 3397 1049 3480 Virginis
1062 3399 1164 3460 metris
1177 3398 1375 3480 dignissimos.

334 3491 344 3496 “
372 3491 486 3552 Merito
499 3491 624 3554 miretur
636 3493 744 3574 uliquis
758 3513 873 3554 sucrum
885 3493 963 3555 hene
973 3494 1208 3576 suppellectilem
1219 3495 1298 3556 iuter
1310 3495 1432 3557 Lutlrsri
1441 3515 1513 3557 esse-

332 3587 394 3650 cles
409 3595 470 3648 tem
490 3587 543 3648 diu
563 3588 653 3652 fuisse
674 3590 737 3651 sine
757 3588 831 3650 vitio
849 3599 1039 3665 mustum,
1054 3589 1184 3652 maxims
1198 3611 1267 3652 curu
1281 3611 1381 3654 eornm
1395 3593 1514 3673 pseudo·

330 3684 484 3766 propheta,
498 3704 582 3748 secra
595 3695 766 3748 sanctorum
775 3705 843 3748 osse
854 3686 909 3748 &e
922 3707 931 3748 t
951 3686 1098 3768 ejusmodi
1118 3696 1272 3768 tentopere
1284 3689 1415 3752 execrari
1428 3688 1445 3749 d
1457 3689 1513 3749 suis

330 3781 467 3842 voluerit.
