3225 4700
479 303 870 372 ITINERARIUM.
1207 306 1269 370 289

463 501 581 568 Latina
594 503 692 568 aeram
705 502 748 567 alc
762 501 865 567 laedet.

41 481 52 512 l.

41 631 210 782 EGO
225 633 400 697 Waltberus
418 637 579 699 Devercux
595 638 694 700 Sacra
709 636 856 700 Caesareae
874 636 1045 717 Majestatis
1062 636 1263 706 Camerarius,

154 736 193 788 et
208 747 303 808 supra
315 748 407 790 unum
423 729 637 810 Regimentum
651 750 704 792 seu
719 731 882 812 Legionem
894 730 1073 811 Dragonum
1086 729 1264 791 constitutus

41 823 261 898 colonellas,
276 822 358 885 hisee
376 834 480 886 notum
498 824 576 886 facio
593 826 740 899 omnibus,
760 826 842 906 quod
861 825 1040 886 reverendus
1057 835 1088 887 et
1105 826 1263 907 perdoctus

42 920 226 980 Dominus
240 919 334 980 Pater
347 919 475 981 Thomas
492 921 589 982 Carve
605 930 733 1000 quatuor
748 921 821 1002 ipsis
839 921 926 982 aunis
944 921 976 981 in
996 940 1062 982 meo
1080 921 1261 1002 Regimeuto

43 1039 107 1078 seu
126 1015 274 1097 Legioue
287 1013 385 1076 officia
397 1015 502 1077 diviua
514 1009 678 1096 perfecerit.
704 1015 844 1077 Libenter
856 1035 985 1097 quoque,
1000 1024 1144 1096 quantum
1159 1016 1198 1075 ad
1211 1035 1259 1075 me

45 1115 190 1194 quidem
206 1111 325 1187 attinet,
340 1111 453 1173 diutius
466 1111 551 1172 illum
565 1131 683 1173 mecum
697 1113 874 1172 commorari
889 1121 1035 1193 optassem
1049 1121 1080 1172 et
1089 1110 1258 1173 voluissem.

49 1209 224 1282 Quoniam
242 1227 313 1268 vero
331 1208 393 1289 ipae
408 1207 499 1288 justis
516 1208 555 1268 de
573 1207 702 1269 causisd
719 1227 768 1268 me
781 1207 986 1268 dimissionem
1002 1207 1097 1288 petiit,
1117 1225 1208 1286 seque
1219 1207 1259 1266 ad

51 1307 119 1366 alia
134 1305 209 1364 loca
223 1302 383 1364 transferre
397 1302 559 1374 constituit,
573 1322 633 1363 nou
647 1301 732 1383 potui
745 1323 800 1363 uec
815 1302 905 1363 debui
918 1303 976 1384 ipsi
990 1303 1029 1364 ob
1046 1303 1140 1364 vitam
1156 1299 1260 1362 landa·

51 1401 166 1462 biliter
181 1410 300 1482 gestam
315 1409 345 1461 et
357 1417 453 1461 mores
466 1417 534 1478 quae
547 1398 721 1481 religiosum
735 1418 769 1459 ac
787 1399 915 1479 probum
930 1397 1121 1462 Sacerdotem
1140 1398 1258 1471 decent,

54 1497 136 1558 tales
156 1497 277 1557 litteras
295 1495 551 1556 commendatitias
570 1495 718 1577 denegare
737 1515 830 1576 quare
843 1496 881 1556 ab
893 1496 1031 1556 omnibus
1048 1493 1194 1576 supremis
1212 1493 1258 1553 iu·

57 1593 287 1672 femoribusque
300 1590 475 1654 officialibus
488 1601 518 1653 et
531 1591 679 1672 equitibus
697 1593 903 1674 cujuscunque
921 1591 1076 1673 dignitatis
1094 1599 1125 1652 et
1143 1588 1258 1652 ordinis

61 1689 108 1749 illi
124 1688 199 1763 sint,
216 1687 380 1767 respective
397 1694 466 1768 peto
483 1707 574 1768 quam
588 1706 707 1768 possum
721 1686 852 1748 officiose
865 1695 899 1749 nt
911 1687 1051 1768 praesenti
1064 1687 1105 1747 R.
1120 1686 1160 1748 P.
1179 1685 1257 1746 Tho-

60 1807 122 1847 mae
138 1784 243 1846 Carae
256 1783 293 1844 ob
307 1781 511 1844 honorabilem
524 1791 554 1844 et
568 1782 637 1843 Deo
650 1782 809 1844 amabilem
822 1782 926 1858 vitam,
939 1801 1029 1863 quam
1048 1802 1146 1843 coram
1160 1782 1257 1842 omni·

63 1885 121 1942 bus
135 1881 267 1942 durante
279 1876 336 1939 hoo
349 1877 546 1958 quadriennio
559 1878 623 1940 sine
639 1877 703 1941 ulla
720 1879 888 1961 suspicione
907 1878 1052 1954 exhibuit,
1071 1896 1190 1938 omnem
1203 1877 1257 1938 de·

66 1987 186 2039 centem
205 1973 348 2035 honorem
366 1975 474 2035 bonam
490 1973 707 2055 promotionem
725 1975 927 2057 optimamque
945 1995 981 2037 ao
998 1973 1255 2057 propensissimam

67 2073 256 2134 voluntatem
276 2077 425 2151 praestent.
471 2069 511 2130 ld
531 2089 586 2149 pro
605 2069 687 2132 virili
707 2069 774 2131 med
792 2091 865 2154 ergo
884 2091 988 2134 omnes
1012 2069 1082 2132 dall
1102 2068 1255 2130 occasione

69 2185 262 2246 compensare
275 2166 414 2227 conabor.
438 2165 501 2227 Pro
513 2165 695 2248 majori.lide
709 2169 927 2230 attestationem
939 2168 1017 2229 bauo
1030 2186 1121 2230 manu
1135 2164 1254 2247 proprii

71 2261 242 2342 subscripsi,
257 2271 287 2323 st
299 2261 398 2324 nobile
413 2259 552 2342 Sigillum
567 2282 666 2324 meum
680 2264 824 2346 appreesi,
837 2264 941 2326 datum
953 2273 1112 2343 actumque
1130 2260 1252 2323 Sassen·

71 2366 171 2443 berge
185 2359 216 2420 iu
231 2358 383 2422 (lumitate
396 2358 611 2420 Waldeckeuei
626 2362 654 2421 6.
670 2360 801 2451 Augusti
817 2359 909 2421 Anno
926 2362 1011 2420 1638.

722 2472 835 2549 (Iocm
848 2470 974 2553 Sigilli.)

792 2582 992 2646 Wsnrusaus
1005 2583 1191 2646 Durra‘oux.

113 2775 243 2838 Tertium
262 2776 391 2859 deniqne
409 2785 454 2838 est
473 2775 598 2837 Antonii
619 2774 763 2837 Marentii
783 2775 925 2856 Episcopi
946 2775 1115 2837 Petinensis
1133 2776 1250 2839 Vicarii

78 2873 228 2935 Generalis
240 2874 425 2935 exercituum
440 2873 473 2935 S.
492 2874 571 2935 Caee.
591 2872 771 2954 Majestatis.
813 2871 903 2944 Quod
919 2881 1042 2934 testatur
1059 2891 1108 2933 me
1125 2872 1249 2935 minime
1368 2943 1372 2954 ι

77 2970 179 3031 malam
192 2970 281 3032 vitam
295 2969 326 3057 in
337 2970 468 3033 exercitu
481 2970 587 3052 egisse,
606 2969 758 3049 quoniam,
778 2968 853 3031 mihi
869 2989 928 3031 uon
947 2969 1071 3050 pemati
1093 2969 1249 3031 ulteriores

77 3068 195 3129 bonores
207 3067 309 3129 defert.

865 3208 883 3245 Ω
