3225 4700
506 314 902 385 {missnensem
1232 319 1289 385 uu
1324 287 1328 305 '

49 478 174 523 onem
199 468 358 547 coegerat,
374 466 555 549 ulteriusque
573 490 781 553 progressurus
797 481 879 545 erat3
901 491 971 533 cum
984 468 1055 532 verb
1073 469 1190 531 videret
1206 488 1290 550 mag·

55 580 155 621 num
172 562 250 623 suis
262 563 465 645 progressibus
478 586 588 646 ponere
601 566 850 647 impedimentum
863 566 1082 642 Fontarabiam,
1092 565 1184 627 ermis
1196 566 1290 646 impe-

57 666 142 719 tere
159 667 199 719 et
215 680 391 741 expugnare
404 671 482 723 stare
495 663 607 725 statuit.
647 664 722 725 Toto
735 664 830 743 igitur
842 684 913 727 cum
926 664 1068 737 exercitu,
1081 662 1164 723 omni
1177 662 1210 722 in
1223 681 1290 722 eam

63 776 145 815 rem
161 754 303 818 subsidii
316 776 425 837 genere
438 757 593 833 instructo,
608 759 761 822 civitatem
774 760 872 843 cingit
883 775 914 821 et
926 760 990 821 scri
1000 759 1154 821 obsidione
1167 757 1288 838 premit,

66 872 184 931 eoque
202 852 275 932 jam
294 872 467 935 progressus
482 854 579 916 fuerat
600 856 709 937 partim
729 856 833 938 ignitis
854 856 1011 931 machinis,
1031 854 1141 937 partim
1157 854 1288 915 militum
1390 878 1395 886 ·

69 944 256 1022 industrii,
273 958 307 1009 ut
319 950 546 1032 propugnacula
560 951 676 1032 aliquot
690 952 770 1013 certe
785 973 839 1034 spe
851 973 883 1013 se
895 952 1028 1015 obtinere
1041 961 1167 1033 putaret.
1208 950 1288 1012 Cum

68 1044 158 1103 verb
173 1044 215 1105 id
239 1045 371 1126 Hispani
384 1046 532 1123 viderent,
546 1048 697 1128 probeque
715 1058 927 1131 cognoscerent
944 1058 1056 1129 quanto
1074 1048 1108 1109 id
1120 1046 1212 1121 urbis,
1226 1046 1288 1107 imb

71 1140 181 1201 totins
201 1140 319 1203 Petriae
333 1143 444 1205 damno
458 1143 594 1205 buturum
611 1153 697 1219 esset,
711 1144 850 1207 omnibus
863 1144 978 1205 viribus
992 1153 1097 1205 contra
1110 1143 1167 1204 niti
1178 1151 1288 1204 statue·

74 1246 158 1299 runt
170 1258 180 1297 =
205 1239 264 1300 Ad
276 1238 443 1301 octodecim
453 1239 553 1321 itaque
566 1239 662 1303 millis
673 1240 851 1303 selectorum
860 1240 992 1301 militnm
1003 1240 1036 1300 in
1051 1239 1180 1302 Francis
1191 1248 1290 1301 castra

74 1334 242 1410 educunt,
255 1355 291 1397 ao
305 1336 432 1415 septimo
451 1335 634 1416 Septembris
651 1338 728 1413 (eret
740 1336 766 1399 is
780 1335 870 1397 Natae
889 1337 1009 1397 Menum
1022 1336 1159 1418 Virginis
1176 1335 1288 1417 pridia-

78 1433 159 1507 nus)
174 1439 265 1492 tento
276 1432 389 1512 impetu
405 1431 521 1493 bostem
534 1432 737 1514 sui-propositi
750 1442 780 1494 et
797 1430 931 1493 stationis
946 1432 1168 1494 tenacissimum
1181 1452 1288 1515 aggre-

80 1528 233 1601 diuntur,
247 1535 281 1588 ut
294 1528 419 1591 confuso
431 1528 561 1609 primbm
574 1530 721 1591 exercitus
729 1528 846 1604 ordine,
856 1539 921 1591 tum
931 1529 1032 1591 multis
1044 1530 1175 1592 militum
1189 1529 1286 1602 cesis,

82 1644 162 1685 eum
176 1624 303 1685 undem
313 1625 345 1685 in
357 1624 461 1706 lingum
470 1623 642 1687 effuderint.
674 1625 892 1708 Sempiternam
904 1625 1024 1687 leudem
1033 1628 1090 1689 boo
1100 1627 1133 1688 in
1142 1625 1288 1688 conflictu

83 1720 174 1797 tulit,
191 1720 325 1781 Senioris
342 1720 496 1801 Principis
514 1721 661 1783 Generosi
678 1720 817 1784 Parentis
835 1721 975 1795 Condaei,
995 1741 1057 1782 non
1074 1722 1230 1801 degeneris
1241 1743 1288 1783 so-

84 1816 172 1877 bolis
185 1816 277 1899 legio,
290 1836 359 1897 quse
372 1826 433 1879 tam
446 1817 562 1879 iordter
575 1838 606 1879 se
622 1816 767 1899 Hispanis
780 1817 950 1900 opposuisse
965 1817 1088 1892 dieitur,
1102 1826 1136 1878 nt
1149 1817 1207 1877 nisi
1219 1816 1287 1877 alise

87 1914 164 1975 dnae
178 1914 339 1995 legiones,
354 1913 596 1975 Muillereidiana
606 1913 722 1975 seilicet
734 1914 880 1989 etaltera,
895 1932 985 1993 quam
998 1912 1037 1975 de
1050 1931 1161 1975 corona
1174 1912 1286 1973 vocita-

88 2011 177 2085 bnnt,
192 2010 226 2071 in
239 2009 345 2094 sugam
357 2010 508 2083 abiissent,
517 2010 610 2072 dubio
621 2008 726 2091 procul
736 2010 822 2073 irrito
829 2019 940 2071 conatu
953 2030 1014 2071 non
1028 2009 1093 2071 sine
1104 2007 1201 2070 multo
1212 2008 1288 2071 His·

90 2126 244 2188 panorm
260 2107 407 2189 sanguine
423 2107 624 2169 recedendum
642 2105 756 2169 fuisset.
800 2105 871 2169 Hoc
884 2106 917 2167 in
929 2108 1092 2189 congressu
1103 2106 1143 2166 ud
1158 2106 1287 2187 quadra-

93 2203 182 2285 ginta
192 2202 302 2264 Franci
315 2202 430 2265 nobiles
443 2202 587 2264 occidisse
600 2203 752 2264 dicuutur.
793 2202 1045 2284 Arcbiepisoopus
1056 2203 1288 2286 Burdogalensis

94 2308 126 2364 et
139 2299 308 2382 Episcopus
323 2298 506 2364 Arelatensis
525 2299 591 2381 (qui
604 2298 711 2364 melius
727 2298 845 2362 calamo
858 2309 888 2361 et
901 2299 1039 2381 precibus
1051 2308 1156 2364 contra
1167 2300 1287 2382 spiritu·

95 2396 158 2458 ales
169 2397 267 2459 hostes
281 2395 426 2458 Ecclesiae
438 2397 634 2479 pugnassent)
647 2398 727 2478 tegre
739 2394 817 2458 salvi
829 2408 996 2458 evenerunt.
1031 2397 1182 2459 Condueus
1195 2397 1288 2458 Prin·

97 2515 169 2576 ceps
181 2495 228 2555 vir
240 2493 378 2555 militaris
390 2502 422 2554 et
438 2493 468 2552 in
483 2492 587 2575 pugnd
604 2492 661 2554 hee
676 2493 801 2574 primus,
816 2512 894 2572 equo
908 2493 1037 2554 fluvium
1050 2495 1191 2566 sanavit,
1206 2513 1242 2554 ac
1254 2514 1288 2555 se

98 2592 163 2654 und
174 2610 241 2653 cum
254 2587 418 2652 Cardinalo
431 2589 470 2650 de
487 2589 517 2650 la
529 2589 657 2665 Valette,
672 2589 790 2651 Gemite
809 2589 1000 2663 Grammont,
1015 2589 1193 2652 Marebione
1206 2589 1288 2653 dela

101 2687 204 2761 Fores,
218 2685 396 2747 Marebiom
409 2684 448 2746 de
462 2684 572 2759 Gente,
586 2685 710 2764 aliisque
724 2685 874 2766 Bejonam
886 2687 1017 2747 retraxit.
1060 2687 1237 2748 Occubuere
1249 2707 1287 2749 ex

102 2783 243 2845 militibus
255 2781 337 2844 mille
350 2781 509 2864 quingenti
521 2781 651 2856 circiter,
667 2781 824 2862 quingenti
837 2782 928 2863 capti,
941 2792 1088 2845 wrmenta
1103 2783 1211 2846 bellios
1223 2803 1287 2844 ma·

99 2881 167 2960 jora
179 2879 298 2961 triginta
310 2887 434 2958 septem,
444 2877 603 2958 omniaque
613 2877 839 2957 impedimenta,
850 2877 928 2939 inter
940 2899 1007 2958 quse
1021 2899 1125 2940 curem
1132 2879 1288 2961 ipsiusmet

106 2975 227 3040 Condmi
241 2973 396 3054 Principis
411 2982 535 3057 argento
550 2974 695 3053 rebusque
716 2973 858 3054 preciosis
872 2994 989 3055 maes,
1007 2974 1048 3035 ad
1065 2975 1287 3057 quadringenta

107 3083 305 3136 coronatorum
315 3069 412 3131 millis
421 3070 559 3132 testimmi
569 3069 678 3131 nostris
691 3069 795 3130 relicte
804 3079 884 3132 sunt.
918 3069 1040 3151 Captivi
1049 3081 1161 3151 postea,
1173 3072 1213 3137 ab
1226 3072 1288 3135 Re-

109 3175 180 3252 gom'
192 3166 404 3228 humanissimo
426 3165 581 3247 Philippo,
601 3185 703 3226 omnes
723 3165 755 3226 in
773 3166 931 3246 pristinam
950 3166 1118 3228 libertatem
1135 3168 1200 3230 sine
1217 3168 1287 3230 litro

109 3264 228 3326 restituti
238 3273 319 3339 sunt,
335 3273 370 3324 nt
381 3263 513 3343 primum
521 3261 561 3324 de
575 3262 715 3343 Principe
730 3262 811 3343 Regi
822 3262 957 3324 Frenoiae
967 3281 1070 3324 recens
1083 3275 1153 3326 nato
1165 3265 1198 3325 in
1213 3264 1287 3326 His·

110 3361 199 3446 paniis
209 3359 344 3421 anditum
356 3367 411 3420 est.

150 3456 248 3518 Plures
266 3454 388 3516 interim
407 3454 550 3536 legiones,
565 3456 604 3517 de
618 3456 729 3516 nostris
747 3454 779 3516 in
798 3454 979 3516 Pomeraniia
996 3466 1090 3532 sexto,
1107 3457 1244 3539 septimo,
1258 3466 1288 3518 et

113 3563 207 3614 oetam
225 3551 342 3634 Aprilis
361 3551 536 3612 mandatum
554 3561 734 3633 acceperunt
752 3551 926 3612 transeundi
948 3551 1072 3614 Albim:
1100 3555 1205 3615 eodem
1225 3554 1287 3613 fere

115 3661 230 3730 tempore
245 3645 443 3710 Invictissimi
455 3647 648 3729 Imperatoris
657 3649 750 3710 nostri
761 3647 947 3709 Ferdinendi
959 3647 1026 3708 111.
1037 3648 1167 3730 Conjux,
1180 3668 1287 3730 magno
