3225 4700
259 428 263 443 „
340 339 404 404 214
740 324 1145 397 ITINERARIUM.

339 490 378 553 sit
391 487 573 569 capitaneus
585 505 657 567 sane
670 483 752 545 omni
764 482 855 565 eulpa
867 500 988 543 vaoasse
1001 480 1127 542 minime
1137 478 1270 542 creditus
1282 486 1337 553 ost,
1353 476 1475 559 quippe
1489 476 1541 555 qai

340 606 397 647 ueo
410 583 531 647 unieam
544 582 676 645 fistulam
685 580 719 641 iu
728 577 1011 641 hostemexouerari
1019 576 1199 658 permiserit,
1207 594 1264 637 ase
1277 574 1374 636 ullam
1387 574 1543 653 impetam

340 682 394 744 sed
411 701 468 743 nee
487 681 527 742 ud
544 679 689 761 impetum
707 684 738 738 et
755 675 818 737 rim
835 672 1007 736 faciendam
1024 672 1273 754 praeparationem
1292 668 1477 753 expeotdrit,
1497 669 1543 729 vel

342 777 491 839 Domiuos
509 777 613 839 saltem
634 774 735 855 Burgi
754 782 872 833 maturo
891 769 1043 831 monuerit
1061 770 1100 831 ds
1117 779 1250 831 extrema
1267 767 1329 830 looi
1345 766 1543 828 ueoessitate

200 860 204 875 ’
342 874 390 935 Ea
402 872 517 935 deditio
534 892 595 933 aon
613 878 730 933 tautum
746 866 865 929 accolas
882 866 999 927 eireuus
1011 866 1139 938 ricinos,
1151 865 1205 927 sed
1220 873 1252 925 et
1265 883 1391 925 summa
1406 864 1543 925 auctori

340 972 411 1033 tatis
419 970 511 1046 viros,
523 967 650 1052 pessime
664 965 778 1040 habuit,
790 962 976 1043 multamque
986 963 1079 1045 vulgo
1088 962 1247 1025 verboram
1259 960 1407 1022 salsorum
1417 959 1542 1041 oopium

341 1066 424 1143 iecit,
437 1065 549 1148 quippe
565 1062 622 1145 qui
635 1061 726 1143 probe
745 1058 957 1141 intelligebant
967 1059 1088 1140 quartis
1105 1059 1195 1121 totius
1208 1058 1404 1120 Wstterariae
1422 1056 1543 1118 ineam·

340 1163 438 1227 modis
451 1182 487 1225 ea
499 1161 615 1225 deditio
627 1159 708 1221 laeta
718 1168 805 1233 esset,
821 1157 905 1237 quod
917 1176 989 1217 mox
1001 1156 1095 1219 tristis
1106 1155 1287 1219 monstrauit
1296 1164 1436 1217 eventus.

380 1258 479 1342 Capta
490 1278 561 1321 eum
573 1276 628 1317 suo
641 1254 748 1337 Bargo
763 1251 929 1333 Fridbergd
939 1254 1088 1333 rebusque
1096 1252 1236 1315 uouuilril
1244 1252 1314 1314 istie
1323 1251 1496 1332 dispositis,
1505 1250 1543 1313 ad

340 1356 582 1419 munutissimam
599 1361 629 1413 et
640 1352 721 1413 edito
736 1348 804 1412 loeo
817 1350 905 1410 sitam
921 1369 1021 1411 aroem
1037 1350 1288 1413 Brauufelsauam
1299 1350 1376 1410 itum
1393 1357 1452 1421 est,
1471 1366 1543 1428 qua

339 1474 400 1517 uou
410 1452 525 1513 minore
534 1447 665 1531 perfidia
678 1447 766 1509 tertio
779 1445 901 1509 deoimo
907 1444 1050 1508 ,Ianuarii
1060 1447 1224 1509 Wimarios
1231 1445 1363 1517 admisit,
1372 1445 1434 1505 soli
1443 1445 1543 1506 Com·

339 1546 495 1611 meudauti
512 1545 580 1629 (qui
598 1544 781 1627 Capitaueus
799 1543 891 1607 fuisse
908 1542 1079 1626 perhibetur
1091 1544 1196 1605 salum
1214 1543 1382 1605 oouduotus
1401 1536 1542 1603 Franco·

339 1644 468 1707 fordiam
481 1642 712 1725 promisensium,
726 1640 878 1723 reliquum
891 1640 1070 1724 presidium
1082 1641 1266 1721 potissimam
1281 1648 1397 1721 partem
1415 1637 1544 1699 hostilia

338 1740 490 1823 stipendis
502 1747 533 1800 et
544 1758 630 1799 arma
642 1737 723 1799 ultro
735 1736 798 1800 fers
810 1738 955 1821 suscepit.

380 1838 460 1899 Haee
471 1836 506 1897 iu
518 1833 712 1897 Wettemria.
755 1834 793 1896 In
808 1835 957 1898 Misuiam
974 1855 1046 1897 vero
1064 1833 1225 1897 Generalis
1236 1830 1349 1914 vigiliis
1362 1827 1540 1893 Praefectus

339 1930 593 2016 Koniugsmarius
603 1952 674 1993 eum
683 1931 813 1993 subditis
820 1932 881 1993 sibi
891 1932 1075 2015 legionibus
1085 1930 1287 2014 progreditur,
1297 1948 1334 1989 ao
1344 1927 1541 2009 expilationi-

337 2031 393 2093 bus
415 2029 518 2091 hostili
539 2028 631 2089 modo
650 2028 802 2107 modoque
819 2027 1005 2089 aouminus
1025 2026 1233 2089 miserabiliter
1255 2025 1415 2107 indigenas
1432 2034 1539 2093 vexat,

336 2146 428 2209 quam
437 2124 617 2187 calamitosis
626 2123 836 2185 incendiorum
846 2122 1167 2194 oomminatioaibm
1177 2120 1360 2185 meticulosis
1370 2120 1539 2181 immanem

336 2222 473 2305 paouuiae
488 2240 637 2283 summam
651 2218 802 2300 exprimit,
816 2220 905 2301 eujus
922 2218 1051 2281 audacia
1066 2240 1104 2281 eo
1120 2219 1213 2281 etiam
1230 2215 1383 2299 prooessit,
1401 2227 1437 2278 at
1455 2218 1540 2278 tubi-

337 2318 435 2382 eiuem
450 2315 588 2400 Lipsiam
602 2335 722 2397 quoque
739 2315 897 2400 ablegdrit,
910 2315 967 2398 qui
984 2315 1047 2377 duo
1066 2314 1273 2397 Imperialium
1286 2314 1386 2376 millia
1401 2314 1441 2376 ab
1458 2316 1537 2378 urbe

336 2416 479 2499 ex'geret,
494 2434 555 2496 quo
568 2422 668 2474 tamen
683 2411 852 2493 lipsienses
863 2412 990 2474 minimo
1000 2412 1109 2486 territi,
1119 2432 1250 2474 saeuum
1259 2413 1340 2476 uude
1351 2424 1474 2476 venerat
1484 2435 1536 2476 re·

338 2513 496 2576 miserant.

377 2609 514 2672 Goltsias
531 2627 652 2691 qaoque
670 2627 724 2690 par
742 2607 882 2670 Silesiaru
896 2609 1081 2670 Domiuatar
1093 2628 1130 2670 ae
1143 2609 1296 2672 civitatem
1307 2607 1476 2671 Wohlaiam
1488 2611 1533 2672 ad

337 2704 522 2768 deditionem
531 2705 626 2788 cogit.
668 2705 891 2769 Pieolomiuius
903 2727 965 2768 uou
978 2705 1079 2768 miuus
1091 2704 1230 2766 felicibus
1241 2706 1384 2788 auspiciis
1396 2706 1533 2768 Genera-

336 2801 484 2864 lissimum
502 2802 701 2866 Suedioorum
720 2803 877 2884 copiarum
899 2801 1085 2866 Profectum
1106 2801 1299 2880 Baunirium,
1317 2823 1356 2866 ex
1376 2802 1532 2866 Bolremiaa

337 2899 448 2962 finibus
458 2899 578 2981 penitus
591 2901 696 2982 exigit,
709 2898 955 2979 Cluuitaiumqua
967 2917 1140 2960 areemuua
1152 2917 1223 2960 eam
1233 2899 1367 2973 civitate,
1376 2899 1529 2982 Korsiags·

336 2997 472 3080 grauium
486 3016 605 3078 quoque
616 3006 734 3058 armata
744 3015 838 3056 mauu
850 3005 1015 3077 expugnat,
1025 3014 1061 3055 ao
1073 2993 1258 3059 Praesidium
1266 2995 1432 3060 duodicem
1440 2997 1529 3077 quid·

337 3095 412 3174 quid
430 3094 463 3155 iu
481 3093 573 3156 armis
586 3102 737 3175 repertum
750 3092 847 3154 lissrat
859 3091 972 3154 tandit.
998 3091 1039 3152 Iu
1052 3091 1257 3173 captiuitatem
1271 3113 1391 3174 quoque
1404 3093 1529 3156 Caesaris

336 3209 373 3251 eo
386 3199 518 3273 tempore
530 3189 731 3254 veneruntad
742 3188 826 3250 mille
839 3187 928 3249 facile
940 3187 1066 3269 pedites,
1079 3197 1112 3250 et
1122 3198 1243 3250 eentum
1257 3190 1423 3266 desultorii,
1436 3194 1527 3254 Aroes

336 3305 457 3366 quoque
471 3285 765 3350 Sehmersehiitaiam
778 3295 809 3347 et
820 3283 1029 3346 Wellisolsium
1039 3285 1179 3348 duostris
1185 3286 1526 3370 iuterosptra,utrimqas

339 3382 522 3445 Presidium
535 3381 825 3465 quadringentorum
838 3379 1018 3443 seleotoram
1031 3381 1163 3444 militum
1172 3381 1325 3446 hostilium
1338 3404 1423 3446 arma
1431 3385 1526 3447 Cesa-

338 3497 390 3540 rea
402 3477 535 3555 admisit,
546 3478 798 3542 Commeudautes
812 3496 884 3538 raro
895 3497 968 3538 euru
976 3477 1198 3542 looamteuaute
1208 3479 1359 3544 Praseoto
1370 3481 1441 3542 item
1453 3481 1524 3543 aule

338 3574 467 3639 Comitis
491 3574 531 3638 de.
551 3574 669 3638 Haditz
692 3585 723 3636 et
741 3572 837 3636 uobili
857 3593 977 3655 quoque
995 3574 1184 3641 adolesoeute
1204 3577 1343 3642 Bolrem
1361 3578 1394 3639 iu
1417 3587 1523 3640 motam

339 3671 506 3736 custodiam
526 3671 654 3734 deduoti·
669 3680 749 3734 suut.
795 3669 865 3734 Nee
884 3669 981 3734 multo
996 3683 1069 3754 post
1092 3672 1223 3744 Roaiam
1248 3685 1417 3738 nostrorum
1437 3676 1524 3738 armis
