3225 4700
360 292 425 357 360
750 288 1172 357 ITINERARIUM.
1531 4 1548 401 i

364 444 503 506 Wimarii
516 445 547 506 iu
560 445 670 506 atrium
682 444 761 506 arcis
773 445 887 527 impetu
901 445 981 507 facto
995 444 1160 526 irrumpere
1176 442 1275 504 conati
1289 450 1369 516 sunt,
1389 458 1474 521 quos
1500 456 1524 495 c

362 544 472 605 obsessi
486 544 583 624 primo
596 544 682 605 aditu
692 544 770 605 saxis
782 543 899 605 tanturn
913 542 1031 604 amoliri
1046 550 1218 616 tentassent,
1233 538 1375 620 suspicati
1391 546 1469 599 sunt
1490 556 1516 594 o

361 641 477 709 dentes,
488 640 520 701 id
530 640 660 722 pulveris
669 640 795 719 penuria
804 640 959 715 accidisse,
973 640 1053 701 unde
1061 638 1222 720 majoribus
1231 636 1345 699 viribus
1353 652 1508 695 accesser-

361 738 415 798 sed
429 738 471 799 ita
488 738 602 819 accepti
619 738 637 799 d
655 736 859 819 praesidiariis,
874 745 910 799 ut
926 756 962 797 eo
979 736 1093 816 impetu
1110 732 1329 816 quinquaginta
1347 727 1535 791 occubueri

360 846 392 895 et
405 835 483 909 iuter
499 854 550 896 eos
568 834 668 896 locum
690 845 793 896 tenens
810 832 948 916 legionis,
960 843 991 893 et
1006 852 1162 915 supremus
1182 829 1355 913 vigiliarum
1370 824 1529 888 Praet’eot

360 951 396 991 ac
411 923 533 1012 insuper
545 931 669 993 ducenti
680 931 768 992 facile
780 930 904 991 sauciati
916 930 947 990 in
962 940 1058 991 castra
1071 928 1224 990 redierint

401 1028 556 1111 Vigesima
567 1030 700 1090 secunda
714 1028 792 1089 Maii
805 1027 921 1109 duplici
934 1028 1090 1107 eruptione
1104 1026 1218 1088 hostem
1233 1024 1323 1086 esuis
1335 1020 1516 1084 munitioni

359 1126 534 1206 abegerunt,
548 1144 584 1185 ac
598 1126 660 1186 duo
673 1133 822 1186 tormenta
835 1124 949 1205 majora
961 1123 1055 1184 clavis
1065 1123 1212 1184 obdurata
1224 1121 1264 1182 sd
1277 1141 1363 1183 usum
1378 1118 1522 1181 ulterior

359 1222 461 1302 inepta
472 1221 679 1283 reddiderunt.

400 1318 520 1379 Interea
532 1318 572 1379 ad
584 1329 681 1378 castra
692 1318 731 1379 de
744 1318 950 1380 caesareorum
963 1318 1096 1379 adventu
1105 1316 1229 1378 allatum
1242 1314 1458 1388 semunciam,
1473 1317 1525 1374 cd

358 1434 417 1495 qne
429 1413 539 1476 Comes
552 1414 591 1475 de
602 1413 756 1475 Guebrian
765 1414 876 1475 certior
886 1424 961 1475 esset
972 1414 1079 1489 factus
1090 1434 1160 1475 cum
1170 1412 1317 1475 Caesareis
1328 1412 1424 1493 Bojos
1434 1410 1505 1471 coii

358 1522 425 1592 post
437 1512 557 1571 brevem
571 1510 816 1572 deliberationem
832 1512 934 1573 statuit
949 1511 1089 1593 expedire
1103 1511 1202 1593 potius
1219 1512 1256 1571 ab
1273 1506 1397 1591 ignobili
1417 1506 1495 1569 loco
1517 1528 1537 1567 c

358 1610 439 1682 dere,
462 1608 555 1687 qubm
578 1607 785 1669 imminentem
807 1607 865 1669 sibi
887 1609 1051 1670 exercitum
1071 1618 1238 1690 expectare,
1260 1606 1329 1669 edm
1352 1626 1422 1667 suas
1450 1598 1564 1687 copim

357 1705 562 1787 imperialibus
570 1704 763 1766 seiretmultb
773 1725 837 1766 esse
845 1704 1010 1766 inferiores.
1051 1704 1099 1766 Ne
1109 1716 1209 1766 taram
1220 1704 1333 1765 inultus
1344 1702 1451 1777 abiret,
1459 1685 1565 1784 jussil

357 1803 582 1864 omniaoiroum
593 1802 737 1884 oppidum
748 1802 815 1864 loca
825 1802 979 1877 succendi,
990 1823 1026 1864 ac
1037 1802 1183 1885 vigesima
1194 1800 1321 1882 septima
1331 1799 1411 1861 Maii
1425 1790 1567 1867 sublatia

356 1901 459 1961 castris
474 1899 641 1961 Novesium
654 1900 711 1959 iter
723 1898 827 1981 dirigi.

398 1995 602 2057 Immortalem
615 1995 736 2055 landem
753 1994 813 2055 loci
834 1994 923 2077 hujus
940 1995 1132 2057 Gubernator
1148 1994 1205 2056 sibi
1217 1994 1273 2055 hae
1286 1994 1378 2055 unica
1392 1994 1563 2056 obsidione

355 2093 542 2177 comparavit
554 2112 645 2173 quem
664 2091 725 2153 und
738 2112 808 2153 cum
822 2091 903 2153 socio
916 2090 1102 2153 dilaudatum
1119 2092 1296 2153 Franciscns
1310 2092 1348 2153 de
1363 2091 1450 2153 Melo
1460 2112 1561 2153 aureo

355 2200 460 2270 torque
478 2188 612 2263 donavit,
630 2187 721 2249 militi
740 2190 812 2250 verb
830 2190 1015 2271 praesidiario
1032 2208 1173 2272 magnam
1192 2189 1327 2269 pecunias
1345 2208 1502 2251 summam
1526 2190 1558 2249 in

354 2286 511 2370 praemium
526 2285 710 2347 fortitudinis
725 2286 962 2348 distribuendam
977 2286 1043 2348 dari
1057 2286 1162 2348 voluit.

397 2383 467 2444 Hoc
482 2384 585 2445 eodem
600 2402 681 2444 anuo
694 2384 782 2444 tertia
795 2385 845 2446 die
864 2384 975 2444 mensis
988 2383 1078 2456 Maii,
1092 2384 1122 2443 in
1144 2404 1235 2464 quam
1251 2383 1416 2445 Dominics
1427 2383 1557 2455 incidit,

357 2480 567 2542 serenissimus
576 2479 736 2542 Archidux
745 2479 915 2562 leopoldus
924 2479 1238 2542 WilbelmusViennae
1249 2482 1381 2542 Austriae
1390 2482 1421 2541 iu
1433 2484 1557 2564 templo

355 2578 396 2639 R.
412 2577 452 2639 R.
467 2578 508 2639 P.
524 2578 563 2638 P.
580 2576 706 2639 Ordinis
720 2577 752 2639 S.
765 2577 931 2661 Augustini
944 2597 1072 2660 maguus
1083 2577 1233 2661 Magister
1247 2577 1373 2640 Ordinis
1386 2579 1554 2642 Teutonici

355 2684 471 2736 oreatus
484 2674 635 2735 solennem
649 2674 859 2735 investituram
872 2675 998 2756 accepit.
1038 2674 1278 2756 comparuerunt
1290 2675 1402 2737 ibidem
1416 2689 1555 2758 quatuor

354 2793 391 2833 ex
409 2771 461 2832 illo
473 2770 578 2832 ordine
593 2769 728 2850 Equites,
746 2770 799 2850 qni
812 2769 984 2853 homagium
1000 2780 1029 2832 et
1045 2771 1199 2833 fidelitatis
1209 2772 1413 2854 jurameutum
1429 2775 1553 2854 praesti-

355 2879 466 2931 terunt.
508 2870 606 2942 Quem
619 2878 720 2930 actum
734 2886 789 2928 sua
800 2868 1012 2949 augustissima
1021 2869 1180 2949 praeseutia
1195 2868 1362 2949 Imperator
1374 2869 1552 2944 bonoravit,

353 2987 447 3047 eoque
460 2965 610 3047 completo
626 2966 688 3026 unt
704 2985 775 3026 cum
790 2963 874 3025 dioto
887 2963 1060 3026 archiduce
1074 2965 1155 3046 apud
1169 2967 1423 3048 Angustissimum
1444 2969 1549 3052 Impe-

353 3063 494 3124 ratricem
510 3062 695 3123 Perdinaudi
709 3060 757 3121 II.
771 3061 897 3123 viduam
912 3060 1090 3123 Eleouoram
1102 3063 1252 3124 accubuit.

394 3159 471 3221 Mox
492 3159 523 3220 in
549 3169 691 3239 sequente
712 3158 736 3220 J
738 3158 810 3219 nnio
836 3157 1048 3220 serenissimus
1070 3159 1226 3242 Neoburgi
1250 3160 1398 3242 Princeps
1417 3163 1441 3224 J
1444 3165 1547 3240 unior,

355 3255 449 3316 Filius
463 3253 651 3316 SereuissImi
665 3253 821 3314 Wilbelmi
836 3253 1032 3336 Neoburgioi,
1045 3254 1211 3316 Warsavise
1229 3257 1332 3337 nupsit
1345 3260 1546 3339 potentissimi

353 3351 536 3414 Polonornm
549 3350 643 3433 Regis
652 3369 793 3412 sororem.
824 3349 888 3411 Ubi
901 3351 1002 3412 omnia
1012 3352 1143 3414 maxima
1155 3354 1317 3415 concordia
1326 3365 1447 3436 peracta
1461 3369 1544 3420 sunt.

351 3448 463 3511 Adfuit
482 3447 603 3508 nomiae
620 3446 750 3508 Caesaris
774 3446 923 3529 Princeps
943 3447 1079 3510 Josnnes
1097 3447 1264 3511 Oasimirus
1284 3451 1422 3514 Polonite
1447 3453 1543 3536 Regis

350 3547 458 3608 frater:
483 3544 605 3606 nomine
626 3543 697 3605 verb
715 3543 931 3625 Hispaniarum
952 3543 1056 3626 Regis,
1078 3545 1227 3628 Princeps
1246 3547 1391 3611 Carolus:
1420 3553 1542 3614 nomine

351 3643 480 3724 denique
495 3641 643 3723 Bojorum
655 3639 753 3702 Ducis
767 3640 935 3722 Episcopus
946 3641 1105 3704 Boseusis:
1127 3653 1201 3707 utet
1211 3643 1341 3729 Legatus
1352 3645 1538 3710 Sereuissimi
