3225 4700
338 333 397 393 118
720 321 1124 391 ITINERARIUM.

331 480 512 562 capitaneos
528 476 664 561 peditum
679 478 787 539 turmis
803 476 969 558 prefectos.
1010 474 1118 539 Senior
1132 472 1280 555 Princeps
1294 472 1449 535 Palatinus
1464 472 1531 535 Cs-

330 577 412 639 rolus
430 576 612 648 Ludovious,
624 594 696 637 cum
707 572 844 635 essedum
857 572 940 654 quod
957 592 1010 635 sex
1021 571 1154 655 insignes
1167 569 1237 651 equi
1250 568 1417 644 trahebant,
1432 568 1531 631 celeri

330 674 404 756 t'nga
416 692 569 748 evasurus,
583 669 817 746 conscendisset,
828 669 986 751 Visurgim
998 678 1115 731 banasa
1128 684 1286 749 aggressus
1298 676 1354 737 est,
1365 686 1437 727 oum
1450 664 1529 728 verb

329 770 361 831 iu
380 769 523 831 ceteriore
538 768 604 849 sipi
620 776 700 829 terra
715 774 793 827 esset
809 765 913 827 elatior
929 765 1020 847 quim
1033 774 1068 827 ut
1081 764 1150 845 equi
1164 762 1237 825 eniti
1254 771 1384 843 possent,
1398 782 1527 824 currum

328 865 451 946 reliquit
466 875 499 927 et
513 864 592 927 inter
608 862 714 925 salices
729 861 859 925 multum
878 861 1018 937 luctatus,
1037 859 1195 923 incolumis
1213 858 1333 921 tandem
1354 859 1386 919 in
1405 858 1526 921 siccum

327 961 493 1035 exsceudit,
512 970 543 1022 et
563 960 656 1042 pedes
673 959 845 1023 ulteriorem
865 958 992 1021 salutem
1013 957 1131 1020 Mindm
1150 953 1299 1038 quesivit,
1322 976 1428 1017 currus
1448 956 1524 1018 verb

327 1077 398 1119 cum
418 1056 504 1138 equis
519 1065 550 1118 et
565 1054 671 1138 nurigi
687 1054 812 1137 Visurgi
831 1056 940 1130 obruti,
960 1054 1121 1137 perierunt.
1171 1053 1210 1115 Iu
1231 1049 1298 1113 loco
1317 1051 1414 1135 praelii
1436 1050 1525 1113 mille

326 1152 449 1215 (insonti
478 1152 627 1214 numerati
649 1159 720 1213 sunt
741 1150 843 1225 occisi,
862 1160 973 1230 praeter
989 1170 1050 1226 eos,
1069 1150 1122 1231 qui
1140 1149 1171 1211 in
1189 1147 1282 1229 sylvis
1300 1158 1331 1211 et
1355 1147 1443 1229 aquis
1470 1158 1526 1210 sut
1601 1234 1602 1237 Ἴ

323 1248 396 1311 alibi
406 1268 477 1309 eum
490 1248 639 1329 fugerant,
650 1254 778 1309 mortem
790 1246 938 1308 obierunt.
973 1246 1195 1308 EOoesareanis
1207 1256 1315 1328 praeter
1322 1246 1389 1327 jam
1403 1244 1525 1306 dictum

326 1344 453 1407 Petrum
467 1344 612 1406 Gorsium
625 1342 775 1407 interlecti
787 1352 860 1405 sunt
869 1342 1043 1405 Oolouellus
1053 1342 1156 1423 Tyrell
1171 1342 1290 1405 natione
1305 1342 1446 1415 Ibernns,
1456 1340 1524 1403 ani·

323 1463 374 1504 mo
385 1441 474 1503 miles
487 1440 520 1499 in
536 1438 640 1519 paucis
654 1438 803 1523 egregius,
818 1438 900 1519 quod
916 1438 1015 1520 ipsum
1028 1438 1086 1520 ipsi
1100 1458 1220 1520 quoque
1236 1438 1334 1501 hostes
1349 1459 1410 1501 non
1426 1436 1523 1499 semel

323 1537 394 1598 sassi
407 1544 478 1597 sunt
490 1544 521 1596 et
533 1535 649 1617 experti
656 1557 667 1613 5
689 1556 768 1597 nnus
777 1534 1044 1598 Vico-Colonellus
1057 1555 1128 1597 oum
1142 1536 1287 1599 militibus
1299 1534 1446 1619 gregariis
1458 1554 1522 1595 non

322 1632 392 1715 plus
404 1632 614 1715 quodraginta.

364 1728 476 1811 Pugni
489 1727 625 1790 confecti
638 1726 797 1789 Generalis
812 1735 912 1791 noste
925 1728 1035 1791 Comes
1048 1728 1087 1791 de
1102 1726 1270 1805 Hatnfeldt,
1286 1727 1387 1811 copies
1402 1738 1521 1790 nostras

321 1824 355 1885 in
383 1824 557 1887 comitatum
582 1824 751 1906 Lipiensem
773 1824 892 1886 traduci
915 1823 1021 1900 voluit,
1046 1833 1077 1886 et
1099 1824 1202 1906 paucis
1225 1824 1331 1887 diebus
1353 1824 1520 1905 quiescere.

321 1919 476 2003 Vigesimb
488 1929 520 1982 et
531 1919 664 1983 secundi
674 1919 813 1982 Octobris
826 1920 972 2002 Princeps
984 1920 1144 1983 Palatinus
1154 1920 1303 1983 Robertus
1314 1941 1384 1983 cum
1393 1920 1520 2002 reliquis

321 2018 451 2100 captivis
464 2017 718 2099 Wsrendorpinm
731 2016 881 2079 deductus
893 2026 949 2079 est.

362 2114 435 2176 Non
448 2134 568 2197 possum
581 2112 632 2175 bic
644 2113 880 2194 pretermittere,
895 2113 968 2194 quin
981 2113 1164 2175 mentionem
1183 2112 1291 2176 faciam
1306 2111 1520 2177 humanissimi

320 2211 403 2273 illius
416 2219 590 2284 conventus,
605 2211 657 2291 qui
671 2211 710 2271 ad
722 2209 927 2273 lenthmaritn
940 2209 1058 2271 babitus
1072 2220 1117 2272 est
1129 2212 1167 2272 ab
1184 2210 1405 2292 Augustissimo
1415 2210 1520 2292 Impe-

321 2316 418 2371 ratore
436 2316 537 2370 nostro
555 2306 747 2369 Ferdinando
767 2306 836 2368 111.
855 2317 887 2370 et
906 2306 1101 2370 Serenissimo
1119 2305 1258 2370 Senoniae
1277 2306 1364 2369 Duce
1382 2315 1413 2368 st
1428 2306 1520 2370 Elec·

318 2415 394 2480 tore,
407 2405 440 2467 in
454 2425 513 2486 quo
525 2404 564 2466 de
576 2403 686 2465 summi
704 2403 848 2465 momenti
864 2403 993 2486 negotiis
1008 2412 1110 2464 actum
1123 2413 1177 2466 est.
1220 2405 1398 2467 Deduxerat
1414 2425 1517 2467 secum

319 2501 473 2563 Saxonum
493 2501 577 2573 Dux,
591 2508 626 2560 ut
638 2499 753 2562 Coesari
771 2499 974 2582 gratularetur
992 2499 1162 2581 imperiales
1182 2501 1320 2576 bonores,
1333 2510 1364 2562 et
1381 2500 1516 2584 insignes

317 2586 356 2660 ab
373 2597 507 2659 hostibus
522 2603 685 2677 reportatas
700 2596 852 2673 victorias,
866 2595 1095 2678 quaternionem
1110 2597 1243 2660 filiorum
1257 2617 1379 2660 suorum
1394 2596 1517 2660 Princi-

317 2714 400 2775 pum,
414 2712 490 2773 quos
500 2693 604 2755 Cesar
616 2691 796 2754 amicissime
806 2693 1006 2756 consalutatos
1019 2693 1125 2755 intime
1141 2694 1315 2775 complexus
1328 2703 1383 2767 est,
1393 2694 1517 2756 iisdem-

317 2810 377 2872 qus
389 2787 553 2872 magnifici
564 2788 654 2870 plane
664 2797 694 2849 et
704 2788 803 2872 Regii
814 2789 976 2870 Majestate
989 2789 1085 2871 digna
1095 2789 1176 2851 donn
1187 2789 1339 2851 distribuit
1349 2811 1359 2866 3
1380 2810 1417 2852 ac
1428 2790 1516 2854 Sere-

316 2886 441 2948 nissimo
456 2883 580 2966 quidem
596 2882 721 2946 Parsuti
738 2883 870 2946 Electori
883 2903 918 2946 ac
933 2884 1015 2947 Duoi
1034 2885 1182 2948 Fesedum
1200 2885 1379 2949 Holoserico
1395 2889 1514 2970 magni·

316 2983 375 3046 lies
391 2992 514 3055 tectum,
528 3001 601 3044 anre
618 2989 802 3064 argentoque
819 3001 909 3064 supra
926 2980 1094 3042 Caesaream
1109 2981 1292 3064 opulentiam
1307 2981 1513 3066 splendidum,

317 3081 401 3160 quod
413 3099 465 3140 sex
478 3077 560 3158 Equi
573 3077 794 3160 generosissimi
804 3077 971 3140 trabebant.
1006 3078 1180 3140 Senioribus
1190 3079 1305 3142 duobus
1316 3078 1513 3162 Principibus

318 3175 402 3236 Daci
414 3175 530 3236 Jonnni
543 3174 676 3256 Georgio
689 3183 721 3236 et
734 3172 818 3236 Duoi
833 3177 985 3257 Augusto,
1000 3175 1097 3236 cuivis
1115 3195 1227 3256 equum
1243 3185 1350 3238 ornatu
1365 3178 1513 3257 precioso

317 3269 586 3353 opulentissimum,
597 3269 741 3332 munifice
755 3268 897 3354 elargitus
910 3280 964 3344 est,
975 3269 998 3331 J
999 3270 1157 3332 uuioribus
1169 3271 1240 3334 verb
1255 3271 1394 3334 Ducibus
1408 3272 1512 3335 Chris·

316 3368 401 3430 tiano
413 3376 444 3429 et
458 3365 614 3442 diceritis,
622 3367 702 3428 siem
711 3375 742 3428 et
750 3365 912 3449 praecipuis
923 3365 1077 3429 Saxonum
1086 3365 1215 3445 Aulicis,
1226 3369 1377 3451 preciosos
1390 3379 1511 3452 torques

316 3483 421 3526 aureas
433 3483 489 3544 pro
502 3461 649 3545 dignitate
661 3471 692 3523 et
704 3461 811 3523 merito
824 3463 968 3544 cujusvis,
984 3464 1064 3526 dono
1077 3464 1171 3526 dedit.

356 3560 478 3622 Interes
488 3557 583 3621 nostri
591 3558 717 3620 victorii
725 3557 779 3619 soi
788 3569 894 3621 contm
904 3558 1057 3622 Palatinos
1070 3559 1117 3622 usi
1129 3559 1363 3646 Cloppenburgc
1375 3563 1505 3646 primrlm

314 3658 346 3719 in
360 3656 545 3722 deditionem
557 3664 689 3738 accepto,
703 3675 904 3736 suspensoque
917 3677 955 3720 ex
970 3655 1075 3720 infami
1084 3677 1180 3722 cruos
1193 3659 1258 3740 ejus
1273 3659 1332 3723 loci
1347 3659 1506 3737 Pmeea,
