3225 4700
490 360 898 432 ITINERARIUM.
1225 360 1286 426 ³71

137 513 343 596 spremberga
356 514 455 597 puella
465 518 611 578 novennis
621 517 729 598 saepius
740 516 779 577 de
789 514 838 576 die
851 513 960 575 mentis
969 531 1122 575 excessum
1134 529 1229 593 passa,
1244 509 1289 572 at·

93 631 155 690 que
176 612 216 672 sd
235 631 268 674 se
290 633 417 688 reversa,
440 613 570 693 plurima
589 613 707 674 occulta
727 611 864 673 edicebat
882 618 912 672 et
931 609 1047 671 futuros
1066 619 1191 670 eventus
1212 628 1288 688 pra·

95 708 225 769 dicebat.

138 805 248 886 Lipsiae
266 815 439 888 stagnantes
459 827 553 887 aquas
574 806 606 868 iu
625 805 802 887 sanguinem
829 823 990 865 conversas
1015 803 1134 865 duobus
1161 803 1287 864 disemis

94 887 171 962 locis
184 911 252 963 aute
266 903 381 973 urbem,
394 925 456 966 nou
469 902 575 984 procul
588 903 607 963 a
622 901 718 964 Porta
729 901 761 962 S.
774 901 860 962 Petri
870 902 1110 964 constantissima
1121 901 1189 964 tulit
1198 902 1288 964 fama.

95 997 176 1070 Qua
189 998 310 1078 quidem
323 1019 401 1080 aqua
413 1001 480 1082 ipso
491 999 613 1062 octiduo
626 1019 695 1060 cum
708 998 844 1058 omnium
859 997 1057 1059 admiratione
1067 999 1217 1060 erubuisse
1226 999 1291 1060 visa

94 1106 152 1156 est.
193 1093 232 1156 In
253 1095 534 1179 Magdeuburgensi
555 1095 828 1177 Archiepiscopatu
846 1094 931 1156 locus
949 1104 994 1156 est
1011 1095 1182 1156 nominatus
1199 1115 1289 1176 quem

96 1191 272 1274 Laburgum
286 1193 447 1275 appellant,
463 1195 514 1255 ubi
528 1193 670 1275 sulphure
682 1193 770 1274 pluit.

137 1288 247 1349 Mense
265 1289 289 1351 J
292 1289 364 1350 unio
382 1301 517 1370 repertus
536 1301 580 1353 est
599 1301 709 1371 pastor,
729 1290 776 1350 vir
794 1288 927 1350 moribus
942 1288 1081 1370 simplex,
1095 1288 1148 1349 sed
1163 1297 1291 1350 astumm

95 1397 217 1466 gestans
238 1387 294 1448 sub
315 1397 437 1467 pectore
457 1387 589 1469 vulpem,
614 1386 666 1467 qui
688 1407 774 1448 suam
794 1406 915 1469 operam
937 1386 1292 1448 Gallo-wimariensibus

96 1503 154 1563 pro
168 1483 287 1544 nunciis
305 1483 475 1546 deferendis
494 1483 718 1563 referendisque
736 1482 853 1557 obtulit,
872 1503 908 1543 uc
928 1482 1026 1543 varias
1042 1481 1245 1564 expeditiones
1259 1481 1290 1542 in

96 1579 281 1660 explorando
301 1579 429 1641 feliciter
448 1580 553 1642 obivit.
596 1579 658 1642 Sed
676 1600 747 1641 cum
764 1579 897 1640 crebrior
916 1589 1039 1660 apparet
1055 1579 1086 1640 in
1105 1579 1210 1640 castris
1223 1577 1292 1639 Cre·

9 1752 10 1757 ¹
95 1675 199 1748 sarcis,
214 1685 245 1736 et
257 1676 348 1738 certis
361 1677 547 1758 temporibus
560 1676 721 1748 evanescit,
735 1676 767 1736 iu
780 1675 981 1756 suspicionem
996 1675 1080 1736 venit
1099 1674 1185 1736 malae
1198 1674 1289 1750 fidei3

97 1773 170 1834 inde
186 1772 287 1834 nescio
301 1775 332 1833 in
348 1793 409 1854 quo
421 1773 554 1836 hoiuors
566 1772 808 1854 comprehensus,
822 1774 935 1834 crimen
950 1771 1127 1853 proditionis
1140 1772 1291 1853 objicitur,

96 1869 219 1950 culpam
240 1879 397 1950 postquam
419 1869 535 1931 diutule
559 1877 758 1950 pernegasset,
784 1868 905 1930 mudena
932 1866 1102 1943 confitetur,
1128 1887 1163 1928 ac
1185 1867 1292 1948 laqueo

99 1965 168 2026 luit.

141 2062 180 2122 Iu
191 2071 332 2142 sequente
346 2083 446 2124 mense
460 2063 484 2125 J
485 2063 545 2125 ulio
558 2063 634 2125 dum
647 2083 694 2125 res
707 2063 884 2124 necessaria
897 2081 933 2124 ex
945 2060 1075 2123 Caesaris
1088 2061 1156 2122 aula
1170 2060 1293 2142 navigio

98 2159 246 2239 impositas
259 2159 292 2218 in
304 2159 427 2220 alteram
442 2159 578 2222 Danubii
590 2161 686 2241 ripam
700 2159 953 2233 transmittuntur,
967 2158 1008 2218 sd
1021 2156 1147 2238 triginta
1159 2177 1222 2216 sese
1240 2157 1292 2216 bo-

100 2256 196 2316 mines
216 2255 371 2316 turmatim
391 2255 422 2316 in
444 2257 583 2337 scapham
603 2258 763 2340 ingessere,
781 2256 824 2317 ita
836 2269 870 2317 ut
884 2256 952 2336 jam
970 2275 1047 2316 onus
1064 2255 1184 2336 gravius
1205 2265 1292 2329 esset,

99 2373 192 2435 quam
210 2354 293 2433 quod
311 2373 397 2433 aquae
414 2353 491 2415 ferre
508 2366 645 2436 possent:
677 2354 795 2415 monuit
815 2354 853 2415 de
872 2352 1004 2433 periculo
1017 2361 1119 2427 nauta,
1135 2363 1163 2413 et
1176 2353 1295 2435 rogavit

9 2508 11 2527 ‚
100 2459 133 2511 ut
147 2448 326 2509 excessione
343 2448 432 2519 sacta,
447 2453 555 2511 navem
572 2450 757 2530 aliquantum
777 2449 976 2524 sublevarent,
991 2449 1117 2510 sednon
1136 2450 1292 2530 persuasit,

99 2544 279 2625 quinetiam
292 2546 481 2627 gravioribus
489 2546 586 2609 verbis
595 2546 697 2627 jussus
708 2566 813 2607 navem
827 2566 1012 2626 promovere,
1028 2545 1060 2607 id
1070 2547 1150 2626 quod
1161 2546 1294 2627 periculo

100 2642 318 2704 obstinatorum
333 2642 413 2703 fecit

142 2738 203 2799 Vix
216 2738 348 2799 medium
364 2738 500 2799 Danubii
514 2750 663 2809 enaverat,
678 2759 748 2799 cum
762 2740 848 2799 navis
862 2739 992 2820 pondere
1005 2759 1144 2821 oppressa
1155 2740 1293 2815 subsidit,

99 2835 262 2915 omniaque
276 2855 344 2915 quta
358 2835 543 2898 vehebantur
558 2857 627 2898 cum
646 2836 829 2909 bominibus,
845 2838 922 2896 inter
935 2856 1010 2916 quos
1025 2835 1154 2897 Aulicus
1168 2846 1231 2897 erat
1243 2857 1294 2897 co·

100 2954 190 3013 quus,
203 2933 290 3011 aquis
303 2932 430 3012 sepeliit.
472 2933 579 2995 Evasit
593 2934 699 2995 unicus
711 2953 784 3014 puer
797 2933 849 3013 qui
866 2932 941 2993 duos
955 2933 1105 2993 venaticos
1119 2953 1206 2993 canes
1223 2932 1295 2994 loris

10 3099 18 3127 ἃ
100 3028 240 3110 alligatos
255 3028 396 3102 ducebat,
413 3028 463 3089 hic
482 3014 563 3091 enim
583 3052 653 3092 cum
674 3029 834 3091 fortissime
852 3039 965 3091 teneret
986 3030 1096 3101 lorum,
1114 3050 1203 3090 canes
1221 3031 1292 3092 verb

9 3157 11 3182 t
101 3125 233 3186 anamodo
252 3124 435 3187 eniterentur
452 3125 483 3186 in
504 3127 717 3201 coutinentem,
736 3126 768 3187 in
789 3138 887 3188 tutum
905 3137 1072 3207 protractus
1087 3136 1141 3197 est,
1155 3138 1185 3188 et
1203 3128 1292 3188 vitam

100 3220 156 3281 illa
170 3220 236 3281 vice
248 3222 375 3282 canibus
388 3222 492 3284 debuit
505 3224 660 3306 prolatam.

142 3317 355 3379 Veriverbium
372 3331 428 3393 est,
442 3340 537 3402 parva
552 3341 632 3402 saepe
644 3321 777 3385 scintilla
794 3341 938 3403 magnum
952 3321 1095 3382 excitavit
1107 3321 1291 3383 incendium.

9 3477 10 3480 ,
101 3418 269 3479 Geminum
294 3418 353 3480 buc
374 3420 486 3500 adjicio
505 3418 570 3498 ejus
589 3419 744 3479 sententiaa
764 3419 989 3480 documentum.
1026 3417 1147 3499 Agebat
1166 3416 1293 3479 Viennae

101 3516 236 3577 Austrise
256 3516 354 3577 Italus
374 3516 546 3598 ingeniosas
562 3513 716 3576 machinas
730 3514 809 3595 pyrii
828 3513 960 3596 pulveris
978 3514 1086 3575 virtute
1101 3532 1218 3594 parans.
1263 3515 1295 3575 la

101 3610 158 3670 sub
178 3630 332 3692 vesperam
353 3613 446 3693 portis
467 3612 621 3695 egreditur
643 3622 678 3673 ut
696 3613 846 3692 specimen
869 3632 930 3673 suaa
949 3613 1021 3673 artis
1040 3612 1150 3686 ederet,
1172 3622 1202 3672 et
1222 3632 1297 3693 quos

10 3712 16 3722 ’
100 3708 273 3789 propediem
287 3708 401 3771 Caesari
412 3719 477 3772 erat
487 3728 666 3771 accensurus
676 3709 772 3791 ignes,
785 3710 945 3770 missilibus
956 3710 1035 3770 tubis
1046 3710 1201 3789 probaret:
1223 3709 1296 3771 dum
