3225 4700
305 307 372 374 404
708 299 1118 371 Il'INERARIUM.

246 511 254 526 .
311 460 422 536 stituit,
448 466 481 519 ut
501 459 542 520 ad
563 465 689 520 mortem
710 457 760 540 pie
780 468 812 520 et
831 457 932 539 quiete
955 458 1122 520 obeundam
1143 456 1255 518 rectius
1276 475 1307 516 se
1335 453 1546 535 disponeret·
1582 472 1584 475 ’

316 558 397 618 Eum
412 555 445 616 iu
458 555 551 616 tinem
565 555 724 616 accersivit
733 576 825 637 quem
836 556 987 617 bsecretis
997 555 1055 616 sibi
1068 575 1132 617 esso
1145 553 1292 628 voluerat,
1302 552 1394 632 eique
1406 549 1547 611 ultimae

193 728 197 734 ἐ
316 652 481 714 voluntatis
495 671 558 713 sua
573 651 753 713 documento
764 651 881 713 calamo
892 651 1070 734 excipienda
1082 661 1112 713 et
1125 649 1239 713 cbartoe
1248 647 1446 712 inscribenda
1463 663 1545 727 pro-

317 749 426 831 posuit.
467 748 527 810 llla
539 747 647 810 eidem
659 748 720 830 qud
732 749 903 830 accepimus
916 748 989 821 lide,
1004 747 1064 810 hoe
1078 747 1293 810 adscribemus.

360 845 535 908 Ludovicus
544 845 605 906 Dei
614 846 711 928 gratia
721 845 788 908 Rex
798 845 936 907 Francia
946 855 977 907 et
989 844 1221 918 Navarrse,&c:
1243 842 1546 921 omnibuspraesen·
1587 814 1589 870 l

320 942 401 1005 tibus
420 952 451 1004 et
466 941 613 1004 secuturis
631 941 757 1004 salutem
776 953 807 1004 et
826 942 1065 1024 prosperitatem.
1109 941 1157 1002 Ex
1174 961 1234 1022 quo
1252 939 1292 1001 ad
1310 937 1398 1020 regni
1412 937 1546 1019 guber·

321 1038 432 1100 nacula
443 1038 559 1100 admoti
574 1059 688 1113 sumus,
704 1048 765 1100 tem
780 1039 943 1120 propitium
964 1058 1082 1120 semper
1095 1038 1232 1100 divinum
1249 1035 1395 1098 sensimus
1409 1053 1544 1095 numen

323 1145 358 1197 nt
369 1156 406 1196 ex
427 1136 567 1197 omnibus
586 1135 754 1198 actionibus
767 1137 877 1198 nostris
898 1137 963 1219 ejus
982 1135 1266 1216 bonitatem-aperte
1286 1133 1462 1196 elucentem
1481 1151 1546 1212 ag·

325 1251 509 1292 noverimus.

363 1329 478 1390 Vervlm
496 1329 579 1390 enim
600 1328 672 1391 verb
691 1328 760 1390 edm
784 1329 803 1391 d
824 1329 958 1412 pauxillo
977 1349 1072 1411 puero
1093 1329 1195 1392 nescio
1218 1328 1271 1410 qui
1298 1327 1420 1410 publica
1442 1325 1544 1407 pacis

323 1425 542 1508 perturbatores
560 1445 663 1486 ansam
679 1427 876 1509 arripuissent
891 1427 1061 1489 communis
1082 1426 1316 1488 interturbaudae
1334 1423 1459 1506 quietis,
1486 1443 1546 1483 eos

325 1542 394 1582 mox
413 1523 538 1582 dextera
558 1521 685 1583 Domini
703 1524 822 1599 evertit,
841 1524 1015 1607 prinsquam
1032 1523 1090 1605 ipsi
1111 1523 1358 1605 tranquillitatem
1372 1520 1465 1602 regni
1490 1519 1543 1580 la-

325 1618 520 1692 befactarent,
534 1618 627 1700 idque
644 1619 779 1682 maximo
793 1630 895 1682 nostro
910 1620 1082 1691 commodo,
1095 1631 1127 1682 et
1140 1619 1283 1702 potentiue
1302 1626 1413 1679 nostrae
1427 1618 1545 1678 incre·

327 1725 439 1776 mento.
482 1715 549 1776 Nec
567 1715 664 1778 multb
683 1726 751 1799 post
765 1718 888 1778 modurn
908 1737 979 1778 cum
996 1715 1207 1778 baereticorum
1227 1716 1311 1778 furor
1326 1715 1358 1776 in
1372 1714 1465 1796 regni
1480 1735 1543 1795 po·

325 1811 455 1873 tissimus
468 1823 566 1892 partes
583 1823 615 1874 et
627 1814 798 1895 provincias
816 1814 1018 1876 debacchatus
1035 1823 1123 1890 esset,
1138 1834 1174 1874 ac
1189 1813 1382 1894 Majestatem
1396 1813 1543 1896 Regiam

325 1909 511 1990 supprimere
529 1908 741 1981 adlaborasset,
755 1931 825 1972 eum
845 1911 953 1972 nostris
972 1911 1106 1973 consiliis
1118 1911 1296 1973 dexteritate
1308 1918 1338 1972 et
1354 1910 1452 1970 armis
1467 1931 1544 1971 rna-

326 2006 393 2067 ture
403 2006 620 2087 praevertimus,
635 2017 667 2068 et
678 2008 798 2068 veritati
811 2008 923 2069 eversis
937 2007 1037 2090 impiis
1050 2007 1309 2090 superstitionibus
1322 2007 1520 2090 subegimus.

368 2101 469 2163 Simili
482 2103 575 2164 modo
588 2123 659 2164 eum
672 2103 808 2164 animum
822 2104 861 2164 ad
874 2123 958 2165 erma
970 2103 1182 2185 adjecissemus
1196 2124 1250 2185 pro
1269 2104 1389 2165 tuendis
1406 2123 1545 2186 oppres-

325 2199 367 2261 sis
380 2208 410 2260 et
427 2199 639 2261 eonfoederatis
656 2200 775 2274 nostris,
791 2199 832 2261 ad
850 2199 972 2261 oculum
993 2199 1234 2261 manifestissime
1254 2200 1389 2262 diuinam
1412 2204 1544 2282 experti

326 2317 430 2359 sumus
440 2296 692 2373 benedictionem,
708 2297 830 2379 quaudo
845 2306 888 2360 tot
901 2317 955 2359 uos
968 2296 1053 2359 suxit
1068 2296 1211 2369 victoriis,
1222 2305 1257 2359 ut
1267 2295 1397 2360 bostium
1411 2310 1542 2363 nostro-

327 2414 393 2455 rum
418 2394 622 2476 arrogantiam
649 2393 761 2456 elidere
785 2414 949 2476 possemus.
989 2394 1044 2455 Ad
1065 2403 1233 2455 extremum
1260 2414 1331 2456 cum
1356 2395 1541 2459 Galliarum

230 2533 234 2541 -
327 2510 454 2572 regnum
469 2500 535 2571 post
548 2502 675 2552 mortem
689 2500 823 2553 nostram
842 2490 995 2552 videretur
1009 2490 1135 2551 viduum
1148 2490 1319 2554 heredibus
1336 2503 1366 2555 et
1378 2514 1540 2556 successo-

327 2588 411 2648 ribus
436 2587 570 2648 fnturum
595 2608 632 2647 ex
655 2587 820 2669 improviso
846 2587 1042 2649 afflictissime
1069 2587 1240 2650 valetudine
1267 2589 1343 2651 mibi
1370 2590 1539 2669 laboranti,

328 2683 451 2766 gemini
464 2682 547 2765 prole
560 2683 692 2745 masculi
703 2704 759 2747 nos
772 2684 874 2747 beavit
887 2694 917 2746 et
927 2684 1022 2760 auxit,
1032 2705 1099 2766 quae
1110 2686 1236 2769 vestigia
1246 2696 1348 2750 nostra
1359 2702 1539 2771 premerent

328 2791 359 2843 et
372 2789 497 2862 paterna
504 2780 577 2861 jura
588 2788 754 2842 tuerentur.

372 2877 493 2938 Interea
505 2888 536 2937 et
549 2876 655 2937 divina
671 2876 833 2939 clementia
847 2898 901 2939 uos
915 2876 946 2937 in
961 2876 1202 2959 potentissimum
1218 2880 1350 2963 Europa
1362 2883 1535 2966 principem

328 2972 469 3054 elegerat,
484 2971 600 3055 placuit
612 2982 713 3034 tamen
728 2972 828 3034 eidem
843 2973 928 3034 nobis
941 2974 1099 3035 ostendere
1112 2976 1198 3056 aeqne
1216 2977 1346 3060 Regiam
1361 2978 1535 3062 Mejeststis

328 3069 534 3131 conditionem
561 3068 700 3131 humanis
719 3070 875 3151 subjacere
894 3068 1063 3145 eventibus,
1085 3078 1115 3132 et
1138 3074 1347 3136 communibus
1372 3074 1532 3137 bominum

330 3166 469 3242 miseriis,
488 3168 579 3249 quiem
597 3167 718 3229 infimos
734 3168 766 3229 in
785 3168 872 3250 plebe
890 3169 1095 3232 mediastinos.
1139 3169 1275 3250 Ideoque
1289 3191 1327 3232 ne
1344 3172 1421 3253 quid
1438 3194 1532 3254 supra

330 3263 466 3325 bomines
474 3283 646 3346 superemus
654 3264 755 3339 sltids,
768 3264 914 3347 permisit,
924 3276 959 3327 ut
968 3264 1108 3329 humanis
1116 3265 1266 3347 periculis,
1276 3268 1403 3340 casibus,
1412 3278 1443 3329 et
1450 3290 1533 3331 mor·

329 3361 436 3421 borum
449 3360 669 3422 calamitatibus
690 3360 818 3423 aliorum
838 3382 921 3423 more
935 3362 1107 3425 mortalium
1120 3364 1372 3425 submitteremur.
1410 3364 1533 3438 Quibus

329 3458 410 3520 docti
429 3477 532 3519 sumus
549 3458 655 3538 quanti
673 3468 821 3520 nostrast
841 3458 933 3519 totius
954 3460 1039 3542 regni
1057 3460 1151 3521 nostri
1171 3479 1207 3521 ac
1228 3460 1416 3523 subditorum
1439 3462 1532 3525 inter-

330 3565 408 3615 esset
420 3567 455 3617 ut
469 3556 585 3615 mature
599 3554 631 3614 in
645 3574 765 3616 omnem
780 3555 849 3617 vitm
863 3555 1026 3636 mortisque
1040 3568 1181 3621 eventum
1196 3557 1386 3639 prosperitati
1399 3568 1429 3620 et
1440 3561 1530 3621 saluti

329 3652 463 3712 omnium
478 3651 726 3734 prospiceremus.
