<?xml version="1.0" encoding="UTF-8"?>
<!DOCTYPE html PUBLIC "-//W3C//DTD XHTML 1.0 Transitional//EN"
    "http://www.w3.org/TR/xhtml1/DTD/xhtml1-transitional.dtd">
<html xmlns="http://www.w3.org/1999/xhtml" xml:lang="en" lang="en">
 <head>
  <title>
</title>
<meta http-equiv="Content-Type" content="text/html;charset=utf-8" />
  <meta name='ocr-system' content='tesseract 3.04.00' />
  <meta name='ocr-capabilities' content='ocr_page ocr_carea ocr_par ocr_line ocrx_word'/>
</head>
<body>
  <div class='ocr_page' id='page_1' title='image "./itinerariumthom00kerngoog_0226.png"; bbox 0 0 3225 4700; ppageno 0'>
   <div class='ocr_carea' id='block_1_1' title="bbox 324 336 1085 405">
    <p class='ocr_par' dir='ltr' id='par_1_1' title="bbox 324 336 1085 405">
     <span class='ocr_line' id='line_1_1' title="bbox 324 336 1085 405; baseline 0.001 -2"><span class='ocrx_word' id='word_1_1' title='bbox 324 340 386 405; x_wconf 84' lang='lat'><strong>142</strong></span> <span class='ocrx_word' id='word_1_2' title='bbox 751 337 906 403; x_wconf 80' lang='lat' dir='ltr'><em>DEDI</em></span> <span class='ocrx_word' id='word_1_3' title='bbox 909 336 972 403; x_wconf 85' lang='lat' dir='ltr'><strong>CA</strong></span> <span class='ocrx_word' id='word_1_4' title='bbox 985 337 1041 403; x_wconf 77' lang='lat' dir='ltr'><strong>TI</strong></span> <span class='ocrx_word' id='word_1_5' title='bbox 1046 336 1085 404; x_wconf 90' lang='lat'><strong>0.</strong></span> 
     </span>
    </p>
   </div>
   <div class='ocr_carea' id='block_1_2' title="bbox 320 476 1595 570">
    <p class='ocr_par' dir='ltr' id='par_1_2' title="bbox 320 476 1595 570">
     <span class='ocr_line' id='line_1_2' title="bbox 320 476 1595 570; baseline -0.003 -24"><span class='ocrx_word' id='word_1_6' title='bbox 320 479 1075 570; x_wconf 83' lang='lat' dir='ltr'><strong>meamorducit,quoferorinGenerosissimam</strong></span> <span class='ocrx_word' id='word_1_7' title='bbox 1085 478 1272 567; x_wconf 87' lang='lat' dir='ltr'><strong>Prosapiam</strong></span> <span class='ocrx_word' id='word_1_8' title='bbox 1281 476 1520 557; x_wconf 87' lang='lat' dir='ltr'><strong>Butlerianam,</strong></span> <span class='ocrx_word' id='word_1_9' title='bbox 1591 541 1595 552; x_wconf 87' lang='grc'>,</span> 
     </span>
    </p>
   </div>
   <div class='ocr_carea' id='block_1_3' title="bbox 1583 563 1606 1695">
    <p class='ocr_par' dir='ltr' id='par_1_3' title="bbox 1583 563 1608 2019">
     <span class='ocr_line' id='line_1_3' title="bbox 1583 563 1598 1134; baseline 0 0"><span class='ocrx_word' id='word_1_10' title='bbox 1583 563 1598 1134; x_wconf 89' lang='lat' dir='ltr'><strong>l</strong></span> 
     </span>
     <span class='ocr_line' id='line_1_4' title="bbox 1589 1141 1606 1695; baseline 0 324"><span class='ocrx_word' id='word_1_11' title='bbox 1589 1141 1606 1695; x_wconf 71' lang='lat' dir='ltr'><strong>l</strong></span> 
     </span>
    </p>
   </div>
   <div class='ocr_carea' id='block_1_4' title="bbox 310 580 1522 1692">
    <p class='ocr_par' dir='ltr' id='par_1_4' title="bbox 319 580 1522 1387">
     <span class='ocr_line' id='line_1_5' title="bbox 321 580 1521 673; baseline -0.005 -24"><span class='ocrx_word' id='word_1_12' title='bbox 321 587 413 672; x_wconf 88' lang='lat' dir='ltr'><strong>cujus</strong></span> <span class='ocrx_word' id='word_1_13' title='bbox 429 585 614 673; x_wconf 72' lang='lat' dir='ltr'><strong>Magnifica</strong></span> <span class='ocrx_word' id='word_1_14' title='bbox 623 585 749 650; x_wconf 79' lang='lat' dir='ltr'>Laudes</span> <span class='ocrx_word' id='word_1_15' title='bbox 761 606 826 649; x_wconf 87' lang='lat' dir='ltr'><strong>non</strong></span> <span class='ocrx_word' id='word_1_16' title='bbox 836 585 1000 649; x_wconf 81' lang='lat' dir='ltr'><strong>minimam</strong></span> <span class='ocrx_word' id='word_1_17' title='bbox 1015 592 1137 670; x_wconf 88' lang='lat' dir='ltr'><strong>partem</strong></span> <span class='ocrx_word' id='word_1_18' title='bbox 1147 580 1260 646; x_wconf 89' lang='lat' dir='ltr'><strong>Libelli</strong></span> <span class='ocrx_word' id='word_1_19' title='bbox 1269 581 1331 645; x_wconf 91' lang='lat' dir='ltr'><strong>mei</strong></span> <span class='ocrx_word' id='word_1_20' title='bbox 1342 592 1521 668; x_wconf 84' lang='lat' dir='ltr'><strong>occupant,</strong></span> 
     </span>
     <span class='ocr_line' id='line_1_6' title="bbox 321 684 1521 775; baseline -0.005 -22"><span class='ocrx_word' id='word_1_21' title='bbox 321 689 507 775; x_wconf 85' lang='lat' dir='ltr'><strong>adduntque</strong></span> <span class='ocrx_word' id='word_1_22' title='bbox 515 710 610 775; x_wconf 88' lang='lat' dir='ltr'><strong>quem</strong></span> <span class='ocrx_word' id='word_1_23' title='bbox 619 709 744 773; x_wconf 81' lang='lat' dir='ltr'><strong>semper</strong></span> <span class='ocrx_word' id='word_1_24' title='bbox 754 686 861 773; x_wconf 90' lang='lat' dir='ltr'><strong>optavi</strong></span> <span class='ocrx_word' id='word_1_25' title='bbox 876 686 1091 773; x_wconf 73' lang='lat' dir='ltr'><strong>splendorem.</strong></span> <span class='ocrx_word' id='word_1_26' title='bbox 1117 684 1186 749; x_wconf 90' lang='lat' dir='ltr'><strong>Nec</strong></span> <span class='ocrx_word' id='word_1_27' title='bbox 1199 684 1353 749; x_wconf 83' lang='lat' dir='ltr'><strong>debebam</strong></span> <span class='ocrx_word' id='word_1_28' title='bbox 1362 685 1521 771; x_wconf 87' lang='lat' dir='ltr'><strong>equidem</strong></span> 
     </span>
     <span class='ocr_line' id='line_1_7' title="bbox 321 786 1522 878; baseline -0.004 -22"><span class='ocrx_word' id='word_1_29' title='bbox 321 791 397 856; x_wconf 91' lang='lat' dir='ltr'><strong>alibi</strong></span> <span class='ocrx_word' id='word_1_30' title='bbox 406 791 528 857; x_wconf 85' lang='lat' dir='ltr'><strong>Libello</strong></span> <span class='ocrx_word' id='word_1_31' title='bbox 537 813 609 855; x_wconf 91' lang='lat' dir='ltr'><strong>meo</strong></span> <span class='ocrx_word' id='word_1_32' title='bbox 618 791 744 878; x_wconf 80' lang='lat' dir='ltr'><strong>asylum</strong></span> <span class='ocrx_word' id='word_1_33' title='bbox 754 789 977 876; x_wconf 81' lang='lat' dir='ltr'><strong>pervestigare,</strong></span> <span class='ocrx_word' id='word_1_34' title='bbox 986 796 1054 853; x_wconf 90' lang='lat' dir='ltr'><strong>tum</strong></span> <span class='ocrx_word' id='word_1_35' title='bbox 1065 788 1140 874; x_wconf 87' lang='lat' dir='ltr'><strong>quia</strong></span> <span class='ocrx_word' id='word_1_36' title='bbox 1151 797 1208 851; x_wconf 90' lang='lat' dir='ltr'><strong>tuo</strong></span> <span class='ocrx_word' id='word_1_37' title='bbox 1218 786 1394 851; x_wconf 89' lang='lat' dir='ltr'><strong>Perillustri</strong></span> <span class='ocrx_word' id='word_1_38' title='bbox 1404 786 1522 851; x_wconf 84' lang='lat' dir='ltr'><strong>favore</strong></span> 
     </span>
     <span class='ocr_line' id='line_1_8' title="bbox 321 890 1520 978; baseline -0.005 -21"><span class='ocrx_word' id='word_1_39' title='bbox 321 901 420 974; x_wconf 87' lang='lat' dir='ltr'><strong>tutus,</strong></span> <span class='ocrx_word' id='word_1_40' title='bbox 434 894 577 959; x_wconf 90' lang='lat' dir='ltr'><strong>omnium</strong></span> <span class='ocrx_word' id='word_1_41' title='bbox 590 893 751 957; x_wconf 91' lang='lat' dir='ltr'><strong>Zoilorum</strong></span> <span class='ocrx_word' id='word_1_42' title='bbox 759 892 911 955; x_wconf 82' lang='lat' dir='ltr'><strong>invidiam</strong></span> <span class='ocrx_word' id='word_1_43' title='bbox 922 890 1081 978; x_wconf 83' lang='lat' dir='ltr'><strong>superabit</strong></span> <span class='ocrx_word' id='word_1_44' title='bbox 1091 896 1345 975; x_wconf 81' lang='lat' dir='ltr'><strong>contemnetque,</strong></span> <span class='ocrx_word' id='word_1_45' title='bbox 1354 897 1424 951; x_wconf 90' lang='lat' dir='ltr'><strong>tum</strong></span> <span class='ocrx_word' id='word_1_46' title='bbox 1436 910 1520 952; x_wconf 87' lang='lat' dir='ltr'><strong>vero</strong></span> 
     </span>
     <span class='ocr_line' id='line_1_9' title="bbox 319 990 1521 1083; baseline -0.005 -24"><span class='ocrx_word' id='word_1_47' title='bbox 319 997 471 1081; x_wconf 86' lang='lat' dir='ltr'><strong>quoniam</strong></span> <span class='ocrx_word' id='word_1_48' title='bbox 480 995 644 1083; x_wconf 83' lang='lat' dir='ltr'><strong>Sapientia</strong></span> <span class='ocrx_word' id='word_1_49' title='bbox 652 994 722 1059; x_wconf 82' lang='lat' dir='ltr'><strong>&#39;l&#39;ua</strong></span> <span class='ocrx_word' id='word_1_50' title='bbox 732 1004 765 1059; x_wconf 90' lang='lat' dir='ltr'><strong>et</strong></span> <span class='ocrx_word' id='word_1_51' title='bbox 774 994 992 1058; x_wconf 90' lang='lat' dir='ltr'><strong>maturrimum</strong></span> <span class='ocrx_word' id='word_1_52' title='bbox 1005 993 1037 1056; x_wconf 92' lang='lat' dir='ltr'><strong>in</strong></span> <span class='ocrx_word' id='word_1_53' title='bbox 1046 1014 1149 1056; x_wconf 87' lang='lat' dir='ltr'><strong>rerum</strong></span> <span class='ocrx_word' id='word_1_54' title='bbox 1161 991 1329 1055; x_wconf 90' lang='lat' dir='ltr'><strong>momentis</strong></span> <span class='ocrx_word' id='word_1_55' title='bbox 1341 990 1521 1055; x_wconf 87' lang='lat' dir='ltr'><strong>decernen-</strong></span> 
     </span>
     <span class='ocr_line' id='line_1_10' title="bbox 320 1094 1519 1183; baseline -0.003 -22"><span class='ocrx_word' id='word_1_56' title='bbox 320 1097 371 1161; x_wconf 88' lang='lat' dir='ltr'><strong>dis</strong></span> <span class='ocrx_word' id='word_1_57' title='bbox 383 1098 550 1183; x_wconf 92' lang='lat' dir='ltr'><strong>judicium,</strong></span> <span class='ocrx_word' id='word_1_58' title='bbox 567 1098 625 1183; x_wconf 88' lang='lat' dir='ltr'><strong>jus</strong></span> <span class='ocrx_word' id='word_1_59' title='bbox 645 1096 760 1181; x_wconf 88' lang='lat' dir='ltr'><strong>cuique</strong></span> <span class='ocrx_word' id='word_1_60' title='bbox 779 1117 873 1159; x_wconf 87' lang='lat' dir='ltr'><strong>suum</strong></span> <span class='ocrx_word' id='word_1_61' title='bbox 893 1094 1018 1174; x_wconf 87' lang='lat' dir='ltr'><strong>diribet,</strong></span> <span class='ocrx_word' id='word_1_62' title='bbox 1038 1094 1342 1179; x_wconf 87' lang='lat' dir='ltr'><strong>disterminabitque,</strong></span> <span class='ocrx_word' id='word_1_63' title='bbox 1361 1114 1402 1157; x_wconf 90' lang='lat' dir='ltr'><strong>an</strong></span> <span class='ocrx_word' id='word_1_64' title='bbox 1419 1112 1519 1157; x_wconf 91' lang='lat' dir='ltr'><strong>meus</strong></span> 
     </span>
     <span class='ocr_line' id='line_1_11' title="bbox 321 1194 1520 1281; baseline 0 -22"><span class='ocrx_word' id='word_1_65' title='bbox 321 1196 461 1263; x_wconf 90' lang='lat' dir='ltr'><strong>Libellus</strong></span> <span class='ocrx_word' id='word_1_66' title='bbox 481 1199 574 1264; x_wconf 68' lang='lat' dir='ltr'><strong>lamas</strong></span> <span class='ocrx_word' id='word_1_67' title='bbox 590 1198 713 1277; x_wconf 73' lang='lat' dir='ltr'><strong>aliene,</strong></span> <span class='ocrx_word' id='word_1_68' title='bbox 727 1218 769 1260; x_wconf 89' lang='lat' dir='ltr'><strong>an</strong></span> <span class='ocrx_word' id='word_1_69' title='bbox 784 1196 953 1260; x_wconf 87' lang='lat' dir='ltr'><strong>adversarii</strong></span> <span class='ocrx_word' id='word_1_70' title='bbox 969 1195 1089 1259; x_wconf 90' lang='lat' dir='ltr'><strong>Libello</strong></span> <span class='ocrx_word' id='word_1_71' title='bbox 1107 1216 1178 1259; x_wconf 91' lang='lat' dir='ltr'><strong>meo</strong></span> <span class='ocrx_word' id='word_1_72' title='bbox 1197 1194 1312 1281; x_wconf 88' lang='lat' dir='ltr'><strong>injuria</strong></span> <span class='ocrx_word' id='word_1_73' title='bbox 1330 1195 1434 1260; x_wconf 91' lang='lat' dir='ltr'><strong>labem</strong></span> <span class='ocrx_word' id='word_1_74' title='bbox 1455 1196 1520 1261; x_wconf 86' lang='lat' dir='ltr'><strong>ad-</strong></span> 
     </span>
     <span class='ocr_line' id='line_1_12' title="bbox 320 1302 500 1387; baseline 0 -23"><span class='ocrx_word' id='word_1_75' title='bbox 320 1302 500 1387; x_wconf 87' lang='lat' dir='ltr'><strong>sperserint</strong></span> 
     </span>
    </p>

    <p class='ocr_par' dir='ltr' id='par_1_5' title="bbox 310 1396 1517 1692">
     <span class='ocr_line' id='line_1_13' title="bbox 362 1396 1517 1488; baseline -0.004 -23"><span class='ocrx_word' id='word_1_76' title='bbox 362 1403 434 1488; x_wconf 87' lang='lat' dir='ltr'><strong>Age</strong></span> <span class='ocrx_word' id='word_1_77' title='bbox 447 1402 566 1486; x_wconf 91' lang='lat' dir='ltr'><strong>itaque,</strong></span> <span class='ocrx_word' id='word_1_78' title='bbox 582 1398 722 1463; x_wconf 91' lang='lat' dir='ltr'><strong>Domina</strong></span> <span class='ocrx_word' id='word_1_79' title='bbox 741 1420 813 1463; x_wconf 88' lang='lat' dir='ltr'><strong>mea</strong></span> <span class='ocrx_word' id='word_1_80' title='bbox 831 1397 1097 1479; x_wconf 86' lang='lat' dir='ltr'><strong>Clementissima,</strong></span> <span class='ocrx_word' id='word_1_81' title='bbox 1114 1397 1239 1484; x_wconf 84' lang='lat' dir='ltr'><strong>suscipe</strong></span> <span class='ocrx_word' id='word_1_82' title='bbox 1253 1418 1362 1463; x_wconf 90' lang='lat' dir='ltr'><strong>curam</strong></span> <span class='ocrx_word' id='word_1_83' title='bbox 1376 1396 1517 1461; x_wconf 86' lang='lat' dir='ltr'><strong>imbellis</strong></span> 
     </span>
     <span class='ocr_line' id='line_1_14' title="bbox 310 1489 1516 1589; baseline -0.002 -22"><span class='ocrx_word' id='word_1_84' title='bbox 310 1489 415 1569; x_wconf 59' lang='lat' dir='ltr'><strong>⁴foetus</strong></span> <span class='ocrx_word' id='word_1_85' title='bbox 438 1504 549 1584; x_wconf 83' lang='lat' dir='ltr'><strong>nostri,</strong></span> <span class='ocrx_word' id='word_1_86' title='bbox 571 1524 666 1589; x_wconf 91' lang='lat' dir='ltr'><strong>quem</strong></span> <span class='ocrx_word' id='word_1_87' title='bbox 688 1511 739 1567; x_wconf 82' lang='lat' dir='ltr'><strong>tot</strong></span> <span class='ocrx_word' id='word_1_88' title='bbox 760 1501 900 1587; x_wconf 87' lang='lat' dir='ltr'><strong>undique</strong></span> <span class='ocrx_word' id='word_1_89' title='bbox 925 1500 1038 1565; x_wconf 90' lang='lat' dir='ltr'><strong>armati</strong></span> <span class='ocrx_word' id='word_1_90' title='bbox 1061 1500 1260 1565; x_wconf 87' lang='lat' dir='ltr'><strong>tenebriones</strong></span> <span class='ocrx_word' id='word_1_91' title='bbox 1285 1500 1516 1580; x_wconf 86' lang='lat' dir='ltr'><strong>(Tenebriones</strong></span> 
     </span>
     <span class='ocr_line' id='line_1_15' title="bbox 320 1602 1514 1692; baseline -0.001 -22"><span class='ocrx_word' id='word_1_92' title='bbox 320 1626 416 1686; x_wconf 83' lang='lat' dir='ltr'><strong>voco,</strong></span> <span class='ocrx_word' id='word_1_93' title='bbox 428 1606 579 1692; x_wconf 90' lang='lat' dir='ltr'><strong>quoniam</strong></span> <span class='ocrx_word' id='word_1_94' title='bbox 594 1614 660 1669; x_wconf 90' lang='lat' dir='ltr'><strong>tam</strong></span> <span class='ocrx_word' id='word_1_95' title='bbox 672 1613 766 1669; x_wconf 91' lang='lat' dir='ltr'><strong>caute</strong></span> <span class='ocrx_word' id='word_1_96' title='bbox 781 1625 898 1668; x_wconf 88' lang='lat' dir='ltr'><strong>nomen</strong></span> <span class='ocrx_word' id='word_1_97' title='bbox 913 1625 1006 1667; x_wconf 90' lang='lat' dir='ltr'><strong>suum</strong></span> <span class='ocrx_word' id='word_1_98' title='bbox 1023 1603 1126 1669; x_wconf 87' lang='lat' dir='ltr'><strong>occuli</strong></span> <span class='ocrx_word' id='word_1_99' title='bbox 1142 1603 1265 1683; x_wconf 85' lang='lat' dir='ltr'><strong>volunt,</strong></span> <span class='ocrx_word' id='word_1_100' title='bbox 1278 1610 1311 1667; x_wconf 92' lang='lat' dir='ltr'><strong>et</strong></span> <span class='ocrx_word' id='word_1_101' title='bbox 1325 1602 1514 1669; x_wconf 86' lang='lat' dir='ltr'><strong>Carminum</strong></span> 
     </span>
    </p>
   </div>
   <div class='ocr_carea' id='block_1_5' title="bbox 319 1705 1608 1794">
    <p class='ocr_par' dir='ltr' id='par_1_6' title="bbox 319 1705 1608 1794">
     <span class='ocr_line' id='line_1_16' title="bbox 319 1705 1608 1794; baseline 0.001 -24"><span class='ocrx_word' id='word_1_102' title='bbox 319 1707 544 1794; x_wconf 90' lang='lat' dir='ltr'><strong>injuriosorum</strong></span> <span class='ocrx_word' id='word_1_103' title='bbox 556 1706 720 1771; x_wconf 67' lang='lat' dir='ltr'><strong>Poetastri</strong></span> <span class='ocrx_word' id='word_1_104' title='bbox 730 1706 793 1771; x_wconf 89' lang='lat' dir='ltr'><strong>dici</strong></span> <span class='ocrx_word' id='word_1_105' title='bbox 801 1707 929 1786; x_wconf 87' lang='lat' dir='ltr'><strong>uolunt)</strong></span> <span class='ocrx_word' id='word_1_106' title='bbox 941 1706 1216 1792; x_wconf 86' lang='lat' dir='ltr'><strong>circumstrepunt,</strong></span> <span class='ocrx_word' id='word_1_107' title='bbox 1224 1705 1514 1793; x_wconf 84' lang='lat' dir='ltr'><strong>infestantquequa</strong></span> <span class='ocrx_word' id='word_1_108' title='bbox 1605 1710 1608 1749; x_wconf 68' lang='lat' dir='ltr'><strong>l</strong></span> 
     </span>
    </p>
   </div>
   <div class='ocr_carea' id='block_1_6' title="bbox 318 1806 1512 1992">
    <p class='ocr_par' dir='ltr' id='par_1_7' title="bbox 318 1806 1512 1992">
     <span class='ocr_line' id='line_1_17' title="bbox 318 1806 1512 1896; baseline -0.002 -23"><span class='ocrx_word' id='word_1_109' title='bbox 318 1818 455 1896; x_wconf 87' lang='lat' dir='ltr'><strong>possunt</strong></span> <span class='ocrx_word' id='word_1_110' title='bbox 476 1810 538 1873; x_wconf 87' lang='lat' dir='ltr'><strong>via.</strong></span> <span class='ocrx_word' id='word_1_111' title='bbox 591 1809 663 1895; x_wconf 86' lang='lat' dir='ltr'><strong>Age</strong></span> <span class='ocrx_word' id='word_1_112' title='bbox 684 1808 800 1873; x_wconf 88' lang='lat' dir='ltr'><strong>iterum</strong></span> <span class='ocrx_word' id='word_1_113' title='bbox 822 1808 962 1894; x_wconf 90' lang='lat' dir='ltr'><strong>prudens</strong></span> <span class='ocrx_word' id='word_1_114' title='bbox 988 1806 1140 1885; x_wconf 82' lang='lat' dir='ltr'><strong>Hemina,</strong></span> <span class='ocrx_word' id='word_1_115' title='bbox 1164 1806 1374 1871; x_wconf 88' lang='lat' dir='ltr'><strong>Amazonium</strong></span> <span class='ocrx_word' id='word_1_116' title='bbox 1398 1818 1512 1893; x_wconf 88' lang='lat' dir='ltr'><strong>pectus</strong></span> 
     </span>
     <span class='ocr_line' id='line_1_18' title="bbox 319 1907 1511 1992; baseline -0.003 -16"><span class='ocrx_word' id='word_1_117' title='bbox 319 1933 421 1992; x_wconf 84' lang='lat' dir='ltr'><strong>exere,</strong></span> <span class='ocrx_word' id='word_1_118' title='bbox 443 1920 477 1975; x_wconf 90' lang='lat' dir='ltr'><strong>et</strong></span> <span class='ocrx_word' id='word_1_119' title='bbox 501 1932 575 1976; x_wconf 90' lang='lat' dir='ltr'><strong>cum</strong></span> <span class='ocrx_word' id='word_1_120' title='bbox 594 1910 718 1974; x_wconf 80' lang='lat' dir='ltr'><strong>&#39;l&#39;homa</strong></span> <span class='ocrx_word' id='word_1_121' title='bbox 739 1920 796 1974; x_wconf 91' lang='lat' dir='ltr'><strong>tuo</strong></span> <span class='ocrx_word' id='word_1_122' title='bbox 820 1909 1014 1974; x_wconf 88' lang='lat' dir='ltr'><strong>servulorum</strong></span> <span class='ocrx_word' id='word_1_123' title='bbox 1036 1909 1149 1972; x_wconf 91' lang='lat' dir='ltr'><strong>ultimo</strong></span> <span class='ocrx_word' id='word_1_124' title='bbox 1171 1915 1283 1972; x_wconf 87' lang='lat' dir='ltr'><strong>contra</strong></span> <span class='ocrx_word' id='word_1_125' title='bbox 1302 1907 1410 1973; x_wconf 87' lang='lat' dir='ltr'><strong>hostes</strong></span> <span class='ocrx_word' id='word_1_126' title='bbox 1430 1930 1511 1973; x_wconf 74' lang='lat' dir='ltr'><strong>meae</strong></span> 
     </span>
    </p>
   </div>
   <div class='ocr_carea' id='block_1_7' title="bbox 319 2010 1608 2100">
    <p class='ocr_par' dir='ltr' id='par_1_8' title="bbox 319 2010 1608 2100">
     <span class='ocr_line' id='line_1_19' title="bbox 319 2010 1608 2100; baseline -0.001 -22"><span class='ocrx_word' id='word_1_127' title='bbox 319 2014 440 2079; x_wconf 89' lang='lat' dir='ltr'><strong>sobolis</strong></span> <span class='ocrx_word' id='word_1_128' title='bbox 457 2036 577 2100; x_wconf 88' lang='lat' dir='ltr'><strong>pugna.</strong></span> <span class='ocrx_word' id='word_1_129' title='bbox 621 2012 765 2077; x_wconf 77' lang='lat' dir='ltr'><strong>Ostende</strong></span> <span class='ocrx_word' id='word_1_130' title='bbox 782 2011 839 2092; x_wconf 81' lang='lat' dir='ltr'><strong>Te,</strong></span> <span class='ocrx_word' id='word_1_131' title='bbox 855 2013 901 2076; x_wconf 89' lang='lat' dir='ltr'><strong>ita</strong></span> <span class='ocrx_word' id='word_1_132' title='bbox 921 2034 1041 2099; x_wconf 82' lang='lat' dir='ltr'><strong>precor,</strong></span> <span class='ocrx_word' id='word_1_133' title='bbox 1060 2011 1286 2077; x_wconf 83' lang='lat' dir='ltr'><strong>aemulatrieem</strong></span> <span class='ocrx_word' id='word_1_134' title='bbox 1301 2010 1512 2098; x_wconf 82' lang='lat' dir='ltr'><strong>Margarithte</strong></span> <span class='ocrx_word' id='word_1_135' title='bbox 1607 2030 1608 2039; x_wconf 53' lang='lat'>³</span> 
     </span>
    </p>
   </div>
   <div class='ocr_carea' id='block_1_8' title="bbox 315 2112 1514 3740">
    <p class='ocr_par' dir='ltr' id='par_1_9' title="bbox 317 2112 1514 2815">
     <span class='ocr_line' id='line_1_20' title="bbox 319 2112 1512 2196; baseline -0.001 -15"><span class='ocrx_word' id='word_1_136' title='bbox 319 2115 502 2181; x_wconf 83' lang='lat' dir='ltr'><strong>Geraldiuoe</strong></span> <span class='ocrx_word' id='word_1_137' title='bbox 526 2114 661 2181; x_wconf 84' lang='lat' dir='ltr'><strong>Comitis</strong></span> <span class='ocrx_word' id='word_1_138' title='bbox 684 2115 891 2179; x_wconf 83' lang='lat' dir='ltr'><strong>Cildurieusis</strong></span> <span class='ocrx_word' id='word_1_139' title='bbox 922 2114 1135 2179; x_wconf 81' lang='lat' dir='ltr'><strong>Nobilissimae</strong></span> <span class='ocrx_word' id='word_1_140' title='bbox 1162 2112 1291 2196; x_wconf 88' lang='lat' dir='ltr'><strong>sobolis,</strong></span> <span class='ocrx_word' id='word_1_141' title='bbox 1317 2123 1351 2177; x_wconf 95' lang='lat' dir='ltr'><strong>et</strong></span> <span class='ocrx_word' id='word_1_142' title='bbox 1374 2112 1512 2180; x_wconf 82' lang='lat' dir='ltr'><strong>Joannae</strong></span> 
     </span>
     <span class='ocr_line' id='line_1_21' title="bbox 319 2214 1514 2297; baseline 0.001 -16"><span class='ocrx_word' id='word_1_143' title='bbox 319 2215 512 2297; x_wconf 83' lang='lat' dir='ltr'><strong>Geraldinoe,</strong></span> <span class='ocrx_word' id='word_1_144' title='bbox 527 2216 663 2281; x_wconf 85' lang='lat' dir='ltr'><strong>Comitis</strong></span> <span class='ocrx_word' id='word_1_145' title='bbox 680 2215 863 2281; x_wconf 81' lang='lat' dir='ltr'><strong>Desmoniae</strong></span> <span class='ocrx_word' id='word_1_146' title='bbox 878 2214 1071 2282; x_wconf 85' lang='lat' dir='ltr'><strong>Lectissimae</strong></span> <span class='ocrx_word' id='word_1_147' title='bbox 1089 2215 1205 2296; x_wconf 83' lang='lat' dir='ltr'><strong>Ptolis,</strong></span> <span class='ocrx_word' id='word_1_148' title='bbox 1217 2214 1423 2280; x_wconf 83' lang='lat' dir='ltr'><strong>Tritaviarum</strong></span> <span class='ocrx_word' id='word_1_149' title='bbox 1439 2226 1514 2283; x_wconf 89' lang='lat' dir='ltr'><strong>tua-</strong></span> 
     </span>
     <span class='ocr_line' id='line_1_22' title="bbox 319 2317 1512 2409; baseline 0 -25"><span class='ocrx_word' id='word_1_150' title='bbox 319 2341 389 2384; x_wconf 89' lang='lat' dir='ltr'><strong>mm</strong></span> <span class='ocrx_word' id='word_1_151' title='bbox 398 2325 533 2407; x_wconf 87' lang='lat' dir='ltr'><strong>(quanta</strong></span> <span class='ocrx_word' id='word_1_152' title='bbox 543 2320 649 2385; x_wconf 92' lang='lat' dir='ltr'><strong>Deum</strong></span> <span class='ocrx_word' id='word_1_153' title='bbox 657 2319 867 2385; x_wconf 88' lang='lat' dir='ltr'><strong>immortalem</strong></span> <span class='ocrx_word' id='word_1_154' title='bbox 878 2317 1050 2399; x_wconf 83' lang='lat' dir='ltr'><strong>Nominal)</strong></span> <span class='ocrx_word' id='word_1_155' title='bbox 1064 2340 1136 2405; x_wconf 78' lang='lat' dir='ltr'><strong>quae</strong></span> <span class='ocrx_word' id='word_1_156' title='bbox 1144 2318 1280 2409; x_wconf 84' lang='lat' dir='ltr'><strong>primum</strong></span> <span class='ocrx_word' id='word_1_157' title='bbox 1295 2338 1388 2382; x_wconf 90' lang='lat' dir='ltr'><strong>suum</strong></span> <span class='ocrx_word' id='word_1_158' title='bbox 1402 2328 1512 2388; x_wconf 89' lang='lat' dir='ltr'><strong>ortum</strong></span> 
     </span>
     <span class='ocr_line' id='line_1_23' title="bbox 319 2419 1513 2508; baseline -0.001 -20"><span class='ocrx_word' id='word_1_159' title='bbox 319 2445 359 2488; x_wconf 88' lang='lat' dir='ltr'><strong>ex</strong></span> <span class='ocrx_word' id='word_1_160' title='bbox 377 2422 583 2488; x_wconf 88' lang='lat' dir='ltr'><strong>Serenissima</strong></span> <span class='ocrx_word' id='word_1_161' title='bbox 600 2422 673 2486; x_wconf 88' lang='lat' dir='ltr'><strong>aula</strong></span> <span class='ocrx_word' id='word_1_162' title='bbox 691 2443 747 2486; x_wconf 89' lang='lat' dir='ltr'><strong>seu</strong></span> <span class='ocrx_word' id='word_1_163' title='bbox 764 2421 886 2485; x_wconf 87' lang='lat' dir='ltr'><strong>familia</strong></span> <span class='ocrx_word' id='word_1_164' title='bbox 903 2419 1098 2508; x_wconf 91' lang='lat' dir='ltr'><strong>Magnorum</strong></span> <span class='ocrx_word' id='word_1_165' title='bbox 1119 2419 1286 2485; x_wconf 75' lang='lat' dir='ltr'><strong>Florentiae</strong></span> <span class='ocrx_word' id='word_1_166' title='bbox 1308 2421 1438 2486; x_wconf 90' lang='lat' dir='ltr'><strong>Ducum</strong></span> <span class='ocrx_word' id='word_1_167' title='bbox 1455 2423 1513 2487; x_wconf 90' lang='lat' dir='ltr'><strong>de-</strong></span> 
     </span>
     <span class='ocr_line' id='line_1_24' title="bbox 317 2523 1512 2639; baseline 0 -49"><span class='ocrx_word' id='word_1_168' title='bbox 317 2535 460 2639; x_wconf 83' lang='lat' dir='ltr'><strong>sumunt,</strong></span> <span class='ocrx_word' id='word_1_169' title='bbox 482 2547 553 2611; x_wconf 85' lang='lat' dir='ltr'><strong>quae</strong></span> <span class='ocrx_word' id='word_1_170' title='bbox 580 2525 721 2588; x_wconf 92' lang='lat' dir='ltr'><strong>Domum</strong></span> <span class='ocrx_word' id='word_1_171' title='bbox 743 2523 950 2588; x_wconf 87' lang='lat' dir='ltr'><strong>Ormonicam</strong></span> <span class='ocrx_word' id='word_1_172' title='bbox 970 2523 1234 2610; x_wconf 89' lang='lat' dir='ltr'><strong>Butlerianasque</strong></span> <span class='ocrx_word' id='word_1_173' title='bbox 1258 2525 1420 2611; x_wconf 88' lang='lat' dir='ltr'><strong>prosapias</strong></span> <span class='ocrx_word' id='word_1_174' title='bbox 1444 2547 1512 2590; x_wconf 88' lang='lat' dir='ltr'><strong>non</strong></span> 
     </span>
     <span class='ocr_line' id='line_1_25' title="bbox 317 2623 1512 2713; baseline 0.003 -24"><span class='ocrx_word' id='word_1_175' title='bbox 317 2627 387 2691; x_wconf 90' lang='lat' dir='ltr'><strong>siue</strong></span> <span class='ocrx_word' id='word_1_176' title='bbox 400 2626 571 2690; x_wconf 88' lang='lat' dir='ltr'><strong>immortali</strong></span> <span class='ocrx_word' id='word_1_177' title='bbox 587 2624 696 2690; x_wconf 89' lang='lat' dir='ltr'><strong>Laude</strong></span> <span class='ocrx_word' id='word_1_178' title='bbox 709 2637 876 2705; x_wconf 87' lang='lat' dir='ltr'><strong>auxerunt,</strong></span> <span class='ocrx_word' id='word_1_179' title='bbox 890 2625 971 2689; x_wconf 90' lang='lat' dir='ltr'><strong>has</strong></span> <span class='ocrx_word' id='word_1_180' title='bbox 963 2647 1093 2712; x_wconf 79' lang='lat' dir='ltr'><strong>inquam</strong></span> <span class='ocrx_word' id='word_1_181' title='bbox 1111 2623 1251 2689; x_wconf 90' lang='lat' dir='ltr'><strong>Domina</strong></span> <span class='ocrx_word' id='word_1_182' title='bbox 1264 2646 1337 2690; x_wconf 90' lang='lat' dir='ltr'><strong>mea</strong></span> <span class='ocrx_word' id='word_1_183' title='bbox 1350 2627 1383 2689; x_wconf 89' lang='lat' dir='ltr'><strong>iu</strong></span> <span class='ocrx_word' id='word_1_184' title='bbox 1397 2628 1512 2713; x_wconf 90' lang='lat' dir='ltr'><strong>paucis</strong></span> 
     </span>
     <span class='ocr_line' id='line_1_26' title="bbox 317 2728 932 2815; baseline -0.003 -21"><span class='ocrx_word' id='word_1_185' title='bbox 317 2731 557 2808; x_wconf 86' lang='lat' dir='ltr'><strong>humanissima,</strong></span> <span class='ocrx_word' id='word_1_186' title='bbox 571 2729 657 2815; x_wconf 91' lang='lat' dir='ltr'><strong>quod</strong></span> <span class='ocrx_word' id='word_1_187' title='bbox 672 2728 760 2808; x_wconf 85' lang='lat' dir='ltr'><strong>facis,</strong></span> <span class='ocrx_word' id='word_1_188' title='bbox 773 2728 932 2792; x_wconf 76' lang='lat' dir='ltr'><strong>aemulare.</strong></span> 
     </span>
    </p>

    <p class='ocr_par' dir='ltr' id='par_1_10' title="bbox 315 2779 1513 3740">
     <span class='ocr_line' id='line_1_27' title="bbox 362 2779 1513 2918; baseline -0.001 -23"><span class='ocrx_word' id='word_1_189' title='bbox 362 2831 498 2918; x_wconf 88' lang='lat' dir='ltr'><strong>Ignosce</strong></span> <span class='ocrx_word' id='word_1_190' title='bbox 508 2852 582 2894; x_wconf 82' lang='lat' dir='ltr'><strong>vero</strong></span> <span class='ocrx_word' id='word_1_191' title='bbox 596 2830 764 2894; x_wconf 85' lang='lat' dir='ltr'><strong>temeritati</strong></span> <span class='ocrx_word' id='word_1_192' title='bbox 776 2852 855 2894; x_wconf 82' lang='lat' dir='ltr'><strong>meae</strong></span> <span class='ocrx_word' id='word_1_193' title='bbox 865 2839 952 2894; x_wconf 89' lang='lat' dir='ltr'><strong>tuam</strong></span> <span class='ocrx_word' id='word_1_194' title='bbox 965 2828 1203 2895; x_wconf 88' lang='lat' dir='ltr'><strong>Serenissimam</strong></span> <span class='ocrx_word' id='word_1_195' title='bbox 1212 2851 1306 2918; x_wconf 87' lang='lat' dir='ltr'><strong>opem</strong></span> <span class='ocrx_word' id='word_1_196' title='bbox 1318 2779 1513 2918; x_wconf 76' lang='lat' dir='ltr'><strong>imploranti,</strong></span> 
     </span>
     <span class='ocr_line' id='line_1_28' title="bbox 317 2930 1512 3020; baseline 0 -22"><span class='ocrx_word' id='word_1_197' title='bbox 317 2956 356 2999; x_wconf 91' lang='lat' dir='ltr'><strong>ac</strong></span> <span class='ocrx_word' id='word_1_198' title='bbox 376 2935 508 2998; x_wconf 83' lang='lat' dir='ltr'><strong>alteram</strong></span> <span class='ocrx_word' id='word_1_199' title='bbox 530 2931 686 2996; x_wconf 84' lang='lat' dir='ltr'><strong>itinerarii</strong></span> <span class='ocrx_word' id='word_1_200' title='bbox 702 2932 765 2994; x_wconf 88' lang='lat' dir='ltr'><strong>mei</strong></span> <span class='ocrx_word' id='word_1_201' title='bbox 785 2930 915 2996; x_wconf 89' lang='lat' dir='ltr'><strong>Partem</strong></span> <span class='ocrx_word' id='word_1_202' title='bbox 931 2953 987 2996; x_wconf 90' lang='lat' dir='ltr'><strong>seu</strong></span> <span class='ocrx_word' id='word_1_203' title='bbox 1002 2932 1273 2997; x_wconf 84' lang='lat' dir='ltr'><strong>continuationem</strong></span> <span class='ocrx_word' id='word_1_204' title='bbox 1288 2933 1394 3018; x_wconf 88' lang='lat' dir='ltr'><strong>potius</strong></span> <span class='ocrx_word' id='word_1_205' title='bbox 1408 2955 1512 3020; x_wconf 84' lang='lat' dir='ltr'><strong>prona</strong></span> 
     </span>
     <span class='ocr_line' id='line_1_29' title="bbox 316 3033 1511 3121; baseline 0.001 -21"><span class='ocrx_word' id='word_1_206' title='bbox 316 3037 481 3100; x_wconf 84' lang='lat' dir='ltr'><strong>voluntate</strong></span> <span class='ocrx_word' id='word_1_207' title='bbox 495 3033 667 3099; x_wconf 84' lang='lat' dir='ltr'><strong>deferenti:</strong></span> <span class='ocrx_word' id='word_1_208' title='bbox 688 3034 861 3098; x_wconf 88' lang='lat' dir='ltr'><strong>cumcuim</strong></span> <span class='ocrx_word' id='word_1_209' title='bbox 879 3035 1011 3121; x_wconf 91' lang='lat' dir='ltr'><strong>primam</strong></span> <span class='ocrx_word' id='word_1_210' title='bbox 1031 3035 1201 3099; x_wconf 89' lang='lat' dir='ltr'><strong>editionem</strong></span> <span class='ocrx_word' id='word_1_211' title='bbox 1220 3034 1438 3100; x_wconf 86' lang='lat' dir='ltr'><strong>lllustrissimo</strong></span> <span class='ocrx_word' id='word_1_212' title='bbox 1452 3045 1511 3100; x_wconf 86' lang='lat' dir='ltr'><strong>tuo</strong></span> 
     </span>
     <span class='ocr_line' id='line_1_30' title="bbox 319 3137 1511 3224; baseline 0.002 -23"><span class='ocrx_word' id='word_1_213' title='bbox 319 3137 459 3224; x_wconf 84' lang='lat' dir='ltr'><strong>Conjugi</strong></span> <span class='ocrx_word' id='word_1_214' title='bbox 478 3137 686 3216; x_wconf 87' lang='lat' dir='ltr'><strong>dedicassem,</strong></span> <span class='ocrx_word' id='word_1_215' title='bbox 703 3157 768 3200; x_wconf 90' lang='lat' dir='ltr'><strong>non</strong></span> <span class='ocrx_word' id='word_1_216' title='bbox 788 3137 944 3201; x_wconf 85' lang='lat' dir='ltr'><strong>debebam</strong></span> <span class='ocrx_word' id='word_1_217' title='bbox 963 3158 1022 3201; x_wconf 91' lang='lat' dir='ltr'><strong>nec</strong></span> <span class='ocrx_word' id='word_1_218' title='bbox 1039 3145 1182 3222; x_wconf 86' lang='lat' dir='ltr'><strong>poteram</strong></span> <span class='ocrx_word' id='word_1_219' title='bbox 1204 3137 1294 3200; x_wconf 83' lang='lat' dir='ltr'><strong>alteri</strong></span> <span class='ocrx_word' id='word_1_220' title='bbox 1316 3158 1414 3223; x_wconf 88' lang='lat' dir='ltr'><strong>quam</strong></span> <span class='ocrx_word' id='word_1_221' title='bbox 1432 3138 1511 3204; x_wconf 77' lang='lat' dir='ltr'><strong>Tute</strong></span> 
     </span>
     <span class='ocr_line' id='line_1_31' title="bbox 319 3237 1511 3304; baseline 0.001 0"><span class='ocrx_word' id='word_1_222' title='bbox 319 3239 537 3304; x_wconf 89' lang='lat' dir='ltr'><strong>Dominationi</strong></span> <span class='ocrx_word' id='word_1_223' title='bbox 551 3259 744 3304; x_wconf 82' lang='lat' dir='ltr'><strong>consecrare.</strong></span> <span class='ocrx_word' id='word_1_224' title='bbox 776 3237 873 3301; x_wconf 88' lang='lat' dir='ltr'><strong>Enirn</strong></span> <span class='ocrx_word' id='word_1_225' title='bbox 887 3239 999 3303; x_wconf 89' lang='lat' dir='ltr'><strong>verosi</strong></span> <span class='ocrx_word' id='word_1_226' title='bbox 1014 3259 1070 3304; x_wconf 82' lang='lat' dir='ltr'><strong>vos</strong></span> <span class='ocrx_word' id='word_1_227' title='bbox 1083 3239 1170 3304; x_wconf 82' lang='lat' dir='ltr'><strong>velut</strong></span> <span class='ocrx_word' id='word_1_228' title='bbox 1181 3237 1317 3304; x_wconf 86' lang='lat' dir='ltr'><strong>Gemelli</strong></span> <span class='ocrx_word' id='word_1_229' title='bbox 1330 3238 1511 3304; x_wconf 86' lang='lat' dir='ltr'><strong>Domomm</strong></span> 
     </span>
     <span class='ocr_line' id='line_1_32' title="bbox 318 3333 1510 3428; baseline 0.002 -22"><span class='ocrx_word' id='word_1_230' title='bbox 318 3342 479 3406; x_wconf 82' lang='lat' dir='ltr'><strong>Ormoniae</strong></span> <span class='ocrx_word' id='word_1_231' title='bbox 498 3350 531 3406; x_wconf 91' lang='lat' dir='ltr'><strong>et</strong></span> <span class='ocrx_word' id='word_1_232' title='bbox 551 3333 689 3406; x_wconf 80' lang='lat' dir='ltr'><strong>Ossoriae</strong></span> <span class='ocrx_word' id='word_1_233' title='bbox 709 3339 811 3405; x_wconf 87' lang='lat' dir='ltr'><strong>relicti</strong></span> <span class='ocrx_word' id='word_1_234' title='bbox 831 3341 918 3417; x_wconf 90' lang='lat' dir='ltr'><strong>estis,</strong></span> <span class='ocrx_word' id='word_1_235' title='bbox 937 3350 970 3405; x_wconf 90' lang='lat' dir='ltr'><strong>et</strong></span> <span class='ocrx_word' id='word_1_236' title='bbox 990 3340 1072 3405; x_wconf 90' lang='lat' dir='ltr'><strong>iuter</strong></span> <span class='ocrx_word' id='word_1_237' title='bbox 1093 3339 1266 3422; x_wconf 88' lang='lat' dir='ltr'><strong>Gemellos,</strong></span> <span class='ocrx_word' id='word_1_238' title='bbox 1284 3341 1381 3428; x_wconf 83' lang='lat' dir='ltr'><strong>juxta</strong></span> <span class='ocrx_word' id='word_1_239' title='bbox 1403 3365 1510 3408; x_wconf 86' lang='lat' dir='ltr'><strong>rerum</strong></span> 
     </span>
     <span class='ocr_line' id='line_1_33' title="bbox 316 3437 1509 3534; baseline 0.003 -25"><span class='ocrx_word' id='word_1_240' title='bbox 316 3445 509 3509; x_wconf 88' lang='lat' dir='ltr'><strong>naturalium</strong></span> <span class='ocrx_word' id='word_1_241' title='bbox 523 3444 641 3531; x_wconf 90' lang='lat' dir='ltr'><strong>peritos</strong></span> <span class='ocrx_word' id='word_1_242' title='bbox 656 3445 757 3531; x_wconf 82' lang='lat' dir='ltr'><strong>major</strong></span> <span class='ocrx_word' id='word_1_243' title='bbox 775 3443 918 3508; x_wconf 86' lang='lat' dir='ltr'><strong>foveatur</strong></span> <span class='ocrx_word' id='word_1_244' title='bbox 931 3437 1140 3530; x_wconf 47' lang='lat' dir='ltr'><strong>amor,&#39;quam</strong></span> <span class='ocrx_word' id='word_1_245' title='bbox 1153 3445 1236 3510; x_wconf 86' lang='lat' dir='ltr'><strong>inter</strong></span> <span class='ocrx_word' id='word_1_246' title='bbox 1249 3445 1345 3510; x_wconf 90' lang='lat' dir='ltr'><strong>aliam</strong></span> <span class='ocrx_word' id='word_1_247' title='bbox 1364 3447 1509 3534; x_wconf 90' lang='lat' dir='ltr'><strong>ejusdem</strong></span> 
     </span>
     <span class='ocr_line' id='line_1_34' title="bbox 318 3545 1508 3636; baseline 0 -22"><span class='ocrx_word' id='word_1_248' title='bbox 318 3547 434 3614; x_wconf 85' lang='lat' dir='ltr'><strong>Matris</strong></span> <span class='ocrx_word' id='word_1_249' title='bbox 445 3547 597 3626; x_wconf 89' lang='lat' dir='ltr'><strong>sobolem,</strong></span> <span class='ocrx_word' id='word_1_250' title='bbox 609 3547 692 3623; x_wconf 85' lang='lat' dir='ltr'><strong>Quis</strong></span> <span class='ocrx_word' id='word_1_251' title='bbox 702 3567 767 3610; x_wconf 88' lang='lat' dir='ltr'><strong>non</strong></span> <span class='ocrx_word' id='word_1_252' title='bbox 779 3545 858 3610; x_wconf 85' lang='lat' dir='ltr'><strong>vidit</strong></span> <span class='ocrx_word' id='word_1_253' title='bbox 869 3567 921 3610; x_wconf 93' lang='lat' dir='ltr'><strong>me</strong></span> <span class='ocrx_word' id='word_1_254' title='bbox 931 3547 1090 3633; x_wconf 88' lang='lat' dir='ltr'><strong>geminam</strong></span> <span class='ocrx_word' id='word_1_255' title='bbox 1098 3569 1224 3636; x_wconf 88' lang='lat' dir='ltr'><strong>quoque</strong></span> <span class='ocrx_word' id='word_1_256' title='bbox 1236 3547 1417 3614; x_wconf 81' lang='lat' dir='ltr'><strong>Historiolae</strong></span> <span class='ocrx_word' id='word_1_257' title='bbox 1425 3571 1508 3614; x_wconf 80' lang='lat' dir='ltr'><strong>meae</strong></span> 
     </span>
     <span class='ocr_line' id='line_1_35' title="bbox 315 3647 1508 3740; baseline 0.003 -25"><span class='ocrx_word' id='word_1_258' title='bbox 315 3659 438 3738; x_wconf 89' lang='lat' dir='ltr'><strong>partem</strong></span> <span class='ocrx_word' id='word_1_259' title='bbox 450 3651 507 3715; x_wconf 90' lang='lat' dir='ltr'><strong>uui</strong></span> <span class='ocrx_word' id='word_1_260' title='bbox 521 3658 554 3716; x_wconf 86' lang='lat' dir='ltr'><strong>et</strong></span> <span class='ocrx_word' id='word_1_261' title='bbox 566 3649 658 3714; x_wconf 85' lang='lat' dir='ltr'><strong>alteri</strong></span> <span class='ocrx_word' id='word_1_262' title='bbox 671 3647 890 3713; x_wconf 84' lang='lat' dir='ltr'><strong>Gemellorum</strong></span> <span class='ocrx_word' id='word_1_263' title='bbox 898 3649 1051 3714; x_wconf 81' lang='lat' dir='ltr'><strong>devovere</strong></span> <span class='ocrx_word' id='word_1_264' title='bbox 1063 3651 1221 3732; x_wconf 87' lang='lat' dir='ltr'><strong>debuisse,</strong></span> <span class='ocrx_word' id='word_1_265' title='bbox 1232 3673 1272 3716; x_wconf 84' lang='lat' dir='ltr'><strong>ue</strong></span> <span class='ocrx_word' id='word_1_266' title='bbox 1286 3673 1358 3718; x_wconf 83' lang='lat' dir='ltr'><strong>cum</strong></span> <span class='ocrx_word' id='word_1_267' title='bbox 1369 3651 1508 3740; x_wconf 79' lang='lat' dir='ltr'><strong>priorem</strong></span> 
     </span>
    </p>
   </div>
   <div class='ocr_carea' id='block_1_9' title="bbox 0 0 1618 4700">
    <p class='ocr_par' dir='ltr' id='par_1_11' title="bbox 0 0 1618 4700">
     <span class='ocr_line' id='line_1_36' title="bbox 0 0 1618 4700; baseline 0 3"><span class='ocrx_word' id='word_1_268' title='bbox 0 0 1618 4700; x_wconf 95' lang='lat' dir='ltr'><strong> </strong></span> 
     </span>
    </p>
   </div>
  </div>
 </body>
</html>
