3225 4700
471 350 878 420 lTlNERARlUM.
1213 359 1276 423 309

84 498 300 579 conflagrasse,
320 509 351 562 et
370 502 557 565 munimenta
575 506 675 567 diruta
694 526 767 578 esse,
787 526 888 567 coram
909 507 1102 589 inspexisset3
1132 508 1212 569 uude
1234 530 1278 570 se·

84 604 233 673 quentern
246 604 341 656 totum
360 597 441 658 diem
458 597 566 661 festum
586 621 648 663 esse
663 603 764 681 jussit,
783 622 819 662 ac
835 605 980 685 majorum
994 612 1206 665 tormentorum
1220 606 1278 666 dis·

85 689 224 769 plosione
239 690 373 752 letitiam
386 712 470 753 suam
485 695 516 759 iu
530 694 621 779 louge
634 698 752 759 dissitas
762 707 853 760 terras
863 698 1042 809 disulgpvit
1077 700 1151 767 Dux
1160 700 1278 761 interim

88 785 321 868 Luncburgicus
336 808 406 849 cum
420 788 568 852 Coesare'
559 812 590 852 m
609 794 737 875 gretiam
755 794 856 865 rediit,
874 814 910 855 ac
926 795 1072 856 nuiseraae
1090 796 1155 877 ejus
1175 796 1278 858 domui

87 880 242 1037 qutidqnid
255 880 327 944 illuc
339 904 433 965 usque
442 886 605 949 admissum
614 888 712 950 fuerat
721 890 827 971 culpae,
840 889 1067 951 clementissime
1078 891 1278 1005 condonatum

124 1178 1242 1358 ffifflffibbffibi

516 1577 705 1655 CAPUT
741 1580 849 1656 LXI.

150 1740 203 1809 De
219 1739 396 1811 Rebellione
411 1762 519 1815 contro
532 1753 650 1840 Repem
663 1754 832 1843 Hisponis
845 1756 880 1821 io
897 1754 1090 1822 Cotolourric
1105 1754 1223 1845 Reque.

102 1922 130 2001 J>
151 1931 156 1987 ἶ
227 1927 257 1990 ζ’
285 1922 324 1988 “z
345 1928 432 2009 ΗΜ
452 1938 515 1992 tote
533 1950 625 2012 prope
645 1930 807 1994 Germania
825 1933 904 1994 bello
922 1932 1071 2016 flagraret,
1093 1953 1128 1995 ac
1144 1934 1278 2011 dissidio,

111 1993 195 2140 74
192 2061 195 2070 ·
232 1984 347 2091 Mill
380 2026 525 2106 ejusmodi
538 2047 643 2109 regum
656 2038 687 2090 et
699 2029 868 2110 principum
881 2038 1068 2090 externorum
1083 2029 1277 2092 internorum·

111 2091 141 2211 Ε
172 2047 283 2235 ’ἓν
277 2099 343 2231 Β)
380 2143 437 2203 qne
451 2122 552 2203 aperti
564 2122 749 2205 occultique,
763 2124 973 2186 fomentatione
986 2145 1046 2186 nou
1060 2127 1278 2187 tantumnutri·

182 2174 296 2298 'Ab
301 2237 348 2284 «s
379 2229 491 2293 rentur,
514 2220 678 2282 sedetiam
700 2221 870 2283 sevissimis
893 2221 983 2282 armis
1005 2220 1037 2281 in
1058 2220 1277 2285 Germanorum

183 2317 223 2365 'et
289 2326 325 2369 w
379 2314 540 2398 perniciem
560 2324 815 2396 promoverentur,
835 2325 866 2379 et
885 2316 982 2380 indies
1001 2316 1090 2379 latius
1108 2326 1276 2398 serperent,

98 2413 129 2472 in
149 2413 326 2493 Hispaniam
343 2431 461 2492 quoqne
477 2431 557 2472 sarra
573 2419 732 2492 tempestas
751 2391 898 2488 incubuit,
918 2433 986 2494 ques
1005 2415 1153 2476 tandem
1144 2435 1175 2474 ru
1189 2414 1278 2478 cata·

97 2507 199 2570 launib
212 2518 414 2592 praegnantem
428 2507 514 2568 malis
526 2508 634 2568 nubem
649 2527 709 2568 non
723 2507 787 2568 siue
800 2508 976 2590 gravissimo
987 2510 1078 2571 totius
1091 2511 1177 2592 regni
1190 2531 1277 2573 sensu

98 2623 258 2664 exonerare
275 2603 364 2683 cepit.
407 2600 604 2680 Posteaquam
624 2601 705 2663 enim
717 2601 782 2680 ejus
800 2602 887 2684 regni
900 2602 1005 2665 incolae
1025 2604 1118 2686 Regis
1131 2605 1279 2668 Catholici

99 2698 254 2760 Vicurium
274 2699 366 2759 Anno
385 2695 556 2759 Chn'stiauo
575 2694 733 2756 millesimo
752 2697 964 2758 sexcentesimo
982 2699 1208 2781 quadragesimo
1227 2721 1280 2782 psr

99 2813 249 2856 summum
261 2793 357 2854 seclus
368 2792 432 2855 vite
444 2790 628 2871 fortunisque
640 2791 798 2872 spoliatum
818 2792 849 2852 iu
868 2793 1003 2856 ordinem
1019 2795 1212 2877 redegissent,
1226 2798 1279 2859 sd-

100 2890 170 2952 duci
183 2888 243 2951 huc
256 2909 349 2970 usqua
364 2907 510 2968 nusquam
525 2895 695 2968 potuerunt,
715 2894 750 2948 ut
766 2907 850 2948 mma
869 2888 1061 2969 deponerent,
1080 2891 1201 2971 regique
1214 2911 1277 2967 suo,

99 3006 152 3048 seu
164 2986 305 3047 damnato
318 3005 370 3046 seu
382 2993 521 3046 excusato
533 2983 642 3057 furore,
657 2982 873 3057 subderentur3
893 2992 924 3045 et
935 2983 1006 3046 licet
1022 3005 1075 3048 rex
1092 2985 1279 3064 adlaborerit,

99 3092 134 3144 ut
146 3081 336 3143 rebellionem
349 3079 460 3161 quanti
471 3090 569 3161 posset
581 3078 726 3140 modestii
738 3079 859 3159 sopiret,
871 3099 1024 3160 nunqnam
1043 3090 1141 3142 tamen
1158 3082 1198 3143 ad
1211 3103 1281 3144 cou-

100 3179 236 3241 siliorum
248 3197 368 3239 suorum
380 3185 489 3237 mcum
502 3175 599 3256 potuit
612 3174 797 3257 pertingere3
819 3174 898 3235 uude
912 3175 944 3235 iu
957 3175 1136 3256 justissimas
1154 3177 1212 3240 iras
1229 3200 1281 3241 ex-

101 3275 183 3349 arsit,
196 3271 378 3352 colleotbque
391 3271 484 3334 milite
498 3271 529 3331 iu
543 3269 648 3353 Regiae
662 3269 828 3351 Majeststis
842 3290 906 3332 reos
919 3271 1020 3333 valido
1030 3273 1161 3336 exercitu
1178 3278 1280 3354 movit,

101 3389 162 3429 nou
175 3377 274 3430 tamen
286 3369 356 3429 satis
365 3367 494 3449 propitio
504 3365 623 3426 Marte:
644 3365 738 3447 copies
747 3384 875 3444 namque
885 3364 945 3427 illes
954 3365 1136 3430 imbellibus
1145 3370 1280 3448 subditis,

11 3530 14 3547 .
101 3463 203 3524 omnia
214 3463 322 3525 itinera
333 3471 364 3524 et
375 3463 474 3523 aditus
484 3457 601 3522 summi
614 3459 686 3520 ouri
700 3470 731 3521 et
748 3460 949 3522 sollicitudine
966 3462 1189 3527 observantibus
1203 3486 1281 3528 noro
1362 3521 1364 3526 .

102 3558 219 3641 flagitio
241 3577 319 3620 coesa
339 3568 419 3619 sunt·
460 3556 502 3618 Et
519 3555 591 3636 quia
608 3554 750 3616 ridebant
772 3555 919 3637 ejusmodi
938 3575 1027 3618 ausus
1046 3578 1106 3619 non
1125 3580 1279 3640 passurum

104 3655 220 3738 Regem
239 3654 438 3729 catholicum,
456 3671 616 3736 pennasque
634 3651 854 3732 deposcitumm
872 3652 958 3716 noris
975 3653 1128 3718 submissis
1145 3656 1281 3733 ducibus,
