3225 4700
513 832 702 909 CAPUT
735 834 911 913 XLVII.

142 1005 364 1076 Memorabilia
379 1008 446 1075 olio
460 1031 525 1097 quo
539 1010 636 1075 vorin
650 1012 684 1075 io
699 1009 774 1076 loeis
783 1022 874 1099 pecto
887 1023 960 1077 aust
973 1010 994 1078 d
1007 1014 1118 1083 Mense
1131 1014 1275 1103 Aopusto

312 1110 401 1175 Aoni
419 1112 513 1193 1639,
526 1134 622 1200 osque
633 1113 678 1179 od
689 1112 882 1179 Jorroarium
897 1114 986 1181 Aoni
1002 1116 1095 1183 1640.

698 1248 727 1309 1.

150 1413 157 1441 ι
314 1373 363 1458 ¹:3ss
376 1355 491 1419 BNSE
505 1357 644 1439 Augusto
658 1356 870 1419 Serenissimus
887 1356 1035 1441 Princeps
1053 1369 1083 1422 et
1099 1359 1221 1421 Elector
1234 1360 1308 1422 Dux

219 1463 255 1548 ι,
331 1469 363 1528 r
395 1452 533 1515 Saxontae
542 1473 578 1514 ex
587 1454 714 1535 captivis
726 1454 831 1516 Saccus
840 1454 971 1517 libertati
981 1458 1109 1519 restiturt
1117 1456 1306 1519 Colouellum

146 1619 148 1626 y
176 1599 177 1606 ,
282 1607 289 1614 Χ,
330 1573 364 1642 ὃ
395 1548 511 1611 Dubalt
524 1560 553 1611 et
566 1550 725 1611 Jnuiorem
741 1551 922 1613 Bennirium
936 1574 1006 1615 cum
1016 1555 1216 1637 quadraginta
1229 1554 1308 1615 mili·

122 1633 143 1720 ’ἢ
175 1633 178 1668 ³
244 1697 248 1706 ,
331 1657 337 1662 ’
393 1646 473 1707 tibus
487 1647 641 1729 gregariis,
656 1667 730 1728 quos
747 1668 850 1709 omues
868 1670 937 1709 cum
956 1650 1038 1711 selvo
1055 1652 1208 1712 conductu
1225 1671 1308 1712 sexa·

123 1749 156 1798 e·
172 1719 199 1794 'j‘
212 1715 282 1793 ‘am
260 1783 282 1806 a
318 1719 332 1802 J
352 1783 362 1800 2
392 1743 477 1827 ginta
493 1744 629 1824 equitum
648 1743 774 1805 Pimam
793 1764 885 1825 usque
907 1745 1017 1807 deduci
1039 1745 1144 1807 voluit
1186 1746 1306 1808 Horum

104 1837 183 1898 verb
197 1837 263 1898 loco
276 1839 366 1900 Sueci
384 1841 607 1923 spoponderunt
623 1861 660 1903 ex
674 1841 846 1923 captivitate
859 1841 992 1902 vicissim
1005 1841 1156 1903 dimittere
1169 1840 1317 1931 Colone17

106 1934 177 1994 lum
187 1933 294 2017 Unger
303 1956 373 1997 cum
383 1937 563 2017 qmbusdam
572 1936 638 1998 alus
647 1937 792 2018 captivis
815 1936 986 2018 captivitate
997 1936 1160 1999 Succorum
1171 1937 1308 1999 srmrlrter

109 2038 267 2110 exemptus
278 2044 322 2094 est
335 2031 444 2095 Comes
454 2034 493 2095 de
504 2032 665 2108 Bnobaim,
680 2053 733 2112 qur
725 2033 868 2095 'honoris
879 2044 911 2094 et
923 2034 1002 2116 grati
1015 2033 1108 2094 animi
1119 2053 1209 2094 censa
1221 2034 1308 2096 uxori

112 2126 255 2189 Bannirii
268 2129 406 2191 eximiam
422 2128 544 2191 rhedam
558 2150 629 2191 oum
642 2150 694 2191 sex
707 2130 884 2204 falconibus,
899 2130 1024 2212 aliisque
1039 2130 1209 2213 magnificis
1221 2131 1307 2193 donis

108 2223 229 2285 obtulit.
271 2226 428 2289 Generalis
446 2227 614 2289 Hoffkircb
633 2228 749 2289 verbio
765 2228 905 2289 Sueciam
924 2230 1059 2310 captivus
1077 2230 1226 2290 abductus
1242 2239 1306 2305 est;

108 2321 198 2403 cnjus
214 2321 281 2384 rice
296 2321 454 2386 Generalis
468 2323 606 2386 Maroziu
624 2322 656 2385 in
669 2344 770 2386 arcem
784 2323 969 2408 Pragensem
982 2325 1022 2386 ad
1036 2325 1193 2387 arctiorem
1207 2336 1305 2388 custo·

107 2417 192 2478 diam
206 2419 366 2483 conclusus
380 2431 435 2482 est.

150 2514 199 2575 ΙΙ.
220 2515 322 2579 Multo
343 2517 465 2598 quidem
483 2528 615 2599 tempore
636 2516 696 2578 buc
717 2537 812 2598 usque
834 2516 961 2579 alterum
978 2517 1076 2579 fuerat
1093 2516 1246 2579 silentium
1265 2517 1304 2580 de

105 2610 203 2672 classe
225 2615 274 2674 cui
298 2613 482 2676 Francorum
506 2614 574 2676 Rex
597 2613 780 2695 Episcopum
805 2612 1062 2696 Burdegalensem
1085 2633 1155 2675 cum
1178 2613 1304 2696 imperio
1371 2604 1374 2613 ’

105 2707 282 2788 proesecerat
290 2731 299 2785 ;
321 2709 448 2791 ideoque
460 2730 548 2772 nemo
561 2729 621 2770 uon
636 2717 699 2770 erat
712 2709 764 2789 qui
778 2709 931 2771 dubitaret
944 2711 1017 2790 quio
1035 2710 1156 2792 optimae
1171 2711 1303 2774 victimae

104 2804 176 2865 loco
188 2824 335 2885 aquarum
352 2807 474 2888 praesidi
493 2806 646 2887 Neptuno,
666 2815 696 2867 et
714 2803 844 2866 marium
864 2805 955 2867 Divis
972 2807 1122 2868 cessisset:
1145 2828 1303 2870 eumeces

104 2901 163 2962 tibi
177 2911 284 2982 quarto
298 2903 415 2964 decimo
429 2903 562 2986 Augusti
579 2903 611 2963 iu
630 2903 753 2964 Biscaia
766 2902 866 2963 denuo
884 2902 1003 2964 nemine
1021 2903 1162 2984 opinante
1177 2905 1305 2984 emergit

104 2998 229 3070 iterum,
243 2999 399 3080 subitoque
413 2999 528 3080 impetu
541 3001 690 3060 Laredum
704 2997 802 3060 delata
815 2997 943 3060 feliciter
955 3019 1024 3060 eum
1045 2999 1145 3061 locum
1159 3021 1220 3061 una
1232 3021 1303 3062 cum

106 3096 142 3158 S.
158 3097 293 3158 Antonio
307 3104 469 3180 expugnat,
485 3117 561 3157 caeso
575 3105 604 3156 et
617 3096 719 3177 fugato
735 3095 823 3156 Duce
837 3095 861 3155 J
862 3115 957 3155 oeuue
972 3096 1010 3157 de
1024 3095 1142 3177 Sylves,
1157 3096 1209 3178 qui
1223 3098 1304 3160 ciroa

105 3213 159 3254 eos
172 3191 248 3254 flues
260 3212 331 3254 oum
343 3192 480 3280 pauculis
494 3191 622 3274 navigiis
632 3191 722 3253 nimie
732 3210 855 3252 securus
867 3191 994 3272 periculi
1003 3192 1178 3254 excubabat.
1209 3193 1302 3255 Utro·

105 3291 199 3370 bique
221 3291 352 3351 maxima
374 3289 460 3371 eopia
481 3286 574 3370 panni
594 3287 831 3368 prestantissimi
857 3294 974 3368 reperta
994 3296 1049 3364 est,
1074 3287 1117 3348 ita
1136 3296 1170 3349 ut
1193 3289 1304 3351 milites

108 3386 194 3448 Galli
208 3406 381 3448 omnesaue
391 3405 461 3446 cum
474 3383 665 3445 naviculariis
679 3404 739 3444 non
750 3382 846 3444 solum
857 3383 1014 3444 commode
1024 3383 1127 3445 vestiri
1140 3385 1301 3465 potuerint,

106 3483 163 3544 sed
181 3492 212 3543 et
229 3482 378 3563 reliquum
399 3481 509 3562 partim
530 3478 656 3541 distrahi
678 3479 788 3559 partim
810 3479 956 3560 asportari
978 3499 1151 3541 concessum
1173 3481 1220 3543 sit.
1262 3481 1301 3542 In

9 3644 13 3673 b
108 3581 221 3642 Sancto
239 3578 374 3640 Antonio
391 3578 512 3658 insuper
532 3575 646 3658 majora
663 3582 810 3636 tormenta
829 3575 938 3636 bellica
956 3584 1077 3636 centum
1097 3577 1129 3637 iu
1144 3575 1302 3638 Gallorum

106 3696 216 3738 manus
237 3675 432 3738 devenerunt.
474 3674 576 3753 Atque
597 3671 653 3732 hac
676 3672 779 3752 preda
803 3671 900 3733 Dives
922 3691 1006 3733 sacer
1029 3672 1206 3754 Episcopus,
1231 3673 1303 3734 belli
