3225 4700
499 343 897 414 ITINERARIUM.
1234 346 1299 413 405

102 493 105 498 ’
131 496 180 558 Ea
203 505 325 578 propter
345 493 377 558 in
401 497 508 578 primis
528 506 560 561 et
579 508 648 561 ante
670 499 773 560 omnia
792 499 1007 562 confirmamus
1022 510 1059 562 et
1078 509 1143 561 rata
1159 500 1300 563 volumus

93 604 185 675 pacta
199 604 230 656 et
249 595 462 657 conventiones
483 616 553 658 curu
571 597 783 659 confoederatis
803 598 890 658 nobis
911 597 1020 659 initas:
1053 599 1299 679 quandoquidem

86 691 268 771 judicamus
282 692 361 754 inter
370 693 523 775 praecipua
536 693 636 755 media
649 695 863 756 conservandae
873 705 904 756 et
913 697 1060 779 augendae
1070 696 1178 758 domus
1190 705 1299 758 nostrae

93 787 175 850 illud
194 809 268 863 esse,
283 799 317 850 ut
335 799 452 851 exteras
472 789 609 852 nationes
630 791 739 852 nostris
752 791 888 852 consiliis
909 793 1085 873 conjunctas
1106 793 1299 868 retineamus,

93 906 181 947 more
193 886 343 968 majorum
362 895 544 963 nostrorum,
557 887 613 968 qui
632 897 703 948 ante
724 907 779 949 nos
798 888 831 948 in
852 888 885 949 id
906 889 1039 950 uniebat
1059 891 1192 952 studiose
1214 891 1300 952 incu-

94 984 237 1044 buerunt.
286 983 520 1045 Minorenuibus
540 985 613 1046 verb
634 983 707 1045 liliis
730 985 839 1046 nostris
861 985 977 1047 nullam
1000 985 1090 1047 aliam
1114 988 1301 1050 educationis

94 1085 244 1143 rationem
254 1082 438 1157 ordinamus,
449 1102 539 1163 quam
547 1104 617 1165 quar
628 1083 681 1144 liet
694 1084 750 1145 sub
763 1082 886 1165 optimas
900 1104 962 1144 suoe
973 1084 1087 1158 matris,
1100 1082 1301 1146 dilectissimae

95 1179 237 1261 conjugis
260 1189 380 1252 uostrae,
403 1180 488 1254 cura,
509 1201 579 1242 cum
605 1181 748 1242 diutruna
767 1180 952 1262 experientia
973 1182 1082 1242 doceat
1106 1180 1185 1242 fidos
1206 1183 1303 1263 magis

95 1276 276 1338 educatores
290 1287 321 1338 et
335 1277 494 1358 magistros
509 1299 625 1339 morum
643 1278 746 1339 haberi
760 1299 821 1339 non
842 1297 927 1358 posse
940 1279 1031 1359 quim
1049 1298 1109 1349 eos.
1123 1298 1160 1338 ex
1175 1297 1302 1358 quorum

97 1393 191 1434 carne
211 1381 243 1434 et
255 1373 402 1456 sanguiue
419 1373 477 1435 filii
496 1374 702 1458 compaginati
723 1386 804 1436 sunt.
846 1375 965 1447 Quodsi
982 1377 1056 1437 verb
1074 1385 1105 1437 et
1124 1375 1188 1456 ipsa
1207 1385 1303 1437 mater

97 1469 357 1531 animadverteret
376 1483 444 1553 post
463 1483 599 1533 nostrum
620 1473 735 1535 obitum
755 1494 787 1533 se
807 1473 889 1534 haud
910 1473 964 1533 diu
984 1471 1217 1555 supersuturam,
1238 1473 1304 1553 ejus

98 1566 271 1647 prudentiae
285 1576 316 1628 et
334 1567 531 1629 sollicitudini
544 1569 744 1652 relinquimus
759 1580 792 1631 ut
808 1568 951 1631 adhibitis
964 1571 1147 1651 prudentum
1166 1568 1305 1630 consilia-

100 1663 216 1724 riorum
224 1662 362 1746 judiciis,
376 1663 451 1726 alios
464 1665 640 1728 educatores
650 1667 816 1728 secuudum
829 1687 916 1728 suum
930 1666 1150 1748 beneplacitum
1166 1665 1305 1727 ordinare

99 1761 206 1841 possit.

146 1857 193 1918 Ut
205 1867 305 1918 sutem
319 1859 409 1920 nobis
423 1861 618 1925 suavissimus
632 1863 725 1925 frater
736 1874 837 1924 noster
852 1863 926 1924 Dux
936 1862 1164 1924 Aurelianensis
1178 1882 1305 1946 cognos-

102 1962 154 2014 cat
166 1964 301 2015 nostrum
315 1955 347 2015 in
361 1976 393 2017 se
406 1955 559 2034 affectum,
574 1980 664 2040 qnem
678 1959 707 2021 ei
723 1960 807 2022 nullo
820 1980 881 2021 noa
895 1971 1029 2041 tempore
1045 1959 1231 2020 ostendimus
1245 1979 1305 2020 non

102 2051 236 2133 potuisse
252 2051 425 2114 labefactari
439 2065 492 2116 aut
506 2054 568 2117 ulla
581 2065 749 2138 temporum
762 2057 885 2138 injuria,
899 2068 952 2119 aut
966 2055 1221 2118 machinationum
1240 2076 1307 2137 per·

102 2148 187 2224 fidia,
213 2149 423 2212 constituimus
449 2151 548 2233 ipsum
569 2155 755 2215 minorennis
776 2155 872 2236 Regis
892 2163 959 2237 post
982 2163 1119 2214 nostrum
1142 2153 1306 2214 discessum

102 2249 274 2332 generalem
303 2248 404 2310 locum
431 2258 583 2312 tenentem
609 2251 775 2312 universim
797 2271 852 2332 per
878 2271 983 2313 omnes
1010 2251 1096 2331 regni
1123 2250 1305 2332 provincias,

102 2368 165 2428 qno
181 2346 212 2407 in
227 2345 338 2421 officio,
354 2347 457 2428 quoad
473 2347 540 2409 Rex
553 2348 593 2409 ad
607 2347 727 2430 plenam
742 2358 774 2409 et
789 2347 1016 2431 gubernationis
1029 2368 1169 2429 capacem
1189 2357 1307 2408 aetatem

103 2448 271 2531 pertigerit.
313 2447 381 2510 Nec
395 2449 524 2511 obstabit
536 2449 687 2510 ordinatio
700 2448 753 2509 illa
765 2470 856 2532 penes
870 2447 1099 2511 Parlamentum
1113 2460 1246 2510 nostrum
1262 2470 1309 2509 as-

104 2556 234 2619 servata,
254 2566 314 2627 qua
331 2566 400 2607 eum
419 2545 582 2607 inhabilem
600 2545 641 2606 ad
656 2546 759 2606 omnia
773 2544 941 2606 officiorum
963 2545 1069 2605 munia
1083 2554 1113 2606 ct
1125 2545 1309 2627 dignitatum

103 2643 217 2726 gradus
237 2640 363 2704 antehac
382 2642 614 2717 declaravimus,
636 2662 726 2723 quam
748 2642 842 2703 hacce
863 2652 964 2703 nostra
984 2653 1135 2723 postrema
1157 2641 1309 2705 voluntate

103 2741 305 2802 rescindimus
318 2750 349 2802 et
358 2740 558 2802 annullamus.
588 2739 788 2801 confidentes
797 2738 1022 2823 benignissimae
1033 2738 1127 2820 ipsius
1137 2755 1264 2816 uaturre,
1278 2752 1309 2802 ct

102 2838 197 2920 regiae
214 2859 251 2899 ex
267 2858 329 2918 qua
341 2850 424 2899 ortus
439 2847 484 2899 est
496 2836 656 2920 prosapia,
671 2835 756 2897 illum
771 2835 856 2897 nullo
871 2836 960 2897 modo
974 2836 1199 2918 permissurum,
1214 2846 1247 2898 ut
1260 2837 1309 2898 vel

104 2942 211 2994 contra
224 2934 353 3018 Regem,
367 2935 416 2996 vel
432 2934 520 3017 regni
540 2933 621 3017 leges
633 2944 665 2995 et
682 2943 795 2995 statuta
814 2934 979 3014 quidquam
994 2933 1183 3009 admittatur,
1198 2945 1250 2996 aut
1264 2933 1311 2995 in·

104 3030 294 3093 troducatur.
331 3030 530 3091 Declaramus
544 3029 667 3111 insuper
676 3041 719 3105 ut,
736 3029 761 3089 si
775 3029 839 3111 ipse
852 3030 1064 3111 quoquomodo
1075 3040 1310 3092 coutruomnem

104 3146 190 3207 spem
204 3136 338 3189 nostram
352 3127 486 3208 quidque
500 3147 594 3209 reguo
608 3127 732 3188 noxium
745 3126 794 3187 vel
809 3127 890 3210 Regi
903 3126 1065 3187 adversum
1075 3126 1309 3197 machinaretur,

105 3223 144 3283 ab
161 3221 214 3283 illo
230 3222 330 3285 officio
347 3232 378 3284 et
397 3224 576 3305 praefectura
591 3234 782 3304 quantocyus
802 3236 992 3285 removeatur
1007 3224 1052 3285 uti
1072 3232 1103 3285 et
1124 3224 1311 3305 inpraesenti

107 3339 307 3381 removemus.
350 3318 612 3402 Prohibemusque
625 3320 765 3382 omnibus
777 3331 808 3382 et
821 3320 949 3404 singulis
958 3321 1084 3382 subditis
1098 3321 1215 3396 nostris,
1231 3333 1310 3383 uteo

107 3437 191 3486 casu,
212 3436 302 3497 quem
321 3418 423 3499 superi
438 3427 574 3478 avertant
591 3416 649 3498 ipsi
667 3437 857 3499 nequaquam
875 3426 1010 3499 pareant,
1033 3428 1085 3479 aut
1104 3418 1136 3478 in
1158 3437 1310 3499 quoquam

108 3512 267 3574 adsistant.
303 3513 458 3585 Quantum
473 3512 545 3574 verb
559 3513 598 3574 ad
612 3512 761 3595 Reginam
773 3515 936 3596 conjugem
947 3523 1089 3590 nostram,
1101 3526 1169 3595 post
1181 3526 1310 3577 mortem

109 3619 242 3671 nostram
257 3610 489 3693 gubernaturam
509 3610 650 3690 pertinet,
665 3610 732 3691 ejus
745 3610 850 3671 virtuti
863 3618 893 3671 et
908 3610 1024 3690 pietati,
1038 3630 1128 3690 quara
1146 3610 1310 3671 multorum

110 3726 260 3767 annorum
274 3706 494 3768 cohabitatione
508 3706 627 3767 abunde
641 3706 861 3786 exploravimus
870 3706 1062 3768 confidimus.
1100 3708 1177 3768 Earn
1193 3716 1226 3768 ut
1240 3705 1309 3767 Ms-
