3225 4700
337 355 400 419 ‘290
729 345 1129 415 lTlNERARlUM.

671 547 836 615 com
862 545 1185 614 LITERARUM.

340 669 485 728 Antonius
500 667 669 728 Munatius
683 667 743 728 Dei
757 677 787 728 et
796 667 971 746 Apostolioa
983 668 1061 728 tedia
1081 667 1190 726 Gratia
1209 667 1368 744 Episcopus
1387 667 1537 725 Petines-

378 766 429 836 sis,
439 765 536 825 Sacroe
549 765 688 825 Cesarea
700 764 885 843 Majeatotis,
894 783 948 823 neo
955 784 1012 824 non
1019 765 1382 824 &subumidmtidacis
1391 763 1538 839 leopoldi

382 859 524 919 Gulielmi
542 861 736 920 consiliarius
750 870 780 920 et
789 861 983 921 Eaeroitaarn
1000 862 1196 920 Gasareoran
1215 861 1350 920 Vioorias
1364 859 1536 918 Generalis,

420 983 599 1046 Reverendo
612 983 699 1046 nobis
711 983 743 1044 in
757 983 881 1046 Obristo
898 985 1009 1046 dilecto
1021 984 1145 1045 Thomoe
1163 983 1263 1046 Carvo
1281 981 1439 1045 Sacerdoti
1458 981 1535 1061 Hy·

456 1080 549 1142 berno
566 1079 731 1161 Capelluno
754 1079 929 1162 Regimenti
950 1080 1141 1142 illustrissimi
1162 1079 1443 1162 generosissimiqus
1463 1079 1534 1138 Do·

457 1176 534 1238 mini
544 1175 692 1238 Colonelli
707 1176 869 1237 Dereroux
884 1175 1018 1238 Sdutsm
1032 1178 1065 1238 in
1080 1176 1213 1237 Domino
1227 1187 1258 1238 et
1270 1195 1358 1237 omne
1372 1176 1501 1237 bonnm.

405 1287 647 1352 ASTORALIS
670 1296 778 1349 nostra
800 1287 1013 1350 sollicitudinis
1033 1299 1131 1370 partes
1151 1309 1214 1350 esso
1234 1288 1452 1370 dignoscimus,
1469 1309 1532 1348 non

405 1397 520 1450 tautum
534 1385 705 1446 incumbere
720 1396 754 1446 ut
767 1385 785 1446 b
797 1385 900 1466 dignis
912 1396 942 1446 et
950 1385 1081 1468 probatis
1096 1385 1307 1447 Sacerdotibus
1319 1395 1422 1446 sancte
1435 1385 1534 1444 admi-

339 1483 502 1544 nistrentur
511 1479 656 1542 militibus
667 1480 881 1542 Ecclesiastico
890 1480 1093 1556 Sacramenta,
1105 1481 1308 1542 verumetiam
1320 1480 1394 1541 vitia
1403 1488 1435 1541 et
1443 1479 1534 1540 malae

338 1577 568 1638 consuetudines
582 1585 643 1637 tam
656 1575 845 1638 Clericorum
858 1597 950 1659 quam
962 1576 1121 1638 Laioorum
1132 1576 1336 1652 eliminentur,
1344 1585 1376 1637 et
1384 1576 1533 1637 radicitus

338 1674 541 1754 extirpentur:
564 1684 594 1735 et
606 1693 676 1734 cum
694 1693 754 1734 non
772 1674 882 1753 ubique
902 1693 966 1734 esse
986 1673 1141 1754 possimus,
1160 1681 1317 1755 propterea
1334 1673 1373 1735 de
1390 1693 1447 1734 sua
1458 1694 1532 1734 cou-

339 1776 436 1829 stantc
454 1767 526 1842 tide,
539 1769 710 1851 prudentia,
731 1769 878 1850 probitate
891 1780 922 1831 et
935 1768 1115 1851 integritate,
1129 1789 1237 1850 eaque
1254 1768 1411 1850 fungimur
1426 1768 1459 1829 in
1472 1769 1532 1829 hoo

339 1865 470 1926 exercitu
497 1863 635 1927 Caesareo
657 1865 842 1942 auctoritate,
872 1875 900 1927 te
926 1866 1131 1946 supradictum
1159 1866 1357 1926 reverendum
1381 1863 1530 1924 Thomam

341 1961 437 2022 Oarve
451 1961 482 2021 iu
498 1960 696 2042 Capellannm
710 1961 856 2043 majorem
870 1981 961 2044 supra
974 1961 1110 2022 nationes
1124 1961 1304 2046 Anglorum,
1323 1962 1483 2023 Scotorum
1503 1970 1533 2020 et

341 2055 557 2138 Hybernorum
577 2067 639 2117 tam
664 2055 943 2118 Ecclesiastioorum
967 2077 1057 2136 quam
1084 2057 1243 2118 Iaioorum
1264 2057 1296 2118 in
1318 2056 1375 2117 hoc
1396 2055 1530 2118 exercita

339 2153 586 2214 commorantium
613 2172 667 2233 per
692 2160 854 2233 praesentes
874 2152 1011 2229 facimus,
1033 2153 1251 2228 constituimus,
1272 2153 1462 2237 deputamus,
1492 2153 1530 2212 ad

340 2257 473 2310 nostrum
486 2247 717 2329 beneplacitum,
733 2268 802 2309 cum
817 2248 955 2310 omnibus
968 2248 1143 2325 honoribus,
1157 2250 1296 2311 oneribus
1312 2260 1344 2312 et
1357 2251 1532 2332 praerogati-

340 2345 396 2418 vis,
418 2366 487 2406 cum
508 2354 651 2426 potestate
671 2365 774 2406 omnes
793 2345 971 2427 depravatos
990 2367 1087 2407 mores
1106 2347 1138 2407 in
1159 2348 1291 2427 personis
1312 2345 1532 2409 Ecclesiasticis

340 2441 512 2523 corrigendi
520 2451 549 2503 et
557 2441 748 2515 emendandi,
755 2440 1160 2522 informationesaooipiendi,
1170 2451 1200 2502 et
1207 2462 1361 2523 processus
1369 2443 1529 2516 formandi,

341 2546 401 2596 tam
415 2556 505 2617 snpra
518 2535 642 2598 clericos
655 2556 746 2616 quam
759 2537 852 2598 laicos
869 2538 902 2599 in
919 2537 1134 2621 spiritualibus,
1149 2537 1309 2617 omniaque
1326 2537 1413 2599 nobis
1430 2538 1530 2599 notifi-

341 2632 442 2706 candi,
463 2640 497 2694 ut
518 2644 685 2714 opportuna
708 2633 854 2713 possimus
874 2632 1014 2695 adhibere
1035 2633 1177 2695 remedia.
1225 2633 1353 2715 Insuper
1375 2632 1528 2695 licentiam

341 2727 457 2803 damus,
481 2728 675 2791 Sacramenta
699 2728 911 2791 Ecclesiastico
930 2729 1159 2791 administrandi
1177 2730 1372 2811 regiminibus
1391 2750 1454 2790 nou
1478 2730 1529 2789 ha·

340 2822 478 2884 bentibus
491 2822 719 2905 cappellannm.
764 2824 927 2887 Mouemus
943 2825 1071 2906 proinde
1087 2844 1190 2885 omnes
1208 2826 1413 2907 cujuscunque
1426 2825 1530 2887 condi·

341 2918 430 2980 tionis
443 2920 504 2981 siut
520 2930 550 2981 et
568 2930 663 2981 status
681 2920 801 2981 illarum
819 2920 975 2981 nationum
994 2919 1049 3001 qui
1065 2938 1169 2980 curam
1186 2920 1354 2982 animarum
1371 2931 1481 3003 gerunt
1497 2932 1531 2983 nt

341 3016 545 3097 supradictum
563 3036 617 3097 pro
635 3016 688 3078 tali
707 3023 880 3097 agnoscant,
902 3014 990 3096 eique
1007 3015 1208 3076 obedientiam
1228 3016 1362 3078 debitam
1378 3026 1529 3098 praestent,

341 3114 481 3176 officiales
494 3133 596 3174 omues
609 3121 757 3195 rogantes,
773 3122 807 3173 ut
820 3112 902 3173 dioto
914 3112 993 3192 patri
1006 3132 1060 3172 sua
1076 3110 1250 3172 auctoritate
1267 3112 1413 3187 assistant,
1433 3134 1528 3193 neque

342 3209 489 3270 ullatenus
503 3210 567 3292 ejus
581 3217 754 3291 potestatem
768 3207 864 3268 minui
877 3208 1045 3288 patiantur:
1067 3207 1099 3267 iu
1113 3226 1239 3288 quorum
1257 3206 1349 3269 fidem
1362 3206 1416 3268 bas
1428 3220 1527 3288 pateu-

343 3314 387 3363 tes
400 3303 512 3365 litteras
525 3325 617 3365 mauu
630 3303 752 3386 proprii
766 3303 1003 3383 subscripsimus,
1017 3314 1047 3365 et
1060 3302 1169 3385 Sigillo
1179 3312 1279 3364 nostro
1291 3304 1402 3364 muniri
1412 3304 1527 3365 curavi·

344 3418 419 3459 mus.
436 3458 439 3464 ,
462 3398 576 3461 Datum
591 3400 706 3462 Biirnu
721 3399 753 3461 in
766 3398 952 3479 Weatphalia
965 3398 1016 3460 die
1029 3402 1069 3459 20
1080 3398 1217 3461 Octobris
1230 3400 1323 3459 Anno
1338 3400 1425 3459 1640.

422 3496 533 3554 Antoni
634 3498 640 3513 ¹
816 3498 827 3554 i
901 3497 907 3511 '
1263 3532 1271 3546 .
1296 3533 1303 3547 .
1330 3534 1337 3547 .

432 3497 947 3637 Vioaooirbfptibboepibiifzsberb'idr.
1111 3532 1226 3614 (Imm
1239 3532 1366 3615 s¹g¹ss¹')

1000 3671 1130 3748 Angelus
1143 3672 1287 3729 Antonias
1303 3670 1469 3749 Ottapaaas

1168 3766 1300 3825 Cancell.

1043 3860 1091 3921 De
1107 3860 1253 3921 Mandata
1270 3861 1421 3941 Episcopi.
