3225 4700
331 329 397 394 260
719 331 743 395 Ι
749 329 804 396 TI
809 327 1031 399 Nassa!
1038 328 1126 396 ΗΜ.

332 479 458 556 salvam,
472 488 502 542 et
515 501 546 542 se
557 481 725 563 captivitati
736 483 919 566 mancipare,
931 483 963 545 in
974 503 1036 566 quo
1045 482 1122 545 alter
1130 480 1258 566 periculi
1269 478 1422 542 nimium
1431 495 1541 538 securus

333 577 519 658 aliquamdiu
539 577 609 642 fixis
622 579 718 641 oculis
729 579 858 656 haerens,
874 601 909 642 ac
922 582 1080 664 ambigens
1090 589 1206 651 utrum,
1218 579 1299 660 quid
1314 577 1415 639 cuive
1430 594 1543 656 respon·

332 675 427 746 deret,
446 675 614 737 mirabatur
629 676 745 739 scilicet
762 678 946 740 audaculum
963 677 1109 740 rusticum
1122 675 1222 738 cubile
1235 694 1332 736 suum
1349 681 1420 734 tam
1434 683 1541 732 mature

332 771 516 853 sinepraevio
525 772 611 853 pulsu
618 773 927 856 ingressum,videbat
934 795 1005 837 vero
1012 774 1103 837 etiam
1110 782 1269 844 mutatum,
1275 790 1400 833 vocem
1408 767 1544 829 audiebat

332 867 422 929 militi
436 889 496 930 non
510 869 622 932 rustico
635 879 794 946 assuetam,
811 880 845 932 ut
857 891 889 933 se
902 871 1048 952 tantisper
1061 869 1194 952 collegit,
1209 876 1301 949 rogat
1311 866 1390 948 quis
1401 865 1541 945 sit,quid·

332 985 370 1026 ve
392 965 476 1041 velit,
495 965 546 1028 cui
565 966 640 1028 alter
659 965 779 1043 iterum,
793 968 930 1029 vitamne
943 967 1001 1030 sibi
1014 967 1123 1029 donari
1132 974 1227 1048 roget,
1239 963 1372 1026 neenet
1393 981 1468 1023 cnm
1483 980 1543 1020 tero

331 1060 453 1124 iuterim
467 1061 651 1144 Capitaueut
664 1062 704 1124 sd
714 1063 859 1145 parietem
873 1063 952 1126 lecto
964 1063 1100 1126 vicinum
1113 1081 1198 1124 arma
1210 1061 1391 1143 expediret,
1410 1057 1540 1120 bombar-

331 1157 444 1234 dulam,
467 1179 557 1240 quum
578 1179 670 1222 mauu
690 1161 828 1222 versabat
848 1161 880 1221 in
901 1160 1052 1223 bominem
1068 1162 1135 1242 jem
1156 1159 1310 1220 intentam
1334 1155 1498 1238 displodit,
1516 1163 1543 1214 et

328 1256 562 1337 primoquidem
578 1257 702 1318 minime
715 1257 835 1319 mortali
856 1258 920 1320 ictu
938 1258 1062 1320 sauciat.
1105 1257 1251 1339 Dumque
1268 1255 1394 1316 iterum
1409 1251 1540 1331 sclopum

331 1352 472 1434 plumbeo
495 1352 617 1435 globulo
640 1352 774 1426 infercit,
795 1354 979 1437 Capitaueus
998 1353 1110 1416 lectulo
1129 1352 1281 1427 exsiliens,
1305 1351 1409 1431 inque
1432 1347 1541 1408 bostem

331 1469 419 1511 suum
432 1449 558 1524 irruens,
573 1449 812 1530 pertinacissimo
824 1471 969 1514 manuum
984 1451 1016 1512 in
1028 1451 1126 1513 crines
1135 1451 1260 1533 injectu,
1270 1447 1445 1510 fortissime
1455 1452 1538 1516 tenet,

332 1545 432 1626 quoad
445 1544 523 1606 alius
535 1565 572 1606 ex
586 1545 684 1608 amico
696 1547 792 1610 milite
807 1549 1030 1630 superveniens,
1044 1548 1191 1610 luctantes
1209 1566 1294 1629 aegre
1317 1542 1445 1606 dirimit
1458 1550 1541 1620 atque

332 1651 406 1703 tuuc
430 1640 525 1704 altero
549 1643 748 1724 capitaneum
772 1643 837 1707 ictu
860 1665 956 1728 eoque
976 1643 1079 1706 lethali
1098 1654 1187 1706 terre
1207 1641 1336 1724 affligit.
1382 1636 1537 1717 Praecipue

331 1739 425 1822 igitur
438 1739 522 1801 hoste
534 1741 643 1822 partim
657 1750 766 1823 cept03
788 1743 898 1824 partim
911 1743 988 1819 fuso,
1003 1743 1043 1805 ud
1056 1743 1177 1825 rapinas
1190 1739 1278 1810 itum,
1290 1735 1474 1819 singulique
1485 1731 1536 1794 sibi

331 1837 466 1917 praedam
480 1857 549 1918 qum
561 1837 734 1915 obtineret,
749 1839 896 1922 deligunt

372 1933 458 1994 Inter
471 1933 569 1995 varios
581 1935 735 1996 discursus
749 1946 780 1998 et
791 1935 940 1998 tumultus
952 1937 1028 1999 forte
1041 1935 1133 1998 etiam
1150 1934 1190 1996 ad
1206 1931 1443 1996 cellerariorum
1455 1932 1535 2005 (quo-

331 2051 399 2092 rum
409 2031 472 2093 duo
482 2030 550 2092 istic
561 2051 651 2114 agere
661 2043 892 2109 consueverunt,
903 2055 982 2095 unus
993 2033 1115 2095 nomine
1126 2029 1375 2094 Eminentissimi
1387 2021 1532 2103 Principis

333 2127 481 2189 Electoris
502 2127 694 2209 Moguntini,
716 2129 793 2190 alter
812 2129 880 2193 loco
901 2131 1087 2213 landgravii
1108 2125 1388 2200 Darntstadieusis)
1409 2121 1489 2184 tedes
1505 2137 1533 2178 ae

331 2224 469 2286 nonnulli
482 2225 615 2288 militum
630 2225 828 2303 insinuarunt,
843 2247 973 2309 cumque
986 2248 1045 2290 non
1060 2247 1150 2289 nemo
1167 2221 1404 2288 Darmatadiuni
1419 2215 1531 2281 Princi-

331 2321 379 2403 pis
391 2319 548 2383 officialem
562 2341 617 2384 con
622 2323 753 2405 spicatas
766 2331 852 2399 esset,
861 2325 1016 2407 judicavit
1027 2343 1065 2386 ex
1076 2323 1185 2386 vestitu
1195 2322 1325 2384 militem
1337 2337 1414 2393 esee,
1424 2311 1531 2377 aublttss

331 2417 434 2500 itaque
448 2418 557 2492 securi,
572 2438 665 2500 qnam
678 2440 733 2503 pro
747 2420 862 2483 ratione
874 2421 988 2504 opificii
999 2422 1093 2504 portis
1102 2418 1312 2503 effringendis,
1323 2418 1351 2479 ei
1366 2434 1439 2477 usus
1451 2410 1526 2481 toret,

331 2534 432 2577 secum
447 2516 606 2591 detulerat,
621 2516 743 2579 fatalem
757 2516 852 2580 ictum
866 2519 1010 2592 minatur,
1023 2538 1093 2580 cum
1107 2518 1159 2579 ille
1168 2517 1237 2598 quis
1246 2526 1327 2577 esset
1335 2510 1443 2584 edicit,
1451 2504 1528 2567 unsset

332 2614 450 2675 veniam
464 2622 614 2694 precatus,
628 2613 767 2676 dimittit
806 2616 902 2699 AEgre
915 2626 1017 2698 postea
1029 2615 1094 2679 baec
1108 2636 1156 2678 res
1168 2613 1323 2675 bominem
1334 2626 1444 2693 parum
1455 2600 1525 2666 mlli-

332 2710 383 2771 tie
407 2718 557 2772 assuetum
586 2709 701 2786 babuit,
726 2710 917 2793 multumque
943 2713 1017 2775 de
1008 2712 1121 2796 tujuria
1145 2710 1228 2793 apud
1251 2702 1526 2770 Eminentissimum

332 2806 501 2869 Electorem
517 2806 781 2890 Mcguntiueuscm
794 2808 833 2869 de
845 2818 968 2889 questus
978 2821 1031 2872 est
1050 2809 1136 2882 Quid
1145 2827 1219 2870 vero
1227 2803 1382 2887 acceperit
1390 2792 1524 2880 responsi

332 2902 388 2965 id
378 2924 435 2986 tpst
426 2902 605 2965 hominum
619 2902 843 2986 simplicissimo
860 2905 998 2986 liquebit,
1015 2918 1096 2969 certe
1114 2906 1140 2968 si
1158 2924 1268 2966 nomen
1285 2912 1319 2964 et
1331 2896 1425 2961 officii
1438 2889 1524 2974 quali-

332 3012 424 3062 tatem
438 3000 529 3063 l'ronti
544 2999 721 3112 inscriptam
735 3000 978 3078 circumtulisset,
998 3003 1047 3064 vel
1063 3002 1266 3064 excubitorem
1284 2998 1386 3059 cuivis
1401 2990 1520 3053 mittun

333 3097 508 3171 addidisset,
523 3097 600 3159 illud
614 3096 731 3159 sanein
746 3096 845 3179 ipsum
859 3117 949 3160 nemo
961 3099 1066 3162 tuisoet
1078 3120 1168 3161 ausus
1181 3094 1363 3160 machinari.

373 3193 498 3275 Reliqui
518 3192 640 3255 hostiles
658 3192 769 3255 milites
784 3195 929 3256 exarmati
947 3214 1017 3257 mox
1035 3196 1075 3257 ad
1092 3194 1259 3257 custodiam
1277 3189 1458 3255 securiorem
1473 3180 1520 3241 de‘

334 3289 512 3365 ductisunt,
528 3290 581 3351 ubi
595 3290 710 3353 sincere
724 3290 883 3352 edixerunt
898 3290 1098 3353 vexilliferum
1117 3290 1171 3353 illo
1189 3290 1255 3372 ipso
1270 3289 1322 3351 die
1339 3289 1518 3367 expectatum

334 3406 398 3448 esse
412 3385 639 3461 Francosordia,
651 3406 721 3447 cum
733 3385 847 3466 aliquot
856 3406 959 3449 recens
968 3388 1129 3449 auctoratis
1137 3386 1293 3461 militibus,
1303 3402 1394 3467 quem
1404 3374 1514 3459 quidem

333 3481 597 3566 Coningsteiniaui
610 3502 647 3544 ex
660 3482 779 3545 insidiis
792 3493 987 3564 expectatunt
1004 3486 1036 3546 in
1054 3504 1151 3546 seram
1163 3503 1331 3566 vesperam,
1349 3479 1402 3542 sed
1419 3486 1452 3535 ttt
1467 3488 1515 3551 ΡΠ·

333 3592 401 3645 tant
416 3580 515 3657 multi,
531 3579 550 3641 d
571 3580 692 3643 rusticis
710 3580 809 3663 ipsum
826 3579 918 3643 inisse
937 3582 1083 3644 monitum
1101 3582 1141 3643 de
1157 3580 1245 3643 clade
1261 3597 1393 3650 enorum,
1410 3573 1511 3648 iterque

332 3679 482 3763 relegisse.
