3225 4700
334 333 398 396 412
730 329 751 395 1
759 329 811 396 TI
816 328 853 394 N
858 328 1035 396 Enna!
1043 327 1127 398 ΗΜ.

372 484 597 546 Faanrnsnnns
613 484 680 545 III.
695 484 902 544 Romanorum
915 483 1095 563 Imperator,
1109 481 1281 563 Hnngariae
1290 499 1410 562 quoque
1424 487 1455 540 et
1474 479 1547 539 Bo·

338 581 445 642 bemiae
466 580 544 655 Rex,
571 581 819 642 clementissimus
847 580 986 641 dominns
1011 591 1122 655 noster,
1152 578 1376 661 spectatissimis
1400 575 1546 638 dominis

338 677 509 751 electorum,
525 678 693 760 principum
711 687 743 737 et
759 686 891 738 statuum
910 677 1087 737 consiliariis
1103 697 1139 737 ac
1156 676 1262 760 legetis
1274 677 1311 736 ad
1331 675 1410 736 hunc
1429 674 1543 735 locum

336 776 510 835 convocatis
523 786 584 837 tam
603 775 798 856 presentibus
812 793 902 854 quam
921 774 1092 835 absentibus
1111 773 1273 836 cessariam
1294 793 1377 834 snam
1398 773 1541 833 clemen-

336 871 411 933 tiam
425 881 455 932 et
468 871 597 954 gratiam
609 892 678 933 cum
692 871 775 931 omni
789 871 984 954 prosperitate
997 869 1085 931 offert
1097 881 1128 932 et
1142 879 1291 951 precatur.
1333 871 1457 932 Etcum
1475 867 1541 930 cle·

338 968 521 1029 mestissime
540 968 709 1030 meminerit
723 969 798 1050 qnid
817 969 847 1028 in
863 967 1006 1049 proximis
1024 967 1199 1029 Ratirbonoe
1212 967 1323 1028 habitis
1335 967 1480 1036 comitiis,
1497 967 1540 1025 26

339 1063 418 1124 Maii
431 1083 510 1125 anno
527 1067 602 1125 1640
616 1065 655 1126 da
668 1064 856 1126 reformanda
864 1063 984 1145 justitia
994 1073 1056 1123 mm
1069 1063 1100 1124 in
1115 1077 1240 1145 utroque
1253 1063 1378 1125 consilio
1390 1062 1540 1125 Caesareo

337 1160 488 1241 imperiali
502 1160 617 1223 scilicet
629 1171 659 1222 et
672 1161 781 1237 aulico,
795 1180 885 1242 qnam
897 1160 1048 1223 Camerali
1060 1160 1193 1242 Spirensi
1201 1170 1302 1222 actum
1313 1170 1343 1222 et
1354 1159 1537 1221 conclusum

337 1257 437 1332 luerit,
451 1269 486 1320 ut
498 1259 640 1320 nimirum
661 1258 809 1340 imprimis
825 1269 946 1340 propter
964 1259 1028 1339 jam
1048 1258 1160 1320 dictam
1175 1259 1326 1340 justitiam
1341 1258 1379 1318 od
1396 1257 1536 1338 primum

337 1354 418 1416 diem
431 1356 510 1416 Maii
520 1357 592 1416 anni
602 1355 752 1416 millesimi
764 1355 972 1416 sexcentesimi
983 1353 1206 1437 quadragesimi
1216 1355 1337 1416 secundi
1348 1356 1386 1415 ab
1395 1353 1538 1415 amineu-

337 1451 450 1512 tissimo
465 1452 700 1534 Archiepisoopo
715 1461 746 1513 et
763 1451 907 1532 Principe
922 1450 1069 1526 Electum,
1084 1453 1161 1513 sacri
1180 1453 1310 1514 Romani
1330 1451 1455 1532 Imperii
1479 1471 1537 1530 per

338 1547 535 1610 Germaniam
550 1547 826 1610 Arcbicancellario
840 1547 986 1610 Anselmo
999 1548 1147 1610 Casimiro
1160 1549 1199 1610 ad
1216 1549 1443 1610 deliberandum
1458 1567 1536 1608 con·

338 1657 516 1707 nocerentur
529 1647 698 1728 principum
712 1658 743 1708 et
755 1655 887 1707 statuum
898 1645 1000 1728 legati.
1042 1645 1133 1718 Quod
1146 1647 1218 1728 quia
1230 1645 1290 1707 hnc
1304 1665 1398 1726 nsque
1408 1645 1447 1706 ob
1459 1665 1535 1726 gra·

337 1741 460 1803 sissima
473 1743 592 1825 imperii
605 1743 736 1826 neptia,
750 1752 781 1804 et
792 1741 976 1823 periculosos
990 1741 1135 1804 bellorum
1150 1753 1247 1805 motus
1261 1743 1326 1804 fieri
1340 1741 1535 1803 nullomodo

336 1839 442 1918 potuit,
459 1841 542 1901 omni
555 1840 690 1902 adhibita
707 1839 780 1901 curi
792 1839 979 1900 adlaboravit
996 1850 1028 1900 ut
1043 1859 1081 1900 ne
1095 1840 1198 1901 saltem
1214 1838 1329 1901 diutins
1346 1837 1534 1910 differretur,

335 1934 389 1995 sed
403 1937 500 2016 potius
514 1937 611 2017 primo
624 1957 744 2018 quoqne
757 1946 891 2016 tempore
904 1955 1073 1997 successum
1086 1935 1217 1998 haberet.
1261 1937 1299 1997 In
1312 1936 1393 1996 hsrnc
1404 1936 1532 1996 tandem

337 2030 417 2091 diem
434 2033 564 2113 primum
581 2034 708 2115 Augusti
725 2034 790 2115 jam
806 2033 905 2094 dictus
919 2033 1170 2108 eminentissimus
1185 2032 1306 2093 Elector
1326 2030 1534 2113 Mogentiana

330 2126 420 2206 juxta
432 2127 599 2191 cesaream
620 2130 849 2204 ordinationem,
864 2149 967 2190 ornnes
987 2129 1139 2201 electores,
1160 2130 1308 2211 principes
1328 2147 1363 2190 ac
1381 2137 1476 2188 status
1490 2129 1533 2188 ad

338 2222 614 2288 Francosnrtensem
634 2228 787 2288 civitatem
806 2226 984 2308 conscripsit
1003 2235 1033 2288 et
1049 2227 1193 2288 evocavit.
1234 2225 1373 2306 Cumque
1394 2223 1426 2285 S.
1446 2224 1530 2286 Caes.

339 2319 483 2404 Majestas
497 2323 604 2406 ipsein
619 2343 744 2406 persom
760 2323 842 2385 hisce
861 2323 993 2385 consiliis
1010 2324 1048 2385 ob
1064 2322 1251 2407 praegnantis
1268 2323 1390 2405 negotia
1404 2322 1530 2405 imperii

336 2428 367 2479 at
380 2419 523 2482 bellorum
539 2421 680 2483 interesse
696 2432 834 2501 nequeat,
853 2420 1070 2482 commissarios
1087 2420 1250 2491 constituit,
1263 2420 1317 2501 qui
1331 2440 1386 2480 suo
1398 2420 1466 2481 loco
1480 2420 1527 2480 in-

335 2523 487 2592 teressent,
501 2527 624 2600 agerent
637 2527 667 2578 et
684 2528 893 2599 promoverent
906 2516 1008 2578 omnia
1024 2518 1076 2579 illa
1088 2537 1157 2598 quse
1177 2518 1217 2577 ad
1230 2537 1340 2578 mnnns
1353 2516 1526 2579 cesaream

335 2621 366 2672 et
378 2613 549 2694 reipublice
563 2614 794 2675 emolumentum
810 2614 1001 2696 pertinerent.

377 2710 639 2783 Quemadmodum
652 2712 723 2773 verb
737 2711 862 2773 Divinae
871 2710 1092 2792 omnipotentie
1102 2710 1247 2771 auxilium
1256 2711 1383 2774 ferventi
1393 2711 1525 2773 oratione

335 2804 556 2889 implorandum
578 2820 632 2883 est,
652 2818 687 2869 ut
706 2808 807 2868 omnia
827 2808 866 2869 ad
886 2809 1028 2890 majorem
1049 2826 1132 2868 auam
1156 2808 1283 2892 gloriam
1303 2818 1333 2870 et
1351 2808 1524 2870 Germaniae

335 2904 440 2983 patriae
453 2916 563 2966 nostrae
577 2904 777 2966 dilectissimae
791 2904 1035 2980 emolumentum,
1049 2904 1088 2966 ad
1103 2906 1244 2987 quietem,
1257 2914 1287 2967 et
1299 2906 1522 2988 prosperitatem

336 3000 486 3079 publicam
511 3002 586 3063 bene
610 3012 640 3063 et
660 3001 786 3083 pacifice
809 3002 1023 3083 transigantur.
1071 3002 1121 3063 lta
1144 3020 1199 3063 nos
1218 3004 1350 3085 prompti
1367 3004 1520 3084 paratique

335 3096 446 3158 emmas
456 3098 493 3159 ed
505 3099 643 3160 universa
652 3118 720 3180 quae
731 3099 762 3159 iu
771 3099 857 3160 nobis
871 3108 960 3159 erunt
967 3100 1057 3179 juxta
1067 3098 1294 3161 instructionem
1304 3111 1435 3162 nostram
1449 3122 1518 3161 con·

335 3193 491 3257 tribuenda
504 3209 534 3257 et
547 3196 731 3277 exequenda.

377 3291 499 3355 Placuit
519 3293 606 3374 porrd
628 3292 718 3355 etiam
736 3310 830 3353 sacrm
849 3290 996 3354 Caesarem
1018 3290 1173 3373 Majestati
1190 3292 1239 3355 bic
1254 3294 1448 3375 presentibus
1467 3295 1517 3356 do

333 3390 423 3453 minis
437 3391 586 3472 deputatis
602 3390 765 3451 electorum
782 3388 954 3470 principum
973 3408 1008 3450 ec
1025 3398 1156 3450 statuum
1175 3391 1352 3451 consiliariis
1369 3400 1400 3451 et
1413 3389 1516 3474 legatis

332 3489 456 3571 proponi
483 3499 514 3550 et
539 3486 704 3570 significari
731 3506 836 3547 curam
860 3498 890 3547 et
911 3485 1145 3548 sollicitudinem
1167 3487 1377 3567 qnaaantehac
1404 3508 1517 3570 semper

332 3587 461 3647 maxime
481 3584 553 3647 verb
575 3584 613 3646 ab
632 3584 748 3644 ultimis
769 3583 900 3644 comitiis
925 3582 1193 3645 Ratisbonensibns
1214 3585 1378 3659 contendit,
1400 3594 1434 3647 ut
1453 3596 1515 3645 tan·

329 3684 397 3745 dem
423 3682 599 3745 universalis
623 3701 680 3763 pax
708 3689 896 3755 tractaretur,
917 3690 947 3741 et
970 3680 1043 3741 certi
1072 3680 1147 3760 qnid
1178 3682 1254 3743 sarid
1279 3682 1513 3745 concluderetur.
