3225 4700
484 307 894 377 ITINERARIUM.
1248 316 1289 377 85

90 458 228 521 distarent
245 480 379 541 quorum
399 461 522 524 arbitrio
540 464 737 547 pugnandum
756 470 831 540 erat,
845 482 902 525 nec
919 470 982 525 tam
996 462 1095 525 subito
1110 462 1205 525 literae
1224 484 1295 546 per-

89 557 239 631 ferrentur,
257 558 381 619 occasio
393 558 536 639 paulatim
551 560 665 641 optima
678 559 795 643 effugit.
832 558 895 623 Sed
907 570 938 621 et
951 559 1009 642 ipsi
1022 561 1096 622 dum
1109 560 1249 643 fugerent
1261 562 1295 623 in

93 654 231 735 legionem
247 652 367 717 Wablii
383 656 557 737 irruperunt
572 667 603 719 et
615 678 706 719 unam
724 659 817 740 prope
829 665 960 718 turmam
974 658 1099 719 omnino
1111 679 1230 739 pessum
1241 659 1295 720 de-

95 752 198 813 derunt.
242 752 403 815 Vicesimb
428 753 506 814 Maii
530 753 639 816 Castra
660 755 819 829 movimus,
843 753 1082 835 praeterfectique
1103 754 1295 817 Mulbusium

97 862 120 909 et
135 848 336 932 Iangeusultz
357 851 407 911 die
427 851 548 912 tandem
569 850 712 913 vicesimi
732 850 819 913 tertid
841 851 998 913 Erfurtum
1016 852 1180 934 attigimus.
1222 853 1294 915 Non

95 946 185 1026 procul
202 946 280 1007 binc
300 947 404 1008 uberat
424 946 643 1023 Druckmuller
661 968 732 1010 cum
750 947 870 1010 Oroatis
887 956 918 1009 et
935 947 1145 1030 cataphractis,
1164 948 1214 1011 bic
1232 970 1295 1011 uno

94 1042 194 1122 impetu
206 1042 331 1105 hostem
344 1044 531 1127 aggreditur,
544 1054 574 1105 et
583 1045 662 1106 bono
674 1054 783 1105 eventu
794 1043 1024 1126 quadringentis
1035 1045 1130 1126 captis
1141 1056 1295 1107 sexcentos

93 1140 203 1216 cecidit,
225 1139 383 1221 simulque
404 1159 474 1201 cum
494 1141 717 1221 impedimentis
737 1141 882 1202 ducentos
901 1140 1124 1223 quinquaginta
1149 1160 1242 1222 equus
1261 1142 1293 1203 in

94 1246 183 1297 nostra
199 1246 305 1298 castra
325 1237 438 1299 intulit.
481 1238 568 1299 Intra
584 1237 671 1298 hunc
685 1257 818 1299 mensem
836 1257 898 1319 quo
914 1236 971 1299 hoc
988 1237 1056 1299 loco
1073 1236 1295 1300 subsistendum

94 1332 151 1407 eut,
164 1334 279 1415 soepius
294 1334 411 1395 bostem
424 1334 464 1395 ad
478 1356 612 1418 pugnam
625 1335 880 1410 lacessiveramus,
896 1335 949 1396 sed
964 1356 1035 1396 cum
1049 1355 1196 1417 nusquam
1215 1357 1295 1397 com·

95 1439 200 1509 pareret
214 1432 247 1491 in
263 1452 384 1513 cumpo,
395 1432 482 1512 jussu
497 1431 693 1493 Generalium
708 1430 824 1493 Geleen
838 1442 869 1492 et
883 1431 1069 1513 Sperreuter‚
1080 1454 1117 1494 ex
1130 1432 1294 1514 improvise

94 1526 127 1585 ad
139 1546 222 1587 sruna
235 1527 461 1590 conclamatum
474 1539 505 1589 et
517 1528 674 1591 classicum
686 1536 840 1589 cantatum
853 1538 907 1603 est,
922 1528 1004 1607 quod
1019 1529 1175 1593 audientes
1188 1529 1294 1591 adver·

95 1623 156 1683 sarii
166 1623 197 1683 in
207 1624 308 1686 eciem
322 1625 510 1706 prodierunt,
520 1645 659 1706 saevoque
669 1624 773 1706 praelio
786 1624 942 1685 nobiscum
952 1626 1104 1706 congressi
1117 1635 1198 1687 sunt.
1222 1626 1294 1688 Hbc

94 1718 188 1801 pugni
201 1720 358 1802 utrimque
368 1720 492 1802 plurimi
502 1721 687 1793 cecideruut,
699 1720 932 1799 vulneratusque
943 1721 960 1780 e
971 1720 1080 1780 nostris
1090 1730 1135 1781 est
1146 1721 1293 1784 Patritius

97 1814 200 1877 Purcel
223 1837 384 1901 supremus
407 1818 581 1900 vigiliarum
604 1816 774 1898 preelectus.
817 1814 1029 1876 Promovimus
1052 1816 1163 1877 deinde
1185 1828 1293 1891 eastra,

95 1913 271 1996 nunciusque
298 1914 432 1997 lipsiam
452 1916 492 1977 sd
513 1914 695 1977 Generslem
716 1913 891 1975 Gallassum
905 1912 991 1992 (illuc
1012 1913 1095 1973 enim
1113 1912 1217 1995 Pragb
1235 1915 1295 1976 dis·

97 2009 191 2087 positis
203 2012 291 2092 equis
308 2011 459 2073 curriculo
472 2014 608 2089 venerut)
621 2010 768 2084 misimus,
782 2018 818 2071 ut
832 2009 907 2090 quid
923 2011 962 2072 de
974 2017 1084 2072 caetero
1100 2010 1189 2071 nobis
1201 2030 1294 2093 agen-

96 2104 164 2166 dum
175 2118 260 2185 esset,
277 2108 524 2191 intelligeremus.

135 2202 258 2267 Decima
266 2204 398 2287 septime
407 2204 430 2265 J
433 2205 496 2265 unii
509 2204 692 2267 Guilielmus
703 2204 860 2266 Wimariae
872 2203 957 2278 Dux,
970 2211 1104 2264 nostrum
1113 2203 1294 2266 Generslem

98 2298 207 2364 honoris
216 2301 319 2385 gratie
331 2302 416 2378 adiit,
428 2300 622 2384 pluribusque
633 2322 704 2365 eum
718 2322 754 2364 eo
764 2300 989 2384 perhumaniter
1001 2299 1118 2363 locutus
1128 2309 1183 2363 est.
1209 2301 1294 2364 Dum

99 2399 162 2460 verb
170 2421 222 2462 uos
229 2401 269 2462 ad
281 2398 491 2461 Hstzt'eldicas
500 2407 614 2459 turmas
624 2397 787 2480 pergimus,
798 2394 923 2456 veniunt
931 2395 963 2455 in
971 2414 1147 2455 succursum
1158 2405 1294 2457 nostrum

98 2495 196 2556 decem
209 2498 391 2560 Orestarum
405 2495 553 2578 Legiones
566 2493 628 2555 und
640 2514 712 2554 oum
727 2493 860 2574 legione
872 2491 896 2554 J
899 2491 1012 2552 unioris
1025 2490 1184 2572 Waugler‚
1195 2501 1225 2552 et
1237 2493 1295 2554 Ie-

98 2593 181 2672 gioue
193 2593 320 2656 Comitis
337 2594 375 2655 de
390 2593 507 2673 Bruay,
518 2593 561 2654 ita
574 2601 608 2653 ut
623 2589 729 2652 eedem
745 2587 820 2650 bord
836 2586 927 2650 simul
941 2589 974 2649 in
990 2598 1087 2650 castra
1103 2589 1296 2652 Hatzfeldica

99 2687 245 2770 inquibus
263 2700 331 2754 erat
348 2690 484 2764 thuius,
500 2687 733 2770 perveniremus.
778 2685 841 2747 Hic
860 2686 934 2747 dum
952 2684 1048 2746 aciem
1065 2685 1097 2746 in
1111 2686 1294 2748 Banuirium

100 2803 237 2864 paramus,
250 2790 318 2870 ipse
332 2786 497 2848 cumomni
510 2805 565 2847 suo
578 2783 711 2845 exercitu
725 2781 854 2844 elabitur
866 2781 950 2864 lugd,
961 2792 992 2843 et
1003 2782 1093 2843 celeri
1106 2782 1215 2866 gradu,
1226 2803 1296 2845 nos·

100 2881 148 2941 tris
162 2903 278 2966 semper
296 2883 424 2966 vestigia
440 2881 570 2944 hostium
588 2881 767 2963 legentibus,
787 2879 1013 2961 landspergam
1033 2879 1173 2940 discedit.
1215 2879 1296 2942 Cum

100 2979 165 3040 verb
178 2979 334 3042 Gallassus
347 2978 436 3042 certis
445 2977 565 3040 nunciis
577 2977 740 3059 accepisset
752 2976 934 3037 Bannirium
944 2991 1015 3036 cum
1028 2975 1161 3036 exercitu
1171 2978 1297 3039 transire

101 3073 129 3134 iu
142 3076 364 3154 Pomeraniam,
384 3097 443 3158 quo
459 3075 669 3150 contendebat,
682 3074 840 3134 commode
857 3093 917 3133 non
934 3093 1030 3154 posse,
1047 3071 1175 3134 concilio
1191 3083 1296 3136 coacto

101 3174 237 3237 conclusit
249 3175 412 3236 transitum
425 3173 494 3256 ipsi,
509 3171 670 3254 proemissis
683 3170 800 3234 selectis
813 3169 928 3250 aliquot
940 3169 1077 3250 equitum
1090 3171 1207 3246 turmis,
1218 3191 1296 3252 prue-

102 3268 222 3333 eludere.
251 3272 292 3332 In
306 3269 363 3330 bic
376 3271 504 3332 emtione
518 3288 636 3329 omnem
651 3267 775 3348 quidem
789 3285 892 3326 rerum
901 3265 1019 3347 copiam
1032 3266 1208 3348 reperimus,
1219 3288 1296 3349 prae·

103 3375 143 3425 ter
158 3387 275 3449 squam,
294 3369 381 3450 cujus
397 3375 481 3428 tanta
496 3365 554 3427 suit
568 3365 703 3448 penarum,
720 3373 754 3424 ut
772 3361 884 3423 milites
906 3363 997 3424 etium
1019 3363 1143 3445 paludes
1164 3363 1296 3426 exantla-

103 3473 172 3535 rsut.
191 3475 220 3526 et
238 3483 394 3528 arenosam
414 3483 524 3544 aquam
544 3481 598 3543 per
616 3461 697 3520 linea
716 3457 881 3540 strophiola
900 3459 1081 3521 decolsreut.
1136 3459 1296 3542 Indigenas

104 3557 299 3624 Vaudalerum
309 3559 416 3643 lingud
425 3557 709 3638 utuntur‚dquibus
720 3556 841 3618 Ducem
851 3575 939 3616 suum
949 3567 1075 3617 stemma
1084 3557 1195 3618 ducere
1205 3555 1297 3636 lougb

105 3665 175 3720 retro
187 3661 261 3722 serie
274 3659 490 3721 demonstrant.
520 3656 605 3718 Hinc
619 3675 672 3737 per
684 3652 907 3716 Ftrsteuwsldt
918 3653 958 3714 ad
969 3653 1093 3734 Sprmm
1107 3653 1197 3714 situm
1211 3653 1297 3734 oppi-
