3225 4700
327 349 370 415 ts
718 347 1123 416 ITINERARIUM.

327 501 433 562 domus
451 521 504 582 per
525 500 720 564 Germaniam
742 502 877 585 stirpitus
898 502 1053 578 evellatur,
1077 501 1201 581 orbique
1223 497 1273 560 vel
1290 497 1334 559 sie
1351 497 1525 558 innoteseat

325 596 400 658 alios
412 597 502 659 etiam
517 617 590 673 esse,
601 599 654 678 qui
669 597 834 680 Imperium
845 602 925 661 recte
939 600 1055 681 possint
1064 596 1292 671 administram
1313 593 1423 655 babere
1434 612 1523 653 nunc
1607 610 1608 641 2

326 713 358 755 se
376 695 416 755 ad
431 715 553 756 manum
566 695 676 770 media,
691 696 776 775 queis
794 704 857 756 tota
869 695 926 756 ista
937 695 1086 776 tragoedia
1095 692 1274 775 compendio
1286 699 1318 752 et
1329 690 1394 750 aine
1405 709 1525 770 magno

327 791 460 852 tumultu
473 790 642 852 absolvatur
655 813 664 865 ;
697 791 859 853 Neminem
869 792 950 853 enim
965 811 1060 852 unum
1072 809 1135 851 esse
1149 789 1203 870 qui
1216 788 1273 849 sibi
1286 806 1433 848 remoram
1446 784 1524 867 inji-

329 905 395 947 cere
406 887 506 968 possit,
516 887 564 948 vel
573 887 662 950 velit:
685 887 797 949 hortari
811 887 937 968 proinde
950 907 1053 948 omnes
1065 886 1137 961 nub,
1148 893 1179 946 et
1193 883 1327 966 singulos
1336 881 1470 953 seorsim,
1483 891 1525 942 nt

329 1001 383 1042 sua
395 982 518 1063 posthac
531 993 692 1064 sequantur
700 986 795 1065 jussa,
809 993 840 1045 et
854 984 872 1045 b
884 985 946 1045 suis
958 983 1091 1065 partibus
1104 981 1233 1043 fideliter
1246 988 1337 1053 stent,
1348 999 1380 1040 se
1393 979 1523 1059 quidem

329 1075 412 1139 haud
420 1078 582 1142 difficulter
591 1088 786 1161 reperturum,
796 1101 858 1161 quo
866 1080 1055 1162 singulorum
1064 1079 1158 1141 iidem
1170 1075 1332 1158 magnifice
1345 1096 1399 1157 pro
1411 1075 1525 1136 merito

329 1183 545 1237 remuneretur.
587 1174 721 1247 Quodsi
739 1183 840 1236 tamen
859 1175 1018 1256 quisquam
1035 1176 1167 1258 ipsorum
1180 1173 1331 1236 dubitaret
1341 1191 1409 1232 suas
1420 1181 1523 1252 partes

329 1269 424 1349 sequi,
439 1269 566 1332 libenter
584 1286 725 1344 annuere,
739 1279 774 1332 ut
790 1269 850 1331 alib
867 1271 928 1351 qub
941 1271 1033 1332 vellet
1051 1271 1242 1353 comigraret.
1284 1269 1386 1330 Facile
1404 1277 1468 1329 erat
1480 1287 1521 1329 ex

331 1363 389 1426 hoc
403 1374 433 1426 et
440 1366 586 1426 similibus
595 1366 778 1428 discumdbus
788 1385 923 1449 arguere,
934 1367 967 1427 in
975 1384 1065 1447 quem
1076 1366 1169 1429 linem
1179 1387 1226 1428 res
1236 1365 1334 1426 omnis
1343 1365 1521 1438 declinaret,

331 1461 581 1523 dissimulandum
594 1470 694 1524 tamen
707 1471 781 1537 erat,
796 1461 909 1543 nequi
922 1471 990 1524 aute
1003 1471 1121 1544 tempus
1134 1462 1199 1524 sine
1211 1463 1316 1524 fructu
1327 1461 1413 1522 lieret
1423 1461 1522 1522 medi·
1607 1530 1608 1533 Ἴ

332 1557 413 1618 cina.
453 1557 642 1640 Quapropter
657 1557 744 1620 Itisle
756 1579 811 1620 suo
824 1559 947 1639 quidem
966 1559 1088 1621 nomine
1107 1559 1165 1622 boc
1179 1559 1252 1620 duel
1265 1575 1438 1639 responsum
1451 1558 1523 1618 red·

332 1654 420 1714 didit.
463 1651 562 1716 Fateri
581 1675 613 1716 se
628 1655 738 1736 etjam
755 1655 873 1736 pridem
893 1656 1050 1736 agnovisse
1064 1656 1141 1736 quid
1160 1665 1259 1736 posset
1280 1655 1379 1715 Ducis
1400 1655 1521 1728 Gratia,

333 1750 463 1811 maxime
478 1750 559 1830 apud
571 1759 707 1812 exteros:
740 1771 772 1812 se
783 1751 906 1832 quidem
919 1772 957 1812 ex
972 1751 1073 1814 Scotid
1085 1753 1118 1814 iu
1132 1751 1329 1814 Germaniam
1341 1769 1523 1811 commeasse

333 1845 463 1906 nominis
481 1845 528 1906 sui
542 1844 747 1926 amplificandi
764 1847 871 1929 gratid,
885 1847 1013 1929 ideoque
1025 1847 1139 1910 nullius
1152 1847 1303 1929 stipendia
1315 1867 1448 1919 renuere,
1460 1847 1523 1907 nisi
1607 1882 1608 1885 =

333 1941 409 2002 fortb
422 1960 491 2022 qum
505 1940 690 2002 solverentur
703 1941 798 2024 Regis
810 1943 857 2003 sui
869 1944 1013 2006 naturalis
1033 1944 1231 2026 impugnandi
1243 1943 1344 2005 causi.
1386 1942 1523 2004 Proinde

333 2038 359 2098 si
371 2045 555 2098 accremento
569 2035 681 2098 Caesari
700 2038 771 2099 dato
785 2038 962 2104 exsolvatur.
982 2061 1014 2101 se
1026 2041 1124 2102 cuivis
1136 2040 1222 2101 alteri
1234 2040 1431 2101 militaturum
1444 2038 1523 2102 fide·

333 2131 456 2204 lissimb,
470 2151 525 2194 nec
535 2133 638 2194 videre
651 2153 682 2194 se
694 2153 838 2214 quorsum
851 2136 905 2195 sub
925 2135 979 2196 tali
991 2136 1080 2198 Duce
1091 2154 1175 2198 arma
1187 2136 1342 2210 detrectet,
1355 2137 1441 2217 eujus
1453 2155 1524 2217 pro·

334 2226 397 2289 lixa
409 2228 614 2292 benevolentia
620 2231 687 2311 jam
700 2230 787 2290 annis
800 2230 944 2311 plusculis
956 2231 1060 2293 luisset
1068 2233 1207 2315 cognita3
1228 2253 1260 2294 se
1272 2233 1364 2315 igitur
1375 2242 1522 2314 qnantum

336 2323 377 2386 ad
390 2343 431 2400 se,
446 2343 574 2406 suumne
582 2325 649 2387 istie
663 2326 774 2389 socios:
794 2327 941 2408 spondere
948 2327 981 2389 id
993 2327 1143 2391 buturum
1152 2329 1233 2409 quod
1245 2329 1302 2391 sibi
1315 2329 1435 2409 suisque
1447 2338 1525 2391 esset

337 2420 509 2503 gloriosum.
551 2421 621 2493 Quo
643 2423 767 2503 quidem
789 2444 930 2505 responso
951 2433 1047 2485 totum
1066 2425 1224 2487 Fridlandi
1241 2426 1451 2487 animum-sibi
1468 2427 1523 2487 de·

336 2517 472 2578 vincivit.
514 2516 673 2580 Reddebat
692 2527 792 2581 tamen
813 2520 971 2603 ambiguus
992 2520 1043 2581 hic
1065 2521 1216 2583 discursum
1239 2541 1302 2582 non
1327 2539 1434 2602 parurn
1455 2542 1523 2602 per·

336 2614 458 2697 plexum
473 2612 641 2689 Butlerum,
657 2624 769 2677 etcum
783 2618 885 2679 arnbos
898 2617 1022 2680 comites
1034 2619 1071 2679 ab
1083 2617 1247 2680 orthodoxi
1261 2617 1351 2679 sciret
1365 2618 1522 2679 dioeentire

338 2710 409 2785 fide,
423 2710 573 2771 metuebat
593 2710 757 2792 plurimum
780 2723 816 2775 nt
831 2734 863 2775 se
879 2714 899 2775 a
916 2714 1036 2777 Caesare
1055 2715 1095 2776 ad
1112 2714 1311 2776 Fridlandum
1326 2714 1424 2795 abripi
1436 2715 1523 2775 vanis

337 2806 576 2887 persuasionibus
596 2808 736 2869 sinerent.
777 2809 854 2871 Vale
876 2811 976 2892 itaque
998 2820 1123 2891 accepto
1144 2831 1247 2872 omnes
1268 2810 1359 2872 simul
1385 2811 1525 2872 abierunt

338 2903 464 2964 attoniti.
506 2902 585 2965 Oum
600 2904 671 2965 verb
691 2904 769 2967 inter
788 2906 1003 2969 ambulandum
1017 2906 1204 2969 Fridlandici
1217 2908 1361 2969 sermonis
1377 2908 1525 2969 incideret
1606 2923 1609 2932 ’

338 2998 460 3073 mentio,
475 2998 675 3062 dissimulavit
689 3002 832 3064 Butlerns
845 3004 979 3066 animum
993 3024 1092 3079 suum,
1106 3003 1255 3085 finxitque
1267 3022 1299 3065 ue
1311 3013 1410 3085 partas
1424 3003 1524 3066 Ducis

339 3112 400 3153 non
417 3094 538 3155 omnino
557 3097 732 3177 repudium
761 3108 793 3160 et
812 3109 846 3161 nt
862 3100 1011 3163 sociorum
1023 3101 1156 3163 vicisdm
1173 3100 1340 3183 exploraret
1351 3099 1479 3177 animos,
1493 3110 1525 3161 et

339 3189 495 3269 nunquid3
528 3190 646 3255 Fratres
663 3194 734 3266 mei,
752 3194 803 3271 ait,
823 3198 934 3277 putatis
951 3217 1015 3259 rem
1036 3198 1148 3279 optime
1171 3196 1373 3259 Fridlandicis
1390 3196 1524 3278 imperiis

338 3293 444 3345 eontra
453 3284 667 3365 Imperatorem
681 3290 972 3354 administrandami
990 3294 1064 3373 quin
1079 3294 1173 3376 igitur
1181 3302 1212 3355 et
1221 3313 1275 3355 nos
1287 3294 1353 3375 ejus
1364 3312 1524 3373 sequamur

334 3379 441 3460 jussal
461 3380 521 3444 Osi
534 3380 663 3445 fidenter
675 3394 705 3447 et
716 3386 830 3467 absque
841 3388 1029 3450 simulatione
1043 3388 1190 3450 Gordon:
1211 3388 1315 3449 malim
1330 3410 1388 3471 ego
1398 3389 1523 3469 quidem

339 3474 498 3557 gloriosam
520 3496 574 3558 pru
592 3496 660 3541 meo
677 3480 807 3558 Omra,
830 3484 880 3544 cui
897 3495 1084 3546 sarmento
1100 3485 1249 3567 obligatus
1264 3485 1372 3559 servio,
1385 3493 1523 3566 oppetere

339 3580 474 3647 mortem,
492 3592 680 3655 omnemque,
700 3595 793 3659 quam
813 3598 937 3660 corpore
958 3579 1104 3643 diffusum
1129 3580 1319 3657 circumfero,
1344 3582 1523 3665 sangninem

338 3666 473 3745 fundere,
499 3668 591 3750 quum
611 3671 713 3735 mum
735 3672 847 3737 violare
867 3673 1011 3752 iidem,oi
1026 3695 1119 3759 quern
1136 3678 1156 3739 l
1172 3677 1298 3759 parvulo
1319 3698 1412 3759 puero
1428 3676 1523 3741 dilexi
