3225 4700
503 328 899 397 [cruentemur.
1229 334 1286 398 un
1321 303 1326 317 '

64 494 178 539 onem
199 484 355 561 coegerat,
371 480 552 563 ulteriusque
571 505 778 567 progressurus
794 495 876 560 eret;
898 505 968 547 cum
981 483 1052 546 verb
1070 484 1187 545 videret
1203 502 1287 564 meg·

66 596 161 637 num
176 577 246 637 suis
258 578 461 660 progressibus
475 600 584 660 ponere
598 581 846 661 impedimentum
860 580 1079 656 Fonterebiem,
1089 580 1181 641 ermis
1193 579 1287 660 impe·

68 682 147 734 tere
164 683 199 735 ct
213 694 388 756 expugnere
400 684 479 737 stere
492 677 578 738 stetui
583 687 603 739 t.
644 678 719 739 Toto
732 678 826 757 igitur
839 698 910 741 cum
923 679 1064 751 exercitu,
1078 676 1161 738 omni
1174 676 1207 736 in
1220 696 1287 737 cem

70 790 149 831 rem
164 771 299 833 subsidii
312 792 421 853 genere
434 772 590 847 instructo,
604 774 758 835 civitatem
771 774 869 857 cingit
880 789 911 835 et
923 774 987 835 ecri
997 774 1151 836 obsidione
1164 772 1285 852 premit,

72 887 186 947 oque
201 868 270 947 jem
290 888 463 950 progressae
479 868 576 931 fueret
597 870 705 951 purtim
726 870 830 952 ignitis
851 869 1008 946 mechinia,
1028 870 1137 950 purtim
1154 868 1285 929 militum
1387 891 1392 900 Χ

75 960 253 1037 industrii,
269 972 303 1025 ut
316 964 543 1047 propugnecnle
557 964 672 1047 aliquot
687 966 767 1027 certd
782 987 835 1048 spe
848 987 880 1027 se
893 967 1025 1027 obtinere
1038 975 1164 1048 peteret.
1205 964 1286 1026 Cum

73 1060 161 1119 verb
176 1060 213 1120 id
236 1060 368 1141 Hispeni
381 1062 529 1137 riderent,
543 1063 694 1143 probeque
712 1072 924 1145 cognoscerent
941 1072 1053 1143 quento
1071 1062 1105 1123 id
1117 1060 1209 1136 urbis,
1223 1060 1285 1121 imb

76 1156 182 1217 totins
199 1156 316 1217 Petrioe
330 1158 440 1220 domno
454 1158 591 1222 futurum
608 1168 693 1235 esset,
708 1158 847 1221 omnibus
860 1158 975 1219 viribus
989 1167 1095 1219 contre
1107 1157 1164 1218 niti
1175 1165 1285 1219 statue-

77 1261 160 1313 runt
172 1274 181 1311 r
204 1253 260 1315 Ad
272 1253 439 1315 octodecim
450 1254 550 1335 iteque
562 1254 659 1317 millis
670 1254 848 1317 selectorum
857 1255 988 1315 militum
1001 1254 1033 1315 in
1048 1253 1177 1316 Frencie
1188 1262 1287 1315 cestre

76 1349 238 1425 eunome,
252 1370 287 1411 ec
301 1351 428 1430 septimo
447 1350 630 1431 Septembris
648 1354 725 1427 (eret
737 1350 763 1414 ie
777 1350 867 1412 Neue
886 1351 1007 1413 Msern
1020 1350 1156 1433 Virginis
1173 1349 1285 1431 pridie·

81 1448 159 1523 nus)
174 1454 261 1507 tento
272 1446 386 1527 impetu
402 1446 517 1509 bostem
531 1446 578 1509 sui
592 1447 734 1528 propositi
747 1456 777 1508 ct
793 1444 929 1508 stetionis
943 1446 1165 1509 teneciesimum
1178 1467 1284 1529 eggre-

81 1542 229 1617 diuntnr‚
244 1550 278 1603 ut
291 1543 415 1603 confuso
427 1543 557 1623 primum
571 1544 717 1605 exercitus
726 1544 843 1618 ordine,
854 1553 918 1605 tum
928 1544 1030 1605 multis
1042 1544 1173 1606 militum
1186 1543 1283 1619 cresis,

83 1659 160 1700 eum
175 1638 299 1701 undem
309 1640 341 1699 in
354 1639 457 1721 frugem
467 1638 639 1703 effuderint.
670 1640 890 1722 Sempiteruem
900 1641 1021 1703 leudem
1030 1642 1088 1703 boo
1097 1641 1130 1702 in
1139 1640 1285 1701 conflictu

83 1736 172 1812 tulit,
188 1735 321 1797 Senioris
339 1735 492 1816 Principis
510 1736 657 1799 Generosi
674 1736 814 1798 Perentis
832 1736 972 1810 conduci,
992 1757 1053 1799 nou
1071 1736 1227 1816 degeneris
1238 1757 1285 1797 so-

83 1832 170 1893 bolis
182 1832 274 1914 legio,
287 1852 355 1913 quse
368 1840 431 1895 tem
443 1832 559 1895 fortiter
572 1852 603 1893 se
618 1831 764 1914 Hispanis
776 1832 947 1914 opposuisse
962 1832 1085 1906 dicitur,
1099 1841 1133 1891 ut
1146 1832 1204 1891 nisi
1216 1830 1284 1893 eliae

86 1930 162 1991 duae
176 1928 336 2011 legiones,
351 1928 592 1991 Meillersidiene
603 1928 718 1991 scilicet
731 1936 763 1989 st
772 1928 877 2004 eltere,
891 1947 982 2008 quem
995 1927 1034 1989 dc
1047 1946 1158 1989 corone
1170 1926 1283 1988 vocite-

87 2026 174 2101 bent‚
189 2026 223 2087 in
236 2024 341 2109 fugem
353 2025 505 2098 obiissent,
514 2025 607 2087 dnbio
617 2023 723 2106 procul
732 2024 818 2087 irrito
826 2035 937 2086 conetu
950 2044 1011 2085 non
1025 2024 1090 2085 sine
1102 2022 1198 2085 multo
1210 2023 1284 2087 His-

88 2140 240 2203 penornru
256 2122 403 2204 sangnine
419 2121 621 2185 recedendum
639 2120 753 2185 fnisset.
797 2120 868 2183 Hoc
881 2121 914 2181 in
926 2123 1088 2203 congressu
1100 2121 1140 2181 ed
1155 2120 1284 2201 qnedre·

89 2219 179 2299 ginte
189 2218 297 2279 Franci
311 2217 426 2279 nobiles
439 2217 583 2279 occidisse
596 2218 749 2279 dicuntur.
789 2216 1042 2299 Arebiepiscopns
1053 2218 1285 2301 Burdcgelensis

91 2324 122 2379 et
136 2314 304 2397 Episcopus
319 2313 503 2378 Arelatensis
522 2314 588 2396 (qui
601 2314 707 2379 melius
724 2313 841 2376 memo
855 2323 886 2376 et
898 2314 1036 2396 precibus
1049 2324 1153 2378 contre
1164 2315 1284 2397 spiritu·

91 2411 154 2472 eles
167 2411 263 2474 hostes
277 2410 422 2474 Ecclesiae
435 2413 631 2494 pugnassent)
643 2413 723 2493 tegre
736 2409 814 2473 solvi
826 2423 993 2472 cesserunt.
1027 2411 1178 2474 Condreus
1192 2412 1285 2473 Prin·

92 2529 165 2590 ceps
177 2510 224 2570 vir
236 2509 374 2570 militeris
387 2517 418 2569 ct
434 2507 466 2568 ic
480 2507 584 2590 pugni
600 2507 657 2569 hec
672 2508 798 2589 primus,
813 2528 891 2588 equo
905 2508 1034 2569 fluvium
1047 2511 1188 2581 uenerit,
1202 2529 1238 2570 ec
1251 2530 1284 2570 se

93 2607 158 2670 und
169 2625 237 2668 cum
250 2603 414 2667 Cardinele
427 2605 466 2668 de
483 2604 513 2664 le
525 2603 653 2680 Velette,
669 2604 787 2666 Comite
805 2605 997 2677 Gremmont,
1012 2604 1190 2666 Mercbione
1203 2605 1285 2668 dcls

95 2702 199 2776 Forcc,
214 2699 392 2762 Mercbionc
405 2701 444 2762 de
458 2699 568 2774 Gente,
582 2699 706 2779 aliisque
721 2700 870 2781 Bejonem
883 2701 1014 2762 retruxit
1057 2701 1234 2764 Occubuere
1246 2723 1284 2764 cx

96 2798 239 2860 militibus
251 2796 334 2860 mille
347 2796 505 2879 quingenti
518 2796 648 2871 circiter,
663 2795 821 2878 quingenti
834 2797 924 2878 cepti,
938 2807 1085 2860 tormenta
1100 2798 1209 2860 bellios
1220 2818 1284 2859 me-

92 2896 162 2976 jero
173 2895 295 2975 uiginu
306 2901 431 2973 septem,
439 2892 599 2973 omnisque
609 2892 835 2972 impedimenta,
847 2893 924 2954 inter
937 2913 1005 2973 quae
1018 2915 1122 2956 currus
1129 2894 1285 2976 ipsiusmet

98 2989 222 3054 Condei
238 2989 392 3069 Principis
408 2997 531 3072 urgento
546 2989 692 3068 rebusque
713 2989 854 3070 preciosis
869 3010 985 3071 graves
1004 2990 1045 3051 ed
1062 2991 1284 3072 quadringente

99 3098 301 3152 coronetornm
311 3085 409 3146 millis
417 3085 556 3148 aestimeti
566 3085 674 3146 nostris
688 3085 792 3146 relicte
800 3095 881 3147 sunt.
915 3085 1036 3167 Ceptivi
1046 3095 1158 3168 posteo,
1170 3087 1210 3152 ¹ob
1223 3087 1285 3150 Re·

101 3190 174 3266 gnus⁴
186 3181 400 3244 humanissimo
423 3181 577 3262 Philippo,
596 3201 700 3242 omnes
719 3181 751 3242 in
770 3181 928 3262 pristinem
947 3182 1116 3244 libertatem
1132 3183 1197 3246 sine
1214 3183 1285 3246 litro

101 3279 222 3342 restituti
235 3287 316 3354 sunt,
331 3285 367 3338 ut
378 3277 509 3358 primum
519 3279 557 3340 dc
572 3278 712 3358 Principe
727 3277 807 3358 Regi
819 3277 954 3339 Franciae
964 3297 1067 3340 recens
1080 3291 1151 3342 neto
1163 3280 1196 3341 in
1211 3279 1285 3342 His·

101 3375 193 3460 peniis
203 3374 340 3436 auditum
353 3383 407 3434 est.

142 3471 245 3532 Plures
263 3471 384 3531 interim
403 3468 547 3552 legiones,
562 3471 601 3532 de
615 3471 725 3531 nostris
743 3469 775 3530 in
795 3469 977 3530 pomeranie
993 3482 1087 3547 sexto,
1105 3473 1242 3554 septimo,
1256 3482 1287 3534 et

104 3579 202 3630 oetuvo
222 3567 339 3648 Aprilis
357 3567 532 3627 mendosum
550 3577 730 3649 occeperunt
749 3566 923 3627 transeundi
945 3567 1070 3628 Albim:
1097 3570 1201 3630 eodem
1223 3569 1285 3628 fere

105 3675 227 3745 tempore
242 3662 439 3725 invictissimi
452 3662 645 3744 Imperatoris
655 3663 747 3724 nostri
759 3663 944 3724 Ferdinendi
956 3663 1023 3724 111.
1034 3663 1164 3745 conjux,
1176 3683 1286 3745 magno
