3225 4700
310 342 374 407 400
722 332 1132 404 ITINRRARIUM.

352 493 395 554 D.
411 491 590 577 Vincentius
603 490 642 551 de
655 489 686 551 la
700 488 807 553 Murra
821 490 1040 553 Mareschallns
1056 491 1167 572 campi,
1183 489 1225 551 D.
1247 490 1379 573 Brugius
1398 490 1533 552 Fuscus

312 587 531 651 Maresehallus
547 589 658 669 campi,
672 586 715 647 D.
730 587 858 649 Carolus
876 588 952 650 Pius
965 587 1149 663 Colonellus,
1165 590 1208 651 D.
1227 589 1376 652 Fabritius
1390 591 1532 653 Caraffa

310 683 494 758 Colonellus,
511 684 553 744 D.
566 683 694 744 Carolus
707 683 860 745 Antonius
872 685 1013 746 Saluzzus
1028 683 1212 762 Golonallus,
1229 687 1271 748 D.
1285 687 1310 749 J
1311 707 1425 749 oannes
1437 687 1530 748 Luni

310 781 458 844 Golouelli
477 780 577 842 locum
595 789 710 855 tenens,
726 781 769 841 D.
789 782 948 864 Virginius
961 782 1058 843 Conci
1071 803 1226 866 supremus
1240 784 1415 867 vigiliarum
1431 784 1530 845 Ρω-

310 879 404 940 fectus
414 877 493 938 iuter
504 878 682 957 equitatum,
692 877 861 941 Praefectus
872 879 1044 960 vigiliarum
1052 901 1210 963 supremus
1219 883 1314 944 Briau
1326 881 1524 957 Germanus,

311 975 353 1036 D.
374 974 528 1036 Antonius
545 974 656 1056 Ciogni
674 975 831 1037 Romms
850 976 1017 1038 Praefectus
1035 977 1208 1059 vigiliarum
1225 999 1392 1060 supremus,
1409 980 1527 1060 Adju-

309 1082 403 1135 tantes
414 1070 578 1134 Generales
586 1071 658 1141 duo,
666 1071 781 1134 scilicet
792 1072 903 1135 Petrus
912 1074 1065 1136 Antonius
1075 1073 1218 1136 Crevolar
1226 1085 1256 1136 et
1268 1075 1527 1136 Bartholomaeus

310 1167 494 1243 Zannobius,
505 1168 708 1250 septendecim
720 1170 889 1251 capitanei,
899 1177 1001 1250 utpote
1010 1170 1158 1254 Licurgus
1168 1171 1370 1252 Stephanucei
1379 1173 1523 1246 deTodi,

309 1268 446 1330 Joannes
469 1264 601 1327 Biauchi
622 1265 661 1326 de
686 1266 789 1341 Terni,
811 1265 968 1328 Terentius
992 1267 1131 1329 Montani
1157 1269 1196 1330 de
1221 1269 1347 1344 Pesaro,
1372 1270 1397 1332 J
1399 1291 1525 1331 oannes

312 1364 491 1426 Franciscus
504 1360 617 1444 ciogni
635 1362 802 1438 Romanus,
823 1363 1007 1425 Dominieus
1028 1363 1145 1426 Gentili
1165 1365 1270 1441 Coruo,
1292 1366 1439 1427 Nicolaus
1459 1367 1522 1428 Vi-

309 1463 403 1537 viani,
429 1460 580 1542 Botgurua
602 1457 767 1531 Accidens,
791 1458 1002 1522 Ferdinandus
1022 1459 1205 1524 Vechiarelli
1226 1463 1264 1524 de
1288 1463 1383 1534 Ricti,
1405 1462 1522 1524 Caesar

312 1558 407 1630 Betti,
421 1555 533 1618 Petrus
547 1556 645 1630 Nave,
655 1555 698 1616 D.
714 1556 894 1620 Franciscus
905 1555 1037 1629 Caraffa,
1051 1557 1147 1620 Baius
1156 1558 1343 1633 Saracinelli,
1353 1559 1519 1620 Amadeus

310 1657 347 1717 de
362 1655 467 1728 Niara,
485 1652 663 1713 Franciseus
681 1651 791 1724 Poltri,
804 1653 828 1715 J
830 1673 943 1714 oannes
956 1653 1110 1716 Antonius
1124 1655 1215 1718 Fabri
1230 1655 1412 1730 Germanus,
1429 1657 1518 1716 Amo

311 1751 420 1815 Gallus
437 1749 615 1811 Francisuus
627 1748 751 1824 Sestini,
765 1760 876 1831 praeter
892 1747 947 1810 hos
965 1749 1007 1810 D.
1024 1751 1170 1814 Octavius
1187 1751 1339 1828 Bonauto,
1360 1753 1402 1814 D.
1425 1752 1517 1814 Mar-

309 1832 398 1909 tinus
413 1845 592 1907 Franciseus
613 1843 750 1922 Hiazart,
775 1847 858 1908 Baro
876 1847 915 1908 dc
936 1845 1082 1910 Siracusis
1102 1848 1220 1924 Gallus,
1243 1849 1285 1910 D.
1301 1849 1338 1912 de
1354 1849 1515 1912 Tiorirille

311 1944 430 2015 Gallus,
449 1941 594 2006 Albsrtua
612 1942 715 2003 Adam
733 1944 772 2005 de
791 1943 952 2005 Transacia
968 1943 1148 2019 Germanus,
1166 1946 1275 2009 Comes
1291 1948 1330 2009 de
1348 1946 1513 2022 Ubaldini,

309 2053 370 2103 tres
383 2039 542 2102 vexilliferi
555 2039 703 2120 equitum,
715 2050 784 2102 octo
793 2041 950 2122 peditum:
973 2042 1130 2103 tormentis
1143 2044 1275 2124 praefecti
1288 2063 1359 2105 cum
1369 2043 1514 2105 omnibus

307 2138 438 2200 famulis.
481 2137 562 2199 Haec
574 2136 666 2220 plaga
684 2138 855 2218 pontificios
869 2133 1059 2201 vehementer
1075 2138 1193 2217 afflixit,
1208 2160 1305 2222 nequa
1323 2141 1402 2202 enim
1419 2139 1513 2202 facile

309 2238 483 2301 occurrebat
496 2246 580 2299 tauto
598 2236 681 2298 malo
696 2237 875 2299 remedium.
920 2235 1081 2298 Timebunt
1096 2236 1241 2320 praeterea
1260 2236 1401 2320 Perugiae
1422 2237 1513 2318 cujus

308 2337 390 2399 cives
407 2333 610 2397 dissidebant:
639 2333 793 2417 proecipua
812 2335 914 2417 itaque
934 2354 1007 2396 cura
1020 2332 1078 2396 fuit
1097 2344 1132 2397 ut
1149 2334 1220 2397 novi
1240 2333 1373 2397 delectus
1389 2334 1509 2411 fierent,

309 2435 453 2515 milesque
467 2432 499 2493 in
511 2432 676 2494 subsidium
691 2433 939 2507 conscriberetur,
951 2432 982 2495 in
994 2452 1084 2513 quem
1095 2431 1187 2494 finem
1200 2432 1335 2514 pecuniis
1349 2452 1422 2514 opus
1431 2440 1507 2507 erat,

308 2544 409 2595 actum
423 2530 517 2613 igitur
533 2549 603 2591 cum
621 2530 836 2591 mercatoribus
849 2538 884 2591 ut
902 2539 1037 2591 trecenta
1049 2540 1260 2591 coronatorum
1280 2529 1377 2591 millia
1396 2528 1509 2610 pende-

307 2640 383 2692 rent.
425 2626 577 2689 Collatum
587 2646 708 2707 quoque
720 2636 878 2707 argentum
892 2636 928 2687 nt
941 2625 1108 2707 quingenta
1121 2635 1333 2687 coronatorum
1347 2624 1441 2686 millia
1453 2646 1508 2687 ou·

308 2728 463 2789 darentur.
505 2722 554 2783 Ex
578 2721 716 2784 thesauro
735 2722 819 2796 item,
843 2722 876 2783 in
900 2718 1034 2783 Castello
1054 2722 1086 2785 S.
1106 2722 1221 2805 Angeli
1242 2724 1386 2784 asservari
1409 2722 1507 2801 solito,

308 2825 487 2887 eximeretur
500 2820 647 2882 dimidius
663 2820 729 2881 auri
749 2818 856 2881 millio.
899 2818 1057 2880 lactabant
1077 2819 1191 2880 interea
1211 2818 1308 2891 Galli,
1332 2830 1361 2881 et
1380 2819 1506 2881 Diuum

308 2917 548 2984 constantissime
572 2916 793 2997 fortissimeque
818 2916 970 2997 petebant,
994 2915 1034 2977 ad
1054 2916 1138 2997 quod
1161 2936 1198 2977 ex
1219 2925 1348 2997 quatuor
1372 2916 1508 2998 partibus

308 3018 457 3101 majorum
477 3025 695 3078 tormentorum
714 3012 847 3095 impulsu
861 3012 1005 3073 continue
1025 3010 1210 3087 laborabant,
1231 3032 1287 3074 uec
1303 3013 1404 3075 minus
1424 3013 1509 3105 cuni·

308 3116 384 3179 culis
404 3113 595 3184 infestabant,
608 3131 737 3193 quorum
751 3108 834 3171 felici
848 3128 988 3171 successu
1007 3108 1108 3169 hiatus
1121 3108 1153 3169 in
1172 3120 1302 3170 castrum
1319 3119 1438 3191 apertus
1453 3120 1507 3183 est,

307 3213 387 3275 unde
403 3210 575 3293 paulopost
590 3210 720 3291 impetus
736 3208 908 3277 adornatus,
924 3206 977 3272 sed
992 3226 1105 3288 magno
1119 3205 1278 3268 Gallorum
1298 3206 1506 3279 incommodo;

306 3310 417 3393 quippe
439 3307 528 3369 unico
547 3306 599 3367 illo
613 3304 728 3367 assultu
745 3303 904 3385 quingenti
917 3303 1041 3377 omniuo
1058 3303 1221 3385 perierunt,
1235 3304 1313 3365 iuter
1332 3324 1409 3386 quos
1429 3303 1505 3366 colo·

305 3409 402 3470 uellus
416 3427 495 3468 uuus
507 3415 538 3467 et
551 3403 695 3466 tredecim
709 3400 869 3485 capitanei.

346 3504 414 3567 Nec
433 3503 530 3565 multo
547 3510 615 3583 post
629 3500 692 3562 duo
709 3499 819 3561 iterum
838 3498 970 3580 impetus
988 3497 1052 3559 dati
1071 3493 1228 3577 inquibus
1246 3498 1347 3560 denuo
1359 3498 1502 3581 quadrin-

306 3602 389 3685 genti
401 3601 619 3673 oceubueruut,
634 3596 801 3678 octingenti
815 3614 887 3656 vero
900 3614 961 3656 non
974 3594 1081 3655 leviter
1093 3592 1252 3657 vulnerati.

346 3698 429 3771 Quin
455 3707 486 3760 et
506 3694 684 3779 gravissimi
707 3692 819 3753 damna
842 3690 933 3773 paulb
953 3701 1019 3771 post
1037 3712 1074 3753 ex
1095 3690 1239 3754 cuniculo
1256 3702 1418 3754 retrorsum
1439 3705 1501 3755 acto
