3225 4700
145 436 180 499 ‘r
230 499 233 502 ,
292 464 415 574 ἷζε,
454 440 600 545 82ng
633 463 738 571 *ᾖ
779 511 782 512 ⁷
818 437 915 567 ιὲτ.
949 465 1077 568 ·1{t
1136 501 1157 514 ,
1213 463 1231 511 t

499 716 690 793 CAPUT
721 717 870 792 XLIV.

89 910 284 978 Francorum
306 911 379 977 Rea
397 915 481 1000 petit
502 915 563 980 sibi
584 917 658 982 dari
679 916 870 982 Brisacom:
903 914 1069 1003 intercipit
1092 915 1279 983 Palatinam

132 1012 289 1181 {camitem
312 1012 469 1080 Sestiorem
492 1039 530 1081 ea
550 1018 671 1105 Aurelia
691 1041 752 1107 per
777 1018 907 1085 Gallias
928 1020 963 1083 ia
987 1016 1190 1084 Germaniam
1213 1032 1281 1087 tea-

207 1139 262 1182 em.

116 1272 215 1382 Q
246 1267 274 1332 ‘a
287 1279 334 1368 χρ
361 1274 514 1339 monce
529 1277 755 1341 venetensium
770 1278 868 1342 unes
882 1279 1043 1367 Demadi,
1059 1280 1280 1344 amarmur-

120 1333 312 1473 QG
373 1371 433 1433 huc
447 1374 604 1437 tenebatur
617 1375 636 1436 d
648 1374 867 1437 Ooufoedcratis
882 1375 1011 1439 Oorouae
1027 1377 1165 1440 Suedioee
1183 1379 1281 1439 Duci-

110 1471 165 1572 ᾳ
186 1497 239 1567 εδ,
247 1466 332 1580 ›⁴ss
373 1469 439 1544 bus,
454 1469 563 1549 quibus
578 1471 726 1533 exercitus
742 1490 846 1532 curam
861 1472 1130 1537 commiseemcsse
1144 1474 1280 1556 superius

104 1607 112 1654 3
143 1548 155 1596 i
170 1560 283 1674 till)
312 1571 323 1632 ν’,
374 1568 517 1629 diximus.
567 1568 646 1629 Eam
667 1588 740 1629 vero
758 1568 957 1630 munitionem
976 1590 1046 1631 cum
1067 1591 1121 1632 suo
1143 1570 1280 1634 instituto

111 1667 178 1718 ῗ
189 1623 338 1714 ‘'52⁹1“
372 1662 497 1726 omnino
507 1664 708 1738 commodum,
721 1664 784 1725 imo
793 1682 848 1745 per
856 1683 946 1746 quam
957 1666 1153 1728 necessariam
1166 1668 1282 1731 videret

90 1762 161 1824 Rex
184 1762 306 1835 Gallia,
328 1762 448 1823 nullum
471 1779 533 1820 uon
554 1758 687 1841 lapidem
708 1760 858 1835 movebat,
882 1769 917 1821 ut
935 1760 1138 1824 omnimodam
1160 1764 1194 1824 in
1213 1784 1281 1827 suas

89 1879 200 1920 manus
217 1858 403 1922 deditionem
422 1857 441 1918 d
463 1855 661 1917 directoribus
683 1855 892 1918 Wimarieusis
912 1856 1028 1919 militie
1048 1857 1283 1940 independenter

91 1955 283 2035 exprimeret,
296 1956 379 2016 unde
391 1952 492 2014 obices
504 1970 607 2013 omnes
626 1950 774 2013 indefesso
789 1951 891 2013 labore
905 1962 1047 2029 removet,
1061 1953 1167 2015 arietes
1179 1964 1284 2018 conus

7 2047 8 2056 ’
89 2048 312 2131 potentissimos
323 2049 447 2110 adhibet
459 2046 568 2108 animis
582 2066 783 2127 possessorum
797 2048 1017 2129 expugnandis,
1037 2048 1068 2109 in
1082 2068 1173 2131 quem
1188 2050 1281 2113 finem

92 2145 259 2206 immanem
267 2145 403 2226 peoumas
412 2142 743 2206 summamVinariensi
753 2144 897 2205 exercitui
906 2142 1079 2206 solvendam
1090 2145 1181 2208 misit.
1201 2146 1281 2209 Cum

91 2260 168 2302 vero
179 2241 269 2302 etiam
281 2250 355 2303 tunc
371 2262 420 2303 res
433 2240 608 2323 procederet
622 2236 744 2316 lentius,
757 2258 849 2319 quum
864 2238 932 2301 Rex
947 2239 1047 2315 vellet,
1064 2241 1170 2303 merito
1185 2245 1280 2326 suspi-

92 2337 157 2400 cari
169 2336 250 2421 cepit
261 2338 301 2401 ud
312 2337 373 2400 buc
385 2356 536 2418 superesse
548 2334 746 2412 obstaculum,
757 2336 839 2417 quod
852 2336 934 2398 omui
947 2344 1056 2398 conatu
1068 2337 1281 2418 inquirendum

94 2443 128 2497 et
138 2433 343 2496 amoliendum
355 2433 481 2516 putavit.

135 2532 256 2612 ΑΒΜ
267 2539 340 2593 tunc
355 2530 432 2592 forte
450 2529 483 2590 in
497 2527 613 2611 Anglis
628 2527 777 2609 Princeps
793 2527 952 2590 Palatinus
964 2527 1090 2592 Carolus
1111 2529 1283 2592 ludovicus

96 2621 244 2689 Friderici
257 2626 329 2689 olim
342 2627 374 2689 in
388 2625 539 2688 Gaesarem
552 2622 680 2700 rebellis,
694 2631 725 2685 et
739 2623 814 2686 alils
831 2633 913 2706 peste
932 2626 1067 2701 extincti,
1085 2625 1184 2687 senior
1201 2624 1283 2688 filim

95 2723 249 2785 variorum
261 2724 449 2806 negotiorum
462 2741 563 2797 causa
576 2720 765 2800 reditumque
777 2721 901 2802 parabat
913 2721 945 2783 in
955 2721 1160 2793 Germaniam,
1170 2729 1204 2782 nt
1213 2741 1284 2782 cum

97 2818 232 2900 Imperio
244 2819 339 2900 (quod
350 2829 424 2880 tune
436 2818 524 2899 plane
537 2817 726 2893 credebatur)
739 2816 951 2898 preficeretur,
963 2818 1032 2880 loco
1041 2817 1175 2881 defuncti
1187 2817 1284 2880 Ducis

98 2915 260 2988 Bmardi,
276 2913 504 2977 Vinarieusibus
522 2912 667 2992 reliquiis.
708 2911 750 2975 Et
771 2913 843 2976 licet
859 2924 963 2995 portus
981 2913 1105 2996 Angliae
1122 2934 1225 2975 omnes
1244 2915 1283 2977 ad

98 3010 196 3093 ipsum
209 3010 365 3072 octiduum
377 3009 472 3072 clausi
484 3009 659 3085 manserint,
673 3009 717 3070 ita
725 3017 760 3070 ut
768 3007 845 3070 nulli
858 3009 977 3092 ingredi
990 3011 1130 3092 egredive
1140 3011 1184 3072 ias
1196 3021 1283 3086 esset,

98 3126 138 3167 ne
149 3125 212 3187 qna
223 3105 378 3188 Principis
390 3106 537 3167 discesm
552 3125 590 3166 ex
605 3104 721 3187 Anglia
734 3104 865 3188 cuipiam
883 3105 1090 3183 innotesceret,
1109 3127 1171 3168 uon
1187 3109 1286 3190 potuit

99 3212 199 3264 nmen
212 3201 270 3264 boc
280 3202 338 3263 iter
348 3202 393 3264 ita
405 3201 506 3276 celari,
517 3201 592 3283 quin
604 3201 644 3262 cd
655 3201 801 3283 legatum
814 3199 993 3264 Francicnm
1007 3202 1139 3264 Londiui
1152 3205 1283 3266 residen-

98 3309 161 3360 tem
173 3299 263 3361 certis
276 3300 439 3362 amicorum
451 3299 558 3362 litteris
571 3317 661 3380 quam
674 3299 826 3360 citissimis
839 3299 957 3360 nunciis
970 3298 1144 3372 deferretur,
1157 3301 1210 3381 qui
1222 3320 1284 3362 uon

6 3384 12 3410 ¹
98 3395 200 3457 minus
214 3415 339 3478 propere
354 3415 445 3476 quam
460 3395 591 3476 primum
610 3415 698 3456 suum
715 3395 833 3478 Regem
850 3394 1086 3457 commonefecit.
1127 3395 1191 3458 Hic
1206 3397 1284 3459 clam

98 3491 239 3553 omnibus
246 3490 533 3554 commendantibus
543 3511 578 3552 ao
587 3491 744 3554 Preeieetis
755 3492 875 3554 urbium
889 3509 1017 3573 percuss
1030 3493 1199 3572 provincias
1207 3495 1284 3556 serio

98 3587 269 3669 imperavit,
279 3594 314 3649 ut
323 3587 462 3668 diligenti
475 3607 548 3650 cura
560 3588 756 3666 attenderent,
766 3609 806 3650 ue
816 3608 875 3670 qua
884 3608 936 3670 per
947 3587 1061 3650 Gallias
1071 3589 1166 3651 iturus
1176 3589 1284 3652 Comes

100 3681 261 3743 Palatium
273 3681 365 3744 libere
377 3683 525 3758 eraderet,
539 3684 592 3745 sed
605 3684 735 3748 suaviter
747 3685 939 3762 detineretur,
953 3685 1051 3764 quoad
1065 3685 1104 3747 ad
1117 3685 1234 3769 Regem
1247 3686 1285 3748 de

7 3834 9 3845 ,
101 3778 167 3858 ejus
179 3779 338 3859 presentia
350 3777 476 3842 relatum
490 3787 575 3842 esset.
