3225 4700
487 322 511 388 Ι
518 319 807 391 TINERARI
817 319 904 386 UM.
1257 319 1322 384 407

116 481 222 543 biliter
234 477 400 562 praefuisse,
415 483 447 540 et
458 475 641 538 confidimus
654 493 716 534 non
730 472 947 555 permissurum
961 480 995 533 ut
1008 469 1047 533 ad
1058 469 1208 553 ejusmodi
1219 471 1323 532 munia

117 578 240 660 indigui
262 576 506 659 promoveantur)
527 573 609 634 viros
629 572 735 633 doctos
755 569 876 632 virtutis
896 569 1056 640 studiosos,
1076 567 1226 650 imprimis
1249 570 1322 630 verb

119 675 226 737 Deum
240 674 380 736 timentes
393 672 519 755 deligat.

161 772 243 835 Gom
256 770 329 832 verb
341 769 433 831 etiam
446 789 484 830 ex
498 763 655 828 occasione
669 763 861 845 quorundam
875 781 1047 824 sermonum
1061 763 1173 823 temere
1188 761 1323 843 profuso·

117 890 189 931 rum
206 889 268 929 non
282 868 326 928 ita
341 867 459 948 pridem
477 863 574 926 coacti
587 862 733 924 fuerimus
747 860 916 921 Dominum
930 861 969 922 dc
982 859 1212 922 Chasteauneuf
1225 859 1324 920 officio

117 963 270 1048 sigilliferi
283 965 413 1045 privare,
431 981 561 1042 eumque
582 960 614 1020 in
634 968 767 1020 castrum
788 956 1018 1039 Engollsmense
1039 956 1196 1038 ablegare:
1218 956 1323 1037 praeci-

117 1063 232 1145 pimus,
259 1071 293 1122 ut
320 1061 384 1143 ipse
411 1060 525 1120 ibidem
550 1066 695 1128 servetur,
723 1051 823 1137 quoad
851 1075 910 1136 pax
938 1052 1087 1136 generalis
1114 1051 1321 1128 concludatur,

118 1160 245 1242 quando
254 1177 310 1239 pro
323 1157 513 1238 beneplacito
523 1155 651 1236 Reginae
662 1163 692 1214 et
700 1153 940 1215 consiliariomm
952 1151 1135 1212 contentiosi
1146 1160 1227 1211 certa
1237 1151 1322 1212 sedes

119 1259 172 1320 vel
186 1259 218 1318 in
235 1257 283 1317 vel
302 1265 387 1317 entra
399 1273 526 1335 regnum
541 1251 695 1333 designari
712 1251 822 1332 poterit
838 1250 869 1310 ln
887 1267 992 1329 quoae
1009 1246 1049 1307 ad
1062 1247 1131 1308 dies·
1141 1246 1211 1306 vitae
1227 1247 1323 1307 conti·

118 1366 201 1416 neat.
243 1353 430 1414 Mandemus
439 1351 531 1412 etiam
544 1359 580 1410 ut
590 1347 722 1409 Ducissa
735 1348 774 1408 de
784 1347 956 1408 chevreuse
966 1345 1004 1405 ob
1014 1344 1194 1426 justissimas
1207 1363 1336 1414 causas„

118 1472 215 1534 regno
230 1450 352 1520 Galliae,
373 1467 468 1529 usque
487 1448 528 1509 ad
547 1446 695 1507 bellorum
715 1445 809 1506 linem
831 1443 942 1531 exulet.
984 1441 1133 1503 Volumus
1150 1461 1269 1524 quoque
1289 1453 1324 1503 ut

117 1567 178 1608 nec
191 1567 265 1627 pace
278 1545 431 1618 conclusa,
446 1545 557 1606 nisiex
571 1543 667 1625 gratia
678 1542 808 1625 Reginae
823 1542 855 1602 in
865 1561 993 1622 regnum
1003 1541 1116 1614 redeat,
1128 1541 1176 1601 vel
1187 1540 1212 1601 si
1226 1540 1324 1602 redire

117 1645 287 1726 contingat,
302 1663 341 1704 ne
362 1642 412 1703 vel
428 1660 521 1722 prope
539 1639 642 1702 aulam
660 1639 839 1720 hospitetur.
881 1639 965 1710 Quin
979 1659 1035 1700 nec
1049 1639 1115 1700 aliis
1129 1638 1238 1699 nostris
1252 1639 1323 1699 sub·

119 1741 206 1814 ditis,
218 1740 272 1821 qui
286 1738 366 1800 ultro
379 1759 410 1800 sc
426 1737 529 1800 Gallia
538 1737 587 1798 vel
601 1757 639 1798 ex
652 1737 743 1797 certis
758 1736 856 1796 causis
869 1736 1094 1809 submoverunt,
1106 1735 1322 1815 cujuscumque

120 1836 304 1899 conditionis
323 1836 370 1896 illi
389 1834 513 1908 luerint,
532 1835 648 1896 reditas
665 1835 697 1894 in
716 1851 845 1916 regnum
859 1832 1030 1894 ullomodo
1049 1833 1249 1914 pcrmlttetur,
1263 1832 1323 1894 nisi

120 1955 192 1995 cum
208 1935 280 2014 ipsis
294 1932 430 1994 unanimi
443 1950 590 1993 consensu
604 1930 679 1992 dieti
694 1930 859 1991 consiliarii
872 1930 1078 1991 decernerent.

165 2031 309 2111 Denique
317 2031 460 2110 jubemus
474 2039 508 2090 ut
526 2030 558 2090 ln
577 2028 644 2090 haec
662 2027 765 2088 omnia
778 2036 890 2108 puncta
899 2037 1057 2108 postremae
1072 2026 1246 2097 voluntatis,
1259 2039 1322 2089 tam

120 2127 245 2209 Regina
262 2127 432 2209 gubernans
449 2127 562 2208 conjux
579 2135 692 2200 nostra,
712 2135 743 2185 ct
760 2123 893 2185 filiorum
915 2134 1083 2185 nostrorum
1105 2135 1210 2199 mater,
1222 2144 1322 2205 quam

120 2224 216 2285 stater
234 2233 334 2284 noster
353 2223 426 2282 Dux
447 2222 674 2284 Aurelianensis
692 2231 724 2282 et
743 2222 895 2302 principes
914 2221 1202 2302 sanguinis,'duces,
1224 2241 1321 2303 pares,

119 2319 310 2383 mareschalli
329 2331 360 2382 et
377 2320 518 2383 officiales
531 2319 618 2403 regni
632 2319 735 2381 mucre
742 2319 858 2401 jurent,
875 2319 957 2401 quod
974 2319 1075 2380 omnia
1092 2317 1157 2380 haec
1171 2319 1292 2381 decreta
1306 2319 1325 2379 h

121 2419 210 2479 nohis
217 2418 413 2500 integerrima
420 2417 481 2479 fide
492 2416 704 2478 inviolabiliter
713 2436 832 2477 servare
841 2426 872 2477 ct
880 2416 1049 2478 executioni
1059 2416 1201 2478 mandare
1210 2416 1323 2478 velint:

122 2518 154 2578 in
173 2535 264 2597 quem
284 2512 376 2575 linem
397 2514 496 2596 primo
515 2533 635 2595 quoque
658 2523 791 2594 tempore
811 2534 866 2594 per
889 2513 975 2595 regni
997 2514 1168 2594 provincias
1190 2514 1325 2595 publiea·

122 2615 246 2675 buntur.
721 2608 740 2645 ’·

165 2711 245 2772 Haec
264 2710 367 2771 omnia
383 2731 476 2770 mauu
493 2720 595 2772 nostra
610 2710 785 2792 scripsimus
802 2721 834 2772 et
848 2710 1062 2772 subscribenda
1079 2711 1146 2772 aliis
1159 2710 1325 2772 communi·

122 2808 260 2871 cavimus
273 2807 480 2889 subscribique
489 2808 636 2890 jussimus
645 2828 699 2889 per
710 2808 861 2890 Reginam
875 2808 1035 2890 conjugem
1050 2819 1192 2877 nostram,
1204 2808 1323 2869 Ducem

122 2904 384 2978 Aurelianensem,
400 2914 430 2963 et
445 2905 637 2965 secretarium
657 2914 762 2977 status,
776 2904 943 2986 sigillisque
959 2905 1144 2966 munivimus
1157 2913 1187 2966 et
1204 2905 1325 2965 robora·

121 3004 223 3064 vimus
234 3001 276 3063 ad
291 3002 437 3062 Sanctum
452 3001 653 3076 Germanum,
667 3021 769 3062 mense
784 3002 895 3083 Aprili,
910 3002 983 3062 anni
1004 3004 1092 3061 1643.
1131 3006 1224 3064 Anno
1238 3002 1324 3084 regni

121 3100 217 3161 nostri
232 3098 388 3179 trigesimo
401 3098 500 3159 tertio.
1093 3114 1096 3121 ’

165 3198 227 3258 His
239 3195 417 3277 subscriptis
428 3205 457 3256 et
470 3215 524 3275 per
537 3195 730 3258 Parlamenta
739 3197 909 3279 publicatis,
926 3197 1074 3279 vigesimo
1086 3198 1322 3277 primo'tandem

122 3294 235 3354 mensis
254 3291 371 3373 Aprilis
390 3292 508 3373 Regius
527 3292 676 3374 Princeps
695 3293 922 3376 Primogeuitus
943 3314 995 3354 seu
1010 3293 1181 3375 Delphinus
1196 3294 1324 3356 Parisiis

120 3388 270 3469 baptismo
290 3388 429 3450 admotus
449 3399 504 3451 est.
546 3388 646 3461 Quem
668 3390 735 3452 Rex
755 3404 842 3472 pater
862 3391 900 3453 de
919 3412 972 3452 suo
990 3392 1111 3453 nomine
1133 3392 1323 3453 Ludovioum

121 3484 267 3567 appellari
289 3484 396 3547 voluit.
442 3486 576 3548 Esacro
598 3487 718 3549 lavacro
737 3507 805 3549 eum
828 3499 1022 3570 susceperunt
1043 3490 1166 3550 nomine
1192 3490 1323 3551 Romani

122 3581 283 3643 Pontificis
297 3582 471 3645 Cardinalis
485 3583 670 3661 Macerinus,
684 3606 722 3647 ac
739 3586 862 3647 nomine
882 3585 1101 3666 Hispaniarum
1121 3586 1215 3668 Regis
1233 3585 1323 3647 Prin·

19 3668 22 3680 ’
120 3701 191 3762 ceps
205 3680 339 3756 stamina,
354 3682 480 3744 Condai
494 3687 616 3766 conjux.
