3225 4700
479 350 503 418 1
512 352 572 419 TI
579 349 804 420 NERARI
814 348 899 417 UM.
1235 349 1279 418 'll

122 508 175 573 11.
200 509 246 574 Ut
259 512 363 575 liceret
375 512 472 575 cuivis
484 534 539 575 sua
551 515 766 596 impedimento
779 513 916 576 avehere.

121 608 195 669 III.
219 608 265 671 Ut
276 609 400 671 militari
413 612 503 673 modo
516 613 626 693 paratis
638 613 677 675 ad
690 632 823 694 pugnam
837 611 937 683 armis,
951 609 990 671 ad
1005 608 1171 672 Gallassica
1183 618 1282 671 casua

80 704 308 767 deducerentur
320 706 487 769 indemnes.

124 800 269 862 Gloriose
282 804 353 864 saue
368 804 546 884 praesidiarii
563 824 594 865 se
610 804 780 878 defendere,
794 812 861 864 octo
874 802 955 863 enim
971 802 1098 863 insultus
1110 821 1180 863 cum
1196 800 1281 884 gravi

80 895 217 957 hostium
227 897 419 961 incommodo
429 900 560 961 animose
571 901 754 982 repulerunt,
766 910 795 962 et
804 900 875 961 licet
884 900 1032 960 'labemus
1042 899 1155 962 Coesari
1164 918 1283 960 serrare
1405 947 1407 952 .

80 1012 146 1052 non
165 994 327 1073 potuerint,
341 995 540 1057 immortalem
556 1006 655 1057 tamen
672 997 793 1058 laudem
807 1006 876 1057 suut
893 996 1054 1057 consecuti.
1096 995 1159 1056 Sub
1170 994 1282 1077 vigesi-

80 1106 171 1147 mum
184 1087 306 1149 tertium
318 1090 342 1153 J
344 1090 399 1151 ulii
413 1090 582 1174 Hungsriae
597 1101 627 1153 ct
638 1092 793 1154 Bohemioe
809 1092 875 1151 Rex
886 1090 1097 1152 Fordinaudus
1107 1090 1175 1150 111.
1186 1099 1283 1150 castra

82 1192 187 1243 nostra
204 1184 320 1259 inrisit,
334 1196 423 1269 atque
443 1190 481 1249 ab
497 1188 578 1250 omni
595 1189 726 1251 exercitu
743 1188 906 1269 majoribus
923 1187 1144 1266 minoribusque
1161 1186 1282 1246 tertium

84 1280 256 1341 exoneratis
273 1280 382 1343 fistulis
399 1293 444 1346 est
458 1285 611 1346 salutatus.
653 1286 792 1365 Cumque
808 1284 949 1345 universa
968 1285 1047 1343 recte
1065 1282 1230 1343 ordinasset
1249 1281 1282 1340 in

88 1373 338 1439 Marchionatum
361 1379 530 1441 Badensem
551 1390 596 1443 est
615 1402 768 1456 reversus3
793 1379 933 1452 Quocum
953 1378 1009 1440 ivit
1028 1378 1163 1458 Lamboy
1181 1377 1230 1437 rir
1249 1376 1282 1436 iu

82 1471 191 1549 paucis
209 1480 347 1535 strenuus
362 1484 392 1537 et
409 1496 509 1537 rerum
526 1476 701 1539 bellicarum
717 1476 865 1558 imprimis
882 1496 1004 1557 gnarus,
1018 1474 1072 1555 qui
1089 1474 1222 1555 quinque
1240 1471 1282 1532 le·

83 1566 193 1647 gioues
212 1568 351 1646 ducebat,
371 1571 448 1633 inter
465 1592 538 1653 quas
555 1583 619 1634 erat
639 1573 719 1652 legio
737 1572 846 1633 Jacobi
868 1569 1016 1633 Gordoui.
1063 1569 1126 1631 Hic
1149 1568 1283 1647 Iamboy

83 1662 178 1741 pauld
192 1674 258 1743 post
270 1666 428 1728 Brisacum
442 1688 511 1729 cum
521 1669 581 1731 suis
595 1669 740 1743 discessit,
753 1686 843 1748 seque
853 1686 922 1727 cum
932 1665 1102 1727 Reiuacher
1113 1663 1284 1745 conjunxit,

85 1758 140 1835 qui
155 1758 246 1820 militi
260 1764 362 1824 enervi
376 1764 407 1824 in
423 1774 482 1826 tres
495 1766 560 1827 dies
574 1774 771 1849 commeatum
782 1762 945 1824 liberaliter
956 1770 991 1821 ut
1003 1760 1100 1842 potuit
1111 1759 1259 1841 praestitit.

139 2093 178 2168 r*
288 2034 344 2143 ³1¹
418 2101 423 2102 ⁷
479 2043 557 2176 sir
599 2088 622 2118 ³
664 2043 800 2149 211ng
849 2026 898 2167 rit
951 2095 962 2096 ’
1026 2036 1105 2169 ²2¹
1140 2105 1147 2108 —
1216 2093 1237 2142 ι

533 2364 721 2439 CAPUT
755 2365 846 2439 XX.

284 2547 337 2616 De
351 2550 499 2618 ulteriore
507 2574 675 2642 progresso
689 2563 794 2619 nostra
810 2563 915 2618 contro
932 2551 1055 2619 Gallos.

331 2846 336 2883 ³
369 2868 422 2928 per
440 2846 532 2908 Dann
549 2849 581 2908 in
598 2848 787 2930 Burgundiae
803 2847 989 2910 Comitatum
1004 2847 1162 2908 movimus.
1206 2847 1287 2908 Bur-

107 2976 109 2983 ,
128 3010 146 3025 Γ
268 2954 333 3025 «ξύ
370 2943 465 3025 gundi
478 2945 548 3004 sane
564 2963 657 3004 noros
673 2965 727 3005 nos
743 2944 873 3026 hospites
886 2943 1091 3005 liberalissime
1109 2942 1286 3020 habuerunt,

270 3016 338 3160 §r
370 3037 473 3118 nilque
488 3039 573 3100 nobis
588 3060 624 3100 ex
642 3039 726 3100 bouis
743 3041 882 3100 omnibus
897 3039 1093 3112 subditorum,
1106 3049 1214 3120 praeter
1228 3041 1287 3101 Ec·

110 3177 126 3195 2
189 3182 195 3187 .
213 3176 235 3183 ,.
261 3136 334 3190 vs.
370 3133 475 3195 clesias
483 3142 513 3195 et
522 3134 704 3212 molendina,
714 3145 962 3197 sanctumesseet
973 3135 1108 3196 clausum
1117 3134 1287 3198 voluerunt.

94 3229 149 3290 Est
165 3237 306 3289 caeteruur
321 3229 509 3312 Burgundiae
526 3231 694 3292 Comitatus
711 3231 818 3292 fertilis
835 3231 918 3292 omni
936 3251 1044 3314 genere
1061 3251 1161 3291 rerum
1177 3231 1240 3292 riui
1258 3243 1290 3293 et

91 3325 234 3388 frumenti
251 3324 343 3387 ferax.
387 3325 450 3387 Hic
464 3327 537 3388 dum
553 3327 733 3407 quiescimus
751 3328 903 3408 tantisper,
919 3327 1037 3388 Croatae
1055 3327 1150 3388 nostri
1165 3347 1202 3388 ex
1217 3327 1290 3388 insi·

93 3421 151 3481 diis
168 3421 200 3482 in
220 3421 306 3504 sylva
320 3421 425 3484 Gallos
439 3431 606 3504 expectant,
621 3442 696 3502 quos
713 3426 782 3484 cum
797 3444 908 3505 magno
923 3423 1039 3506 impetu
1050 3424 1082 3484 iu
1098 3443 1153 3484 nos
1166 3423 1289 3485 tendere

92 3515 248 3595 vidissent,
263 3519 282 3579 a
294 3527 379 3602 tergo
391 3538 428 3579 ex
442 3517 603 3600 improviso
619 3519 737 3580 adortos
751 3519 871 3602 egregie
885 3517 1023 3594 salutant,
1037 3519 1173 3581 mactatis
1186 3539 1289 3580 eorum

92 3613 238 3694 plurimis,
256 3615 352 3695 captis
372 3613 503 3694 reliquis.
557 3614 641 3676 Hinc
661 3614 701 3675 ad
719 3615 920 3676 Balunsanam
938 3634 1037 3676 arcem
1057 3613 1287 3698 expugnandam

94 3711 174 3774 ducti
192 3731 308 3788 sumus,
326 3729 416 3793 quam
434 3719 500 3793 post
518 3709 634 3793 aliquas
648 3711 797 3774 molestius
814 3719 965 3794 superatos
981 3709 1141 3773 undecimo
1156 3708 1290 3790 Augusti

106 2747 331 2961 {l}
350 2748 525 2826 RISACO‚
535 2750 721 2826 Commeatu,
730 2751 885 2813 utdictum
893 2760 947 2826 cst,
955 2751 987 2811 in
995 2749 1130 2812 triduum
1138 2750 1286 2828 instructi,

105 2884 124 2961 2
252 2902 327 2967 A·
