3225 4700
303 332 368 398 400
715 323 1124 394 ITINERARIUM.

345 483 388 545 D.
403 481 583 544 Vincentius
596 481 635 542 de
647 480 678 541 la
692 479 799 543 Murra
814 480 1033 544 Maresohallus
1049 480 1159 562 campi,
1176 479 1218 541 D.
1239 480 1372 563 Bragius
1390 479 1519 542 Fuscus

304 579 524 642 Marescballus
540 579 650 659 campi,
665 577 707 637 D.
723 577 851 640 Carolus
868 579 945 640 Pius
958 577 1142 652 colonellas,
1158 581 1200 641 D.
1220 579 1369 642 Fabritius
1383 579 1520 643 Caraffa
1594 623 1595 638 ι

303 674 486 749 Colouellus‚
503 674 546 735 D.
559 673 686 736 Carolus
700 675 853 735 Antonius
864 675 1007 737 Saluzzus
1021 675 1205 752 Colonellus,
1221 677 1263 737 D.
1278 678 1302 740 J
1304 697 1416 740 oannes
1428 677 1518 738 Iani

303 772 452 835 Oolonelli
470 771 570 832 locum
588 780 703 846 teneus,
719 771 762 832 D.
781 773 941 854 Virginius
954 772 1051 834 Conci
1065 795 1219 856 supremus
1232 773 1407 857 vigiliarum
1422 773 1518 835 Prre·
1594 787 1595 800 ¹

303 869 486 932 fectusinter
497 867 675 948 equitatum,
685 867 853 930 Praefectus
864 870 1202 952 vigiliarumsnpremns
1212 873 1307 933 Briau
1318 869 1513 948 Germanus,

304 967 346 1027 D.
368 965 521 1027 Antonius
537 964 649 1046 Oiogni
667 965 823 1028 Romanus
843 965 1010 1028 Praefectus
1028 967 1202 1050 vigiliarum
1219 955 1385 1050 supremus,
1402 970 1516 1050 Adju-

302 1073 397 1126 tautes
406 1060 571 1124 Generales
579 1062 650 1131 duo,
659 1061 774 1124 scilicet
785 1062 896 1125 Petrus
905 1064 1059 1125 Antonius
1068 1064 1212 1126 Crevolur
1219 1076 1249 1126 et
1261 1064 1515 1127 Bartholomaeus

303 1158 487 1232 Zaunobius,
497 1159 700 1240 septendecim
713 1160 882 1241 Cupitanei‚
893 1169 994 1242 utpote
1003 1160 1151 1244 Licurgus
1161 1161 1363 1242 Stephanueci
1373 1163 1512 1238 deTodi‚

302 1259 439 1321 Joannes
462 1244 594 1318 Biaucbi
615 1255 653 1317 de
678 1256 782 1331 Terni,
803 1257 962 1319 Terentius
985 1257 1125 1319 Montani
1151 1259 1189 1320 de
1215 1257 1340 1333 Pesaro‚
1366 1261 1513 1323 loannes

304 1353 484 1416 Francisous
497 1352 609 1434 Ciogui
627 1352 795 1427 Romanus,
816 1352 1000 1415 Dominicus
1020 1353 1138 1416 Gentili
1159 1355 1264 1431 Curso,
1286 1356 1431 1418 Nicoleus
1452 1357 1511 1418 Vi-

302 1452 395 1527 riani,
422 1451 573 1531 Botgarus
595 1447 760 1523 Anaidens,
784 1450 995 1512 Fordinandus
1015 1450 1199 1514 Vechiarelli
1219 1453 1258 1515 de
1282 1453 1377 1524 Ricti,
1398 1453 1512 1515 Caesar

304 1549 400 1619 Betui,
414 1547 525 1609 Petrus
540 1547 638 1621 Neve,
648 1546 691 1606 D.
707 1546 888 1610 Franciscus
898 1547 1030 1620 Corolia,
1045 1548 1140 1610 Belus
1149 1549 1337 1622 Seraoinelli,
1347 1550 1510 1610 Amadeus

303 1647 340 1707 de
355 1646 460 1718 Niuza,
478 1643 656 1704 Franciscus
675 1642 784 1714 Poltri‚
797 1644 822 1706 J
824 1663 936 1706 oannes
949 1645 1103 1706 Antonius
1118 1645 1208 1708 Fabri
1224 1646 1406 1720 Germanus,
1422 1649 1510 1706 Amo

304 1743 413 1832 Gallus
430 1740 609 1802 Francisous
621 1739 744 1815 Sestini,
758 1751 869 1822 praeter
886 1739 940 1802 hos
957 1740 1000 1802 D.
1017 1741 1163 1804 Octavius
1181 1741 1333 1818 Bonnuto,
1355 1743 1397 1804 D.
1419 1742 1509 1804 Mar·

302 1839 385 1901 tinus
406 1836 585 1898 Franciscus
606 1834 743 1912 Hismrt,
768 1837 851 1900 Baro
869 1837 908 1898 de
929 1837 1075 1900 Simeonis
1096 1837 1213 1916 Gallus,
1237 1839 1279 1900 D.
1295 1840 1332 1902 de
1349 1839 1507 1902 'liorivillu

305 1935 422 2006 Gallus,
443 1932 587 1994 Albertus
606 1934 708 1994 Adam
727 1934 765 1995 de
785 1933 945 1996 Transacia
962 1935 1142 2009 Germanus,
1159 1937 1269 2000 Comes
1285 1938 1324 2000 de
1343 1937 1506 2012 Ubaldini,
1592 1973 1595 2050 4

303 2044 363 2095 tres
377 2029 536 2093 vexilliferi
548 2030 696 2111 equitum,
709 2042 778 2094 octo
787 2032 943 2113 peditum:
967 2033 1123 2094 tormentis
1136 2034 1268 2115 preelecti
1282 2055 1352 2095 cum
1363 2034 1507 2096 omnibus

301 2129 432 2192 famulis.
475 2126 555 2190 Haec
568 2128 659 2210 plaga
677 2129 849 2209 pontificios
862 2126 1053 2191 vehementer
1068 2129 1186 2207 afflixit,
1202 2151 1299 2212 neque
1316 2131 1396 2192 enim
1414 2130 1507 2192 facile
1594 2125 1595 2150 ¹

302 2229 477 2292 occurrebat
489 2237 574 2289 tanto
592 2227 673 2288 malo
690 2228 868 2288 remedium.
914 2227 1074 2288 Timebent
1089 2227 1235 2309 prseterei
1254 2226 1396 2310 Perugias
1416 2228 1506 2310 eujus
1586 2237 1595 2302 l

302 2328 384 2391 cives
400 2324 603 2387 dissidebant:
633 2325 786 2407 praecipue
804 2326 908 2405 itaque
927 2345 1001 2386 cura
1013 2323 1071 2386 luit
1091 2335 1125 2387 ut
1142 2324 1214 2387 novi
1234 2323 1367 2387 delectus
1383 2324 1503 2401 fierent,

301 2425 446 2506 milesque
460 2423 492 2483 iu
504 2423 670 2484 subsidium
684 2424 932 2497 conscriberetur,
944 2423 975 2485 in
988 2442 1078 2503 quem
1089 2421 1181 2484 finem
1193 2422 1329 2503 pecuniis
1343 2442 1416 2504 opus
1425 2430 1501 2497 erut,
1594 2428 1595 2435 ’

302 2534 402 2586 autum
416 2521 510 2603 igitur
527 2540 596 2580 oum
615 2520 829 2581 mercatoribus
843 2528 877 2580 ut
896 2530 1030 2581 trecenta
1044 2529 1252 2581 coronatorum
1274 2519 1371 2580 millia
1390 2519 1503 2599 pende-

301 2629 377 2682 rent.
419 2616 570 2680 Collatum
580 2636 701 2697 quoque
714 2627 872 2697 argeutum
887 2624 921 2677 ut
935 2615 1101 2697 quingenta
1115 2624 1325 2677 coronatorum
1340 2613 1435 2675 millia
1447 2636 1502 2677 cu·

302 2718 456 2779 detentor.
499 2714 547 2773 Ex
571 2712 709 2775 thesauro
729 2712 812 2786 item,
836 2712 869 2772 in
893 2708 1027 2773 Castello
1048 2712 1079 2775 S.
1100 2712 1215 2795 Angeli
1236 2712 1380 2773 emereri
1403 2712 1500 2789 solito,

302 2816 481 2876 eximeretur
493 2810 640 2873 dimidius
657 2809 723 2871 auri
743 2808 849 2870 millio.
892 2808 1051 2870 Instabent
1070 2808 1185 2869 interea
1205 2808 1301 2881 Galli,
1325 2818 1355 2871 et
1374 2808 1499 2870 Triaum

301 2908 542 2973 constantissime
565 2907 786 2987 fortissimeque
811 2906 963 2987 petebant,
988 2904 1028 2967 ad
1048 2906 1132 2985 quod
1155 2926 1191 2967 ex
1213 2915 1342 2986 quatuor
1366 2906 1501 2987 partibus

301 3010 450 3091 majorum
471 3017 688 3068 tormentorum
708 3002 840 3085 impulsu
855 3000 998 3063 continue
1019 3000 1203 3077 laborabunt,
1224 3022 1281 3063 uec
1297 3002 1397 3063 minus
1417 3002 1501 3093 cuni-
1594 3026 1595 3029 ¹

301 3106 378 3170 culis
398 3103 589 3174 infestabant,
602 3121 731 3183 quorum
745 3099 827 3161 felici
841 3118 981 3160 successu
999 3098 1101 3179 biatus
1114 3099 1146 3159 in
1165 3109 1296 3160 castrum
1312 3109 1432 3179 apertus
1447 3109 1500 3171 est,

301 3203 380 3265 unde
397 3200 568 3283 paulopost
583 3199 714 3280 impetus
729 3197 900 3267 adornatus,
918 3195 970 3267 sod
986 3214 1098 3277 magno
1113 3195 1272 3257 Gallorum
1291 3196 1499 3267 incommodo:

300 3301 411 3382 quippe
433 3297 521 3359 unico
540 3296 593 3357 illo
607 3295 722 3357 assultu
739 3293 897 3375 quingenti
910 3292 1034 3355 omnino
1052 3293 1214 3374 perierunt,
1228 3292 1306 3355 inter
1326 3312 1402 3374 quos
1421 3292 1497 3354 colo-

299 3399 397 3460 uellus
410 3417 489 3458 unus
501 3404 532 3457 et
544 3394 690 3456 tredecim
703 3390 862 3474 capitanei.
1594 3450 1595 3475 ᾖ

340 3495 408 3557 Nec
427 3492 524 3555 multo
541 3500 608 3573 poet
624 3490 686 3551 duo
702 3489 812 3550 iterum
832 3488 963 3569 impetus
981 3486 1045 3549 duti
1065 3484 1221 3567 inquibus
1240 3487 1340 3549 denuo
1352 3486 1494 3569 quadrin-
1594 3516 1595 3539 ι

299 3593 383 3676 genti
395 3591 613 3663 occubuerunt,
629 3585 795 3668 octingenti
809 3603 880 3646 vero
893 3604 954 3645 uon
968 3582 1074 3645 leniter
1087 3581 1245 3645 vulnerati.
1594 3588 1595 3613 ¹

340 3689 422 3761 Quin
449 3697 479 3750 et
500 3682 678 3770 gravissimi
701 3682 813 3743 dumne
835 3680 927 3763 paulo
947 3690 1013 3761 post
1031 3701 1067 3742 ex
1089 3680 1232 3743 cuniculo
1249 3690 1410 3743 retrorsum
1431 3692 1493 3743 uoto
