3225 4700
336 334 401 400 394
731 332 1145 402 ITINERARIUM.

339 486 520 550 vellicabant
537 489 670 565 reduces,
686 489 740 570 qni
758 490 880 552 tandem
899 489 987 551 etism
1007 486 1097 570 pleni
1109 487 1172 548 acie
1190 506 1227 546 ex
1242 483 1394 566 insperato
1408 499 1478 542 sese
1494 479 1549 538 ob-

333 583 485 663 jecerunt.
516 586 600 659 Quid
612 586 725 648 iaceret
736 587 889 662 Fssexiuq
903 586 953 647 oui
968 587 1119 667 integrum
1132 583 1263 664 amplius
1273 601 1336 642 non
1349 589 1416 641 erat
1425 579 1548 640 subter-
1583 624 1584 700 p

336 678 440 761 fugere
457 681 608 761 prelium,
627 684 681 745 sed
698 704 756 744 nee
773 684 901 745 evadere
920 693 1029 758 tutum,
1044 681 1128 744 hoste
1142 680 1160 742 d
1173 679 1271 742 fronte
1290 687 1321 739 et
1337 686 1424 759 tergo
1442 673 1549 734 immi·
1583 709 1584 730 r

336 787 434 838 nante.

377 873 427 934 Ne
450 874 563 937 inultus
584 877 695 958 periret
718 898 755 939 ex
774 879 933 957 desperato
953 877 1083 957 sumpsit
1102 875 1219 937 animos
1241 870 1434 951 contulitque
1457 888 1548 929 arms

337 983 398 1032 tam
413 971 540 1047 fortiter,
556 983 590 1034 ut
603 975 754 1054 peditatus
773 975 815 1034 ad
832 975 911 1056 ipsas
930 995 981 1035 sex
1003 972 1090 1035 hores
1108 971 1259 1055 puguant,
1275 969 1294 1030 d
1309 967 1393 1030 sexti
1412 967 1547 1047 inquam

336 1068 485 1128 matutina
501 1089 597 1149 usque
615 1070 655 1131 ad
671 1071 882 1132 duodecimam
901 1073 1118 1133 meridianam:
1143 1069 1277 1149 reliquus
1296 1065 1369 1127 verb
1388 1064 1547 1145 equitatus
1584 1054 1585 1082 ³

337 1164 367 1223 in
382 1185 479 1226 seram
490 1178 608 1228 noctem
622 1187 756 1250 pugnam
770 1169 941 1230 extraxerit.
985 1169 1026 1229 Et
1035 1169 1107 1230 licet
1120 1167 1200 1228 inter
1210 1164 1309 1246 regios
1323 1162 1411 1226 multi
1427 1159 1546 1242 passim

337 1262 489 1336 caderent,
514 1264 642 1324 victoria
664 1279 764 1325 tamen
787 1285 879 1345 penes
902 1265 982 1347 ipsos
1002 1266 1093 1326 stetit
1136 1263 1185 1323 Ex
1209 1261 1343 1343 partibus
1365 1259 1547 1320 Essexianis

337 1371 445 1441 preater
457 1359 615 1421 officiarios
633 1360 734 1441 plures
753 1361 915 1422 desiderati
929 1371 1002 1424 snut
1015 1361 1098 1423 mille
1117 1358 1330 1441 quadringenti
1346 1356 1458 1417 milites
1474 1377 1546 1438 gre·

338 1453 425 1534 garli,
446 1461 535 1534 atqua
552 1452 631 1514 inter
651 1453 706 1514 hos
722 1453 804 1514 ciues
820 1453 920 1528 multi,
938 1455 991 1536 qui
1008 1455 1048 1516 ed
1066 1454 1146 1515 hanc
1167 1452 1389 1534 expeditionem
1410 1449 1546 1531 profecti

337 1548 465 1610 fuerant.
509 1549 629 1610 Horum
648 1559 775 1611 mortem
794 1559 827 1610 ut
841 1551 958 1632 accepit
973 1552 1040 1613 Rex
1055 1549 1273 1632 impensissime
1288 1546 1420 1608 doluisse
1439 1545 1546 1627 perhi-

338 1645 444 1706 betur:
473 1645 593 1706 interim
614 1667 669 1727 pro
684 1646 811 1708 victorii
831 1646 888 1709 hec
910 1648 979 1709 Deo
1003 1649 1188 1710 exercituum
1207 1645 1312 1706 laudes
1333 1642 1449 1705 Oxonii
1469 1654 1545 1702 snut

339 1741 516 1816 decantatas,
537 1751 685 1803 tormenta
701 1741 773 1803 item
787 1744 904 1824 majora
922 1753 1091 1816 exonerata,
1108 1742 1303 1823 computrue
1320 1759 1493 1820 campsnae,
1514 1751 1544 1799 et

337 1838 404 1899 festi
418 1839 504 1921 ignes
517 1839 627 1920 passim
642 1839 769 1900 accensi.
811 1839 882 1901 Dici
895 1841 1000 1921 nequit
1009 1853 1156 1923 quantum
1169 1839 1234 1900 haeo
1244 1837 1371 1900 victoria
1384 1837 1542 1918 regiorum

338 1935 455 1996 animos
475 1936 593 1997 auxerit
612 1935 803 2017 hostiumque
826 1939 1030 2016 prostraverit,
1052 1948 1085 1999 ut
1105 1937 1237 2019 primum
1257 1935 1338 1996 enim
1360 1933 1542 2016 pervulgata

338 2044 392 2102 cst,
406 2031 608 2093 nobilissimus
625 2033 746 2113 Angliae
768 2043 881 2114 portus,
898 2034 1082 2096 Millortinm
1096 2033 1259 2116 appellant,
1271 2029 1350 2112 Regi
1364 2050 1428 2090 sese
1441 2029 1539 2104 dedit,

339 2129 400 2189 und
412 2149 481 2189 cum
501 2129 611 2190 vicinis
630 2130 753 2190 urbibus
769 2130 953 2202 Pembrocls,
968 2132 1074 2211 Teuby
1088 2141 1118 2193 et
1138 2129 1314 2192 Haverfort.
1357 2128 1422 2188 Nec
1442 2126 1540 2188 multb

338 2235 405 2307 post
426 2225 550 2286 Eretria
570 2226 682 2286 virtute
701 2225 843 2288 Mauritii
862 2227 998 2289 Palatini
1019 2247 1083 2289 mm
1098 2227 1262 2289 obsidentis
1282 2225 1322 2286 ad
1334 2223 1538 2286 obedientiam

338 2322 434 2405 Regis
446 2322 547 2385 rediit.
590 2322 683 2385 Miles
696 2325 901 2406 proesidiauius
915 2325 968 2408 qui
985 2345 1016 2387 se
1029 2325 1190 2387 fortissime
1204 2331 1384 2406 opposuerat
1397 2341 1468 2383 cum
1486 2323 1538 2383 ba·

336 2420 415 2480 cillis
428 2420 567 2481 candidis
580 2421 684 2502 egredi
702 2420 809 2484 debuit
822 2422 954 2504 solisque
974 2423 1101 2485 ducibus
1118 2442 1277 2483 concessus
1295 2420 1425 2503 gladius.
1465 2419 1537 2481 Hoc

336 2518 442 2578 eodem
463 2537 555 2598 prope
575 2532 708 2600 tempore
730 2520 932 2581 Bamburiani
955 2520 1059 2581 Duces
1079 2521 1156 2581 duos
1176 2528 1321 2601 ceperunt
1343 2517 1395 2599 qni
1416 2517 1457 2577 ad
1479 2518 1538 2579 Es·

338 2614 454 2675 sexium
468 2615 669 2695 properabant
686 2617 769 2698 apud
787 2637 863 2697 quos
883 2618 964 2677 inter
980 2617 1055 2678 alias
1074 2617 1192 2698 praedas
1210 2614 1319 2696 reperti
1332 2624 1403 2675 sunt
1418 2615 1536 2675 nummi

338 2712 432 2785 aurei,
447 2732 484 2771 ex
498 2730 626 2792 quorum
640 2712 701 2773 und
714 2712 790 2774 facie
803 2715 1062 2794 repraesentabatur
1076 2714 1176 2795 imago
1186 2712 1302 2773 Fssexii
1315 2696 1433 2785 armati,
1447 2731 1537 2791 snpra

337 2828 426 2890 quem
437 2829 475 2870 ex
485 2810 563 2870 nube
575 2810 809 2891 protendebatur
818 2829 926 2871 manus
937 2831 1006 2871 cum
1016 2811 1100 2872 nudo
1113 2810 1226 2893 gladio,
1234 2809 1285 2891 cni
1294 2808 1360 2869 benc
1373 2806 1536 2890 epigraphe

338 2907 458 2987 adjecta
471 2916 544 2980 arat,
559 2905 689 2967 Gladius
704 2906 832 2967 Domini
848 2906 1013 2981 Gedaonis,
1024 2927 1061 2967 ex
1074 2905 1167 2969 alteri
1177 2927 1249 2968 vero
1263 2905 1340 2967 facia
1350 2904 1536 2986 exprimeba-

338 3014 388 3065 tur
404 3003 633 3064 Parlsmentum
647 3022 717 3063 cum
733 3002 792 3063 hoc
806 3002 955 3078 lemmate,
972 3003 1010 3064 In
1025 3002 1219 3064 multitudine
1232 3003 1352 3065 consilii
1365 3024 1433 3085 pax.

378 3101 402 3162 J
404 3100 570 3182 ampridem
583 3110 647 3161 toto
663 3109 784 3180 pectore
798 3100 941 3180 omniqua
957 3100 1147 3161 contentione
1160 3100 1191 3160 iu
1206 3100 1238 3160 id
1252 3100 1453 3161 incubuerunt
1467 3100 1536 3181 Hy·

338 3198 423 3259 berni
436 3207 470 3259 ut
483 3218 553 3258 cum
565 3197 650 3278 Rege
665 3215 719 3257 suo
733 3196 772 3257 de
784 3196 869 3279 regui
881 3196 1020 3279 negotiis,
1034 3208 1064 3257 et
1072 3196 1268 3280 gliscentibus
1281 3218 1334 3278 per
1346 3196 1535 3277 Hyberniam

337 3294 434 3355 turbis
450 3294 587 3355 conferre
606 3291 733 3374 pacifice
748 3304 879 3376 possent,
893 3293 925 3355 id
943 3293 1023 3375 quod
1042 3294 1165 3357 tandem
1181 3292 1388 3376 impetrarunt
1425 3293 1536 3357 Dictus

339 3400 384 3453 est
401 3390 593 3453 conferentis
612 3389 698 3451 locus
715 3390 955 3473 sminge-Tobraa
974 3391 1005 3451 iu
1024 3390 1168 3452 comitatu
1184 3390 1371 3465 Kildarensi,
1389 3392 1429 3453 ad
1446 3412 1534 3473 quem

338 3498 520 3549 conventum
534 3496 579 3549 est
593 3487 633 3548 ab
651 3488 809 3569 utriusque
826 3488 919 3570 partis
937 3487 1083 3571 delegatis
1099 3506 1135 3548 ac
1153 3496 1309 3569 sequentes
1326 3487 1446 3549 articuli
1465 3509 1535 3550 con-

334 3586 422 3647 clusi.

378 3683 404 3741 Ι.
428 3682 635 3744 Armistitium
656 3684 696 3744 ad
711 3704 827 3745 aunum
841 3691 904 3745 esto
918 3683 995 3746 inter
1013 3683 1119 3766 Regiae
1135 3682 1305 3764 Majcstatis
1316 3682 1460 3756 subditos,
1474 3693 1533 3745 tam
