3225 4700
319 305 384 371 406
720 298 743 365 Ι
748 299 854 369 TIN
857 297 1041 366 ERARI
1048 295 1135 364 ΠΜ.

321 467 398 518 trem
411 465 441 518 et
459 457 627 536 Regentem
649 456 805 515 astituram
826 462 858 514 et
876 453 1069 536 praefuturum
1083 451 1186 513 liberis
1207 451 1316 513 uostris
1335 451 1444 512 eadem
1468 469 1529 530 qna

319 573 391 636 erga
403 573 458 613 nos
471 551 530 612 suit
542 550 615 612 fide.
870 565 873 572 ·

342 693 345 699 -
359 650 511 722 Quoniam
524 650 597 709 nero
610 648 695 710 diota
708 647 828 730 Regina
841 648 951 728 ocnjnn
966 655 1079 719 nemra,
1092 647 1124 708 iu
1138 656 1197 709 tam
1211 644 1375 727 multiplici
1384 645 1526 726 negotio·

318 768 384 809 rum
402 745 556 818 varietate,
572 756 603 806 et
614 753 790 806 occurrente
809 744 1004 825 perplexitate
1017 744 1120 804 omnia
1132 764 1186 825 per
1199 753 1293 804 semet
1308 742 1525 805 administrare

318 864 377 904 uon
393 842 523 925 poterit;
552 842 625 923 quin
640 862 697 902 nec
714 861 814 902 rernm
833 842 967 902 omnium
984 851 1160 921 praesentem
1179 839 1355 900 memoriam
1369 849 1401 900 et
1416 859 1523 900 ueces-
1578 787 1583 896 l

316 942 426 1002 sariam
445 937 788 1021 experientiamshabsre
804 937 1006 998 necessarium
1024 938 1149 998 omnino
1165 938 1347 1018 judicamus,
1360 937 1390 997 ei
1410 937 1523 1018 sdjnn·
1580 951 1583 1016 p

316 1038 432 1121 gendos
451 1057 517 1098 esse
536 1036 724 1097 consiliarios
743 1044 774 1096 et
793 1034 998 1104 administros,
1014 1054 1148 1115 ¹quornm
1170 1035 1303 1097 consiliis
1323 1046 1355 1096 et
1376 1055 1472 1116 opera
1490 1035 1520 1093 in
1579 1019 1583 1070 l

316 1136 409 1197 rebus
418 1135 518 1197 disbiis
527 1135 572 1195 uti
583 1135 685 1215 possit.
728 1133 781 1193 Ad
792 1130 871 1191 hanc
882 1150 971 1211 porro
979 1132 1181 1193 remmaxirue
1191 1143 1221 1194 et
1234 1134 1265 1194 in
1277 1133 1383 1214 primis
1394 1133 1522 1194 idoncos

315 1232 483 1312 delegimus
496 1241 659 1314 cognatum
671 1229 1060 1290 nostrnmamsutissimum
1071 1239 1158 1290 aetate
1170 1240 1200 1292 et
1213 1230 1338 1290 consilio
1352 1229 1521 1312 pollentem
1582 1299 1583 1308 χ

316 1329 492 1411 Principem
512 1329 681 1391 Condacum
698 1337 733 1389 ut
750 1336 781 1388 et
798 1326 1083 1388 Eminentissimnm
1097 1327 1291 1388 cardinalem
1312 1327 1520 1394 Msmrinnrn,

314 1427 527 1488 cancellarium
545 1426 668 1507 insuper
685 1424 772 1506 regni
787 1423 893 1493 nostri,
915 1423 1242 1507 custodemquessigilli
1262 1424 1350 1507 regii,
1365 1433 1397 1484 et
1412 1443 1521 1504 snper·
1582 1439 1583 1496 ι

313 1524 519 1584 intendentem
543 1542 670 1583 oamerae
695 1542 732 1584 ac
752 1520 1054 1582 archithesaurarinm
1080 1522 1247 1583 Dominum
1273 1522 1344 1584 item
1361 1523 1408 1583 de
1434 1521 1519 1584 Cha·
1582 1521 1583 1564 l

313 1621 398 1703 vigui
416 1620 609 1681 secretarium
627 1620 725 1700 regni.
767 1619 969 1680 Decernimns
984 1639 1105 1700 quoque
1125 1629 1158 1681 nt
1176 1619 1247 1682 hnic
1267 1619 1393 1681 oonsilio
1413 1619 1520 1700 praesi·

313 1719 384 1780 deat
399 1718 612 1780 dilectissimus
628 1717 720 1778 frater
736 1726 838 1777 noster
857 1715 930 1776 Dux
946 1717 1183 1793 Aurelianensis,
1198 1727 1230 1778 et
1249 1718 1280 1777 in
1297 1717 1362 1798 ejus
1379 1716 1519 1778 absentia

314 1815 463 1897 Princeps
483 1815 645 1890 Condaeus,
662 1812 712 1875 vel
725 1813 898 1876 Cardinalis
913 1813 1099 1888 Macerinus,
1118 1835 1154 1875 ac
1171 1813 1223 1875 alii
1242 1825 1461 1894 consequenter
1480 1836 1516 1876 eo
1582 1801 1583 1816 ¹

311 1912 418 1973 ordine
432 1921 467 1972 ut
475 1913 540 1992 jam
556 1910 702 1972 nominati
715 1921 796 1972 sunt.
840 1911 1027 1973 Ordinamus
1040 1911 1142 1984 etism,
1157 1933 1195 1972 ne
1209 1913 1278 1992 quis
1292 1911 1404 1973 audeat
1417 1910 1514 1972 ullam
1582 1919 1583 1944 ³

311 2031 349 2071 ex
370 2010 453 2081 dicto
474 2009 531 2070 hoo
558 2008 682 2070 consilio
704 2029 861 2089 personam
888 2021 1015 2082 mutare,
1039 2029 1166 2084 cassare,
1190 2009 1349 2089 deponere.
1392 2009 1513 2081 Quodsi

310 2116 411 2167 tamen
421 2107 531 2187 aliquis
543 2127 580 2167 ex
595 2106 684 2167 dictis
693 2105 873 2180 consiliariis
882 2105 931 2166 rel
941 2105 1003 2165 vita
1013 2105 1172 2171 decederet
1182 2106 1230 2166 vel
1241 2107 1279 2166 ob
1291 2125 1396 2184 graves
1406 2126 1514 2166 causas
1582 2145 1583 2164 ι

310 2204 437 2265 consilio
455 2203 679 2269 submovendus
699 2211 785 2275 esset,
804 2200 886 2262 hand
905 2221 1058 2282 quaquam
1075 2200 1152 2263 alins
1168 2203 1198 2262 in
1215 2203 1279 2285 ejus
1294 2203 1392 2264 locum
1406 2204 1513 2264 subro-

309 2311 407 2386 getur,
424 2301 482 2363 uisi
498 2321 568 2363 cum
586 2319 736 2362 consensu
755 2299 901 2382 Regeutis
922 2299 1051 2383 Reginae
1068 2300 1208 2383 conjugis
1225 2309 1346 2375 nostrae,
1364 2320 1400 2363 ac
1420 2322 1513 2363 nemo
1582 2339 1583 2350 ι

309 2400 367 2460 uisi
375 2420 428 2481 per
436 2398 612 2461 electionem
623 2409 653 2459 et
663 2406 799 2459 votorum
811 2397 1012 2478 pluralitatem
1024 2400 1056 2458 iu
1064 2398 1302 2460 consiliariorum
1311 2400 1434 2461 alterins
1443 2400 1512 2461 loco

308 2496 475 2580 adlegetur.
516 2497 705 2577 Impemmus
720 2516 841 2576 quoqne
860 2516 897 2555 ex
912 2495 1101 2576 plenitudine
1117 2495 1281 2577 potestatis,
1302 2506 1336 2557 ut
1351 2497 1455 2557 omnia
1471 2498 1511 2558 de

307 2614 381 2676 pace
407 2594 626 2669 constituenda,
647 2601 700 2653 ant
725 2592 804 2653 bello
830 2594 1045 2673 promovendo,
1071 2593 1126 2655 &a
1154 2593 1282 2655 consilia
1305 2594 1429 2655 nonnisi
1455 2616 1511 2675 per

307 2692 389 2753 huuc
409 2704 545 2753 senatum
568 2698 787 2772 proponantur,
809 2689 1023 2763 deliberentur,
1046 2692 1308 2753 etdecernantnr.
1350 2692 1508 2764 Quantum

307 2789 379 2850 vero
392 2789 433 2851 ad
452 2789 512 2850 alia
524 2790 609 2871 regni
624 2789 733 2864 officia,
749 2788 852 2850 omnia
864 2810 918 2870 per
931 2789 1080 2871 Reginam
1098 2790 1263 2872 Rogantem
1279 2809 1349 2851 cum
1366 2790 1510 2852 consilia-

306 2888 417 2949 riorum
432 2908 578 2949 consensu
586 2888 819 2952 distribuentur.

348 2985 386 3045 Iu
415 2984 729 3067 archiepiscopatibus,
754 2982 983 3064 episcopatibus,
1012 2992 1042 3043 et
1067 2983 1195 3044 abbatiis
1217 2982 1391 3045 dividendis
1416 3004 1507 3065 opera

305 3082 437 3157 dabitur,
454 3093 488 3143 ut
506 3082 762 3163 quemadmodum
777 3080 934 3161 bucusque
951 3080 1078 3141 sollicite
1093 3101 1146 3141 nos
1163 3079 1221 3161 ipsi
1237 3078 1451 3156 laboravimus,
1465 3083 1507 3143 ita

305 3198 424 3259 quoque
438 3180 621 3262 inposterum
634 3178 791 3261 ejusmodi
807 3177 983 3260 dignitates,
1003 3187 1032 3239 et
1050 3178 1218 3258 praelaturae
1235 3178 1345 3240 talibus
1358 3178 1433 3240 viris
1453 3182 1505 3242 de·

305 3275 447 3350 ferantur,
461 3277 516 3358 qui
530 3277 641 3339 virtute
655 3287 687 3337 et
699 3277 838 3337 doctrina
851 3274 992 3356 polleant.
1037 3274 1131 3337 Unde
1145 3275 1231 3337 nullo
1243 3278 1335 3338 modo
1347 3279 1504 3339 conducet

305 3384 339 3433 nt
358 3373 642 3456 archiepiscopatus,
668 3374 865 3455 episcopatus,
889 3382 920 3443 et
941 3372 1067 3434 abbatiae
1091 3373 1200 3435 talibus
1223 3374 1425 3449 conferantur,
1450 3377 1504 3455 qui

304 3482 339 3531 ut
352 3470 514 3543 minimum
526 3472 546 3532 a
558 3471 689 3533 triennio
700 3469 880 3533 sacerdotali
894 3489 1018 3532 munere
1033 3470 1089 3531 rite
1102 3470 1198 3533 innoti
1211 3492 1270 3531 non
1281 3470 1403 3533 fuerint.
1445 3472 1503 3533 Or·

305 3566 444 3627 dinamus
466 3566 562 3649 igitur
583 3577 618 3629 nt
643 3567 764 3649 Regina
784 3567 954 3649 gubernans
978 3568 1074 3628 accito
1101 3570 1133 3629 in
1161 3568 1319 3630 consilinm
1344 3570 1502 3632 cardinali

306 3662 463 3725 Masarinn
477 3668 579 3746 (quem
594 3676 624 3727 ct
640 3665 736 3746 ipsum
751 3665 769 3725 a
787 3664 882 3727 multo
899 3674 1030 3745 tempore
1044 3665 1237 3747 probavimus
1249 3666 1384 3727 ecclesiae
1398 3668 1500 3728 landa·
