3225 4700
329 334 394 399 182
729 326 1131 395 ITINERARIUM.

369 483 487 546 Eodem
508 482 571 545 fere
593 488 726 563 tempore
747 484 764 543 e
787 481 953 543 Grisonum
975 480 1094 563 Repub.
1120 480 1313 565 septuaginta
1336 482 1395 545 viri
1418 480 1541 544 delecti

328 590 410 657 sunt,
423 581 478 662 qui
500 578 712 641 Mediolanum
741 577 834 653 irent,
851 587 882 639 et
902 576 1000 639 fedus
1020 598 1090 639 cum
1113 576 1252 657 Hispano
1272 578 1451 653 stabilirent,
1475 580 1541 661 qui

326 698 430 739 omnes
444 676 464 738 I
476 674 655 737 Marchione
668 674 708 737 de
721 674 860 756 Ieganes
877 674 962 756 regio
974 673 1053 736 fastu
1066 672 1184 755 excepti
1201 684 1282 751 sunt,
1295 676 1541 759 magnificisque

327 774 501 835 muneribus
518 772 633 834 donati.
676 771 788 833 Foedus
804 778 905 832 autem
924 790 986 832 non
1004 771 1156 852 spectabat
1173 771 1268 847 aliud,
1286 792 1379 853 quam
1400 781 1436 835 ut
1452 773 1539 835 liber
1601 762 1602 765 ¹

326 870 474 953 Hispanis
487 879 565 932 esset
576 868 720 930 transitus
732 867 907 948 reditusque
920 888 974 949 per
989 866 1097 929 vallem
1109 868 1269 931 Teliniam.

366 967 453 1031 Inter
464 966 607 1049 reliquiae
616 965 833 1028 Wimarienses
843 974 874 1026 et
886 963 1075 1045 potissimum
1090 965 1195 1027 Duces
1208 965 1293 1027 varia
1306 974 1371 1027 turn
1384 968 1538 1049 temporis

324 1064 498 1126 oriebantur
511 1062 647 1138 dissidia,
661 1060 858 1126 nihilomiuus
870 1069 971 1122 tamea
982 1069 1078 1123 eastra
1089 1064 1250 1125 movebant
1262 1062 1294 1124 in
1307 1062 1534 1141 Palatinatum,

323 1160 571 1241 occupabantque
589 1179 627 1221 ex
644 1159 795 1239 insperato
810 1157 1090 1239 Weissenburgum,
1109 1159 1142 1222 N
1143 1158 1320 1247 eosadium„
1337 1158 1536 1223 Iandarium

324 1266 356 1319 et
369 1242 671 1330 Germersheimium‚
686 1254 769 1316 unde
782 1262 873 1316 tantas
887 1253 927 1314 ad
941 1252 1084 1315 Rhenum
1097 1254 1236 1317 oriuntur
1248 1255 1355 1329 turbas,
1369 1265 1404 1317 ut
1414 1276 1535 1319 conva-

323 1354 396 1416 satis
416 1353 566 1426 omnibus,
587 1351 776 1435 navigiisque
796 1349 945 1432 impositis
963 1350 996 1412 in
1014 1350 1125 1411 tutiora
1141 1350 1208 1413 loca
1225 1351 1384 1413 Coloniam
1403 1353 1533 1434 partim,

323 1450 435 1532 partim
450 1446 695 1510 Francofordiam
708 1454 953 1530 transportarent,
965 1466 1001 1509 ao
1014 1445 1181 1509 Caesariani
1191 1467 1311 1529 quoque
1324 1448 1533 1511 Wormatu‘arn

324 1555 408 1608 metu
420 1545 627 1607 destituerent.
702 1546 710 1563 ‘

364 1643 433 1705 Nec
445 1641 561 1703 minore
574 1640 702 1703 audacia
712 1640 872 1704 Generalis
888 1639 1002 1723 vigiliis
1019 1640 1097 1703 inter
1111 1641 1223 1704 Suecos
1238 1640 1400 1723 praesectum
1416 1642 1531 1706 Chris·

321 1738 465 1820 tophorus
475 1739 514 1801 de
524 1737 770 1821 Coningsrnarclr
782 1739 935 1820 premebat
946 1738 1157 1813 Franconiam,
1166 1738 1321 1821 ipsiusque
1328 1737 1528 1821 Metropolim

323 1835 571 1918 Wirtaeburgum
585 1835 771 1918 gravissimis
784 1834 989 1898 exactionibus
1002 1835 1154 1897 onerabat.

361 1932 560 1994 Tractabatur
580 1940 654 1994 tunc
675 1950 796 2012 quoque
821 1952 892 1994 cnm
913 1931 1099 2014 Iandgravii
1122 1931 1244 1993 Hassiae
1264 1931 1359 1993 vidua
1378 1932 1419 1993 de
1440 1930 1529 2013 paeis

320 2028 555 2104 conditionibus,
570 2048 638 2108 que
655 2036 814 2108 postquam
828 2027 883 2089 diu
900 2048 955 2110 per
967 2028 1119 2110 delegatos
1136 2028 1174 2090 ab
1193 2030 1380 2109 Imperatore
1396 2028 1530 2090 fuissent

321 2125 454 2208 agitatae,
468 2124 591 2187 tandem
604 2124 645 2185 ad
662 2122 814 2185 cesarem
826 2123 958 2185 dimissae
977 2134 1047 2189 suut
1059 2125 1274 2187 confirmandas
1287 2133 1318 2186 et
1333 2125 1528 2187 subscriben-

321 2223 389 2296 dae3
409 2221 463 2282 sed
481 2221 580 2303 patuit
596 2240 658 2282 nou
678 2219 773 2280 multo
794 2228 862 2300 post
878 2218 970 2295 fraus,
989 2221 1064 2284 dum
1083 2222 1165 2283 enim
1182 2222 1321 2283 admissas
1340 2220 1527 2297 reseruntur,

321 2318 471 2401 Princeps
484 2316 609 2380 foemina
621 2315 717 2379 resilit
727 2316 746 2378 d
755 2316 917 2398 proposito,
931 2314 981 2378 vel
994 2318 1095 2398 potius
1107 2317 1204 2400 aperit
1217 2318 1353 2381 animum
1362 2318 1403 2381 ad
1415 2336 1525 2400 pacem

320 2436 392 2478 cum
405 2414 540 2498 Imperio
553 2434 659 2496 parum
674 2433 864 2496 propensum,
876 2415 961 2494 quod
972 2413 1023 2476 vel
1035 2414 1107 2478 inde
1120 2415 1222 2498 colligi
1233 2415 1304 2478 satis
1316 2425 1437 2498 protest,
1449 2437 1525 2478 eum

319 2512 403 2575 enim
415 2512 482 2574 lraec
496 2511 681 2594 agitarentur
693 2509 727 2571 in
740 2509 878 2592 imperio,
893 2509 959 2591 ipsa
968 2509 1097 2572 oolladit
1105 2531 1175 2572 oum
1187 2509 1289 2588 Gallo,
1301 2512 1412 2593 datque
1426 2511 1524 2574 fidem

319 2630 351 2671 ae
364 2609 403 2670 ab
418 2607 571 2670 Francicis
584 2607 719 2688 imperiis
731 2627 792 2668 non
803 2607 1011 2683 discessuram,
1023 2607 1105 2669 unde
1115 2615 1146 2669 et
1154 2607 1275 2670 Vexilla
1284 2607 1428 2670 militaria
1439 2629 1524 2671 nova

320 2703 566 2768 Ambsterodami
584 2701 828 2786 perficiebantur,
846 2702 878 2765 in
892 2703 1002 2784 quibus
1015 2702 1147 2786 insignia
1162 2705 1309 2768 Franoiea
1322 2705 1445 2768 Corona
1459 2707 1521 2768 soi-

318 2802 391 2866 licet
407 2811 439 2865 et
455 2801 567 2864 Lilium
585 2798 741 2861 Gallicum
759 2819 830 2861 cum
848 2799 1043 2882 inscriptione
1065 2801 1167 2882 Louys
1184 2802 1223 2863 de
1246 2802 1393 2864 Bourbon
1414 2803 1521 2866 videre

318 2911 393 2964 erat.
422 2899 545 2972 Quanto
558 2917 630 2959 vero
642 2895 700 2958 hoc
711 2897 871 2959 commodo
881 2917 935 2959 suo
945 2916 1125 2978 suorumque
1139 2896 1244 2960 fecerit
1257 2907 1377 2981 tempus
1386 2900 1519 2981 aperiet;

319 3006 350 3058 et
365 2998 452 3058 Deus
469 2993 654 3058 fraudulenti
675 2993 770 3056 animi
791 2994 905 3056 vindex
920 2995 1138 3056 demonstrabit
1155 2995 1274 3058 abunde
1292 3016 1363 3059 curn
1379 3017 1520 3059 mensura

319 3093 469 3173 completa
486 3091 577 3154 fuerit
594 3099 796 3174 peccatorum.
839 3090 925 3153 Num
944 3090 1120 3173 Principem
1139 3090 1265 3174 Imperii
1283 3093 1398 3168 deceat,
1414 3105 1520 3156 contm

319 3188 487 3269 Imperium
509 3188 675 3272 insurgere,
697 3197 729 3250 et
751 3187 818 3270 ejus
843 3187 963 3249 ruinam
988 3187 1050 3250 auis
1073 3187 1193 3252 auxiliis
1217 3210 1391 3272 promovere
1413 3191 1518 3254 videat

320 3303 424 3366 aequus
439 3284 558 3347 arbiter.
