3225 4700
495 348 902 417 I'I'INERARIUM.
1231 348 1291 422 115

72 502 132 563 cio
146 520 231 583 quas
243 502 442 565 dissensiones
455 514 560 566 conus
577 524 664 567 suum
678 514 709 567 et
723 506 904 568 Brittanniae
921 506 1038 587 Regem
1052 508 1084 567 in
1099 506 1202 569 Scotid
1216 507 1288 589 glis·

73 618 168 671 cere,
183 599 263 661 adeo
280 608 314 659 ut
332 608 492 675 metuatur,
514 620 552 662 ne
572 621 673 683 parva
694 602 819 683 quidem
835 602 934 664 adhuc
950 602 1088 665 scintilla
1106 604 1139 664 in
1156 604 1288 665 immane

74 704 253 778 erumpant
272 695 457 770 incendium,
480 694 578 778 (quod
598 697 721 778 quidem
742 699 839 760 bonus
858 699 949 761 Dans
968 719 1024 780 pro
1041 699 1088 775 sd,
1109 720 1170 781 qua
1190 716 1236 761 est
1256 700 1288 761 iu

79 812 188 875 genus
209 790 377 853 humanum
396 792 597 873 providentia
617 794 780 856 elementer
797 798 924 870 avertat)
945 794 1035 856 velim
1056 796 1128 857 vert
1152 797 1288 857 subditos

81 910 198 951 omnes
212 888 441 971 diligentissime
454 888 643 951 considerare
656 899 752 951 toturn
767 890 942 953 Germaniae
955 901 1066 953 statum
1075 892 1094 953 d
1104 892 1202 973 primo
1218 901 1288 953 ortu

82 988 128 1049 ad
141 986 215 1049 haec
230 1006 324 1066 usque
343 994 497 1066 tempora:
519 985 604 1058 Quid
617 987 723 1048 amabo
736 988 776 1047 ad
790 1006 841 1047 eas
850 987 984 1049 traduxit
992 988 1176 1051 calamitates
1184 1008 1288 1050 omues

84 1084 222 1166 Imperii
233 1082 392 1162 Principes
402 1091 462 1143 tam
475 1092 610 1163 potean
623 1092 684 1144 tam
698 1082 888 1165 magnificos,
902 1083 994 1165 quim
1009 1084 1090 1165 qnod
1103 1068 1218 1147 canti
1232 1104 1288 1145 sno

83 1180 294 1243 obedientiam
312 1178 442 1240 debitam
457 1178 605 1261 negarint.
649 1180 771 1242 Nollem
789 1182 862 1241 saus
877 1180 980 1241 videre
995 1186 1043 1256 (ut
1059 1201 1164 1242 verum
1180 1181 1287 1257 fatear)

86 1282 305 1335 conterraneos
317 1294 399 1336 meos
414 1294 469 1357 pro
486 1274 579 1336 simili
591 1275 703 1337 delicto
716 1276 823 1337 iisdem
840 1275 991 1357 implicari
1006 1277 1144 1348 miseriis,
1157 1276 1287 1337 subdant

86 1371 187 1453 igitur
207 1370 347 1452 sepotius
364 1371 503 1452 potestati
522 1372 597 1453 ejus,
613 1373 667 1454 qui
685 1382 720 1435 ut
737 1372 886 1453 Princeps
903 1382 948 1433 est
967 1372 1225 1447 elementissimus,
1244 1372 1287 1431 ita

88 1468 174 1549 apud
199 1488 304 1530 omnes
325 1475 442 1529 exteras
463 1467 599 1531 nationes
609 1466 769 1550 justissimi
781 1466 1140 1549 Regiscbtinetnomsn:
1161 1468 1212 1529 cui
1224 1487 1286 1529 uon

89 1566 217 1628 aliunde
226 1564 319 1647 quarn
328 1564 347 1625 d
357 1564 435 1626 coelo
442 1572 592 1646 sceptrum
602 1566 707 1627 datum
717 1573 771 1640 est,
780 1583 841 1643 quo
852 1564 987 1625 subditos
997 1566 1143 1648 gubernet
1149 1564 1285 1647 populos.

490 2180 681 2257 CAPUT
717 2178 901 2254 XXXII.

134 2401 187 2468 De
201 2399 290 2468 rebat
304 2400 420 2468 bellicis
431 2399 526 2489 gestis
540 2399 593 2466 los
608 2421 688 2466 anuo
699 2399 733 2464 in
748 2397 893 2484 Imperio,
906 2408 936 2464 st
949 2395 987 2461 ds
999 2405 1103 2462 nostro
1116 2414 1250 2460 successu

245 2515 351 2570 contra
368 2502 519 2570 Carolum
532 2501 723 2568 Ladonisum
739 2501 917 2587 Privatim
934 2497 1132 2564 Pulutimsm.

109 2750 123 2783 1
139 2750 157 2803 ἐκ.
277 2692 332 2829 ἶ)
358 2709 573 2785 osuQUAM
583 2713 647 2788 jam
658 2728 736 2790 soepe
750 2707 860 2788 sapius
870 2708 1042 2770 nominatus
1054 2703 1284 2778 Mareschallus,

107 2840 113 2849 ,
146 2810 167 2847 ‘¹
291 2804 326 2897 ἐξ
373 2800 1286 2876 ExcellentismusDominusComesdeHatnfeldt,'l'remonioe

204 2974 207 2993 1
241 2897 329 2985 „eff
375 2921 446 2963 cum
463 2897 689 2962 Architribunis
707 2897 868 2960 consilium
885 2897 1004 2972 inierat,
1020 2917 1057 2956 ac
1074 2896 1113 2956 de
1128 2893 1238 2956 militia
1251 2894 1283 2954 in

111 3018 141 3049 a
258 2992 336 3081 Q
374 2997 542 3080 proximum
561 3003 677 3076 tempus
694 2992 888 3056 instaurandi
900 3003 931 3054 et
949 2989 1152 3074 promoveudd
1164 2989 1284 3052 cousul-

127 3090 129 3095 ’
207 3086 257 3138 '³7²'
335 3084 337 3091 ’
374 3089 468 3166 tdrat3
496 3107 616 3149 omnem
639 3085 766 3148 militem
789 3087 831 3148 ad
855 3084 1072 3146 armilustrium
1097 3103 1158 3143 non
1178 3082 1284 3164 procul

94 3181 262 3244 Hammona
274 3186 493 3254 instituendum
506 3186 618 3267 scripto
631 3184 754 3257 excivit,
772 3183 812 3244 ed
825 3181 906 3262 quod
920 3191 1021 3242 nesus
1036 3181 1116 3263 legio
1132 3202 1164 3242 se
1177 3199 1283 3261 quam-

93 3277 221 3358 primum
237 3282 374 3344 contulit.
418 3282 488 3344 Hoc
506 3281 538 3342 in
557 3281 664 3342 itinere
678 3277 952 3360 Recldiughusium
969 3276 1062 3339 delati
1074 3297 1187 3352 sumus,
1204 3277 1283 3338 vidi·

92 3395 216 3458 musque
230 3376 452 3440 Parthenonem
467 3387 497 3440 et
510 3377 620 3440 virtute
633 3387 664 3439 et
676 3375 854 3457 antiquitate
863 3372 1005 3445 nobilem,
1020 3393 1081 3434 uon
1094 3373 1159 3436 sins
1171 3373 1282 3456 magud

91 3473 283 3536 fundatorum
305 3475 475 3556 prudentii,
500 3474 531 3534 iu
555 3494 644 3534 usum
667 3472 860 3535 foeminarum
883 3468 978 3532 nobili
997 3471 1090 3551 stirpe
1110 3472 1282 3554 progenita·

93 3591 169 3644 rum,
182 3571 352 3634 fundatum.
393 3571 467 3633 Huc
485 3570 577 3632 nullae
595 3570 663 3630 uliae
678 3568 788 3630 nisiex
807 3567 901 3629 nobili
917 3566 1054 3649 prosapid
1069 3569 1110 3629 ud
1129 3568 1280 3649 leguntur.

92 3669 268 3732 Subduntur
284 3669 356 3732 vero
372 3677 403 3730 et
415 3677 520 3750 parent
536 3686 639 3730 omnes
657 3665 711 3728 uni
730 3665 940 3728 communibus
954 3663 1105 3747 suffragiis
1123 3665 1164 3725 ad
1180 3663 1213 3724 id
1229 3662 1281 3725 de-
