3225 4700
681 313 798 373 112
1476 302 2314 372 ,ITINERARIUM

674 460 1032 523 deckensem
1069 458 1438 520 comitatum
1477 456 1538 517 in
1582 456 1919 518 confinibus
1953 456 2190 517 Hassiae
2224 455 2427 528 situm,
2460 451 2683 513 virium
2716 458 3092 513 restauran-

673 559 889 619 darum
930 554 1121 639 gratia
1159 552 1405 615 deducti
1442 573 1666 628 sumus,
1696 554 1969 635 jussique
2014 561 2324 633 expectare
2362 550 2688 611 adventum
2732 547 3093 609 Generalis

673 653 1056 716 Mareschalli
1075 650 1404 712 Hatzfeldt.
1465 649 1821 710 Tractabant
1842 659 1981 710 tunc
2000 649 2150 709 forte
2173 646 2357 707 Hassi
2379 647 2455 708 de
2482 665 2627 727 pace
2648 664 2787 707 cum
2810 644 3091 706 Caesare

666 749 1071 824 instauranda,
1111 768 1223 809 nec
1267 748 1402 809 ideo
1442 746 1613 806 nobis
1646 745 1863 807 licebat
1904 745 1967 805 in
2010 764 2216 806 eorum
2256 741 2546 803 ditionem
2595 761 2936 815 excurrere,
2982 762 3088 801 ne

670 860 874 902 ansam
902 841 1181 902 daremus
1217 858 1387 900 novae
1419 837 1796 899 dissensioni.
1882 837 2133 897 Interim
2166 856 2358 898 saevus
2385 837 2853 899 calvinistarum
2880 837 3085 898 furor

667 957 788 997 non
812 936 1060 1017 quievit,
1091 936 1195 997 sed
1231 938 1292 996 in
1330 934 1691 996 Fuldensem
1728 932 1996 993 Patriam
2032 932 2427 994 debacchatus
2458 942 2565 1006 est,
2594 954 2665 995 ac
2692 934 2960 995 maxime
2992 934 3074 993 in

665 1034 1230 1116 religiosum.virum
1257 1035 1341 1095 ita
1367 1032 1622 1106 ferociit,
1650 1040 1721 1093 ut
1756 1032 2085 1092 frustratim
2122 1032 2198 1092 ab
2228 1030 2671 1091 immanissimis
2706 1030 3076 1091 hominibus

665 1130 844 1192 fuerit
864 1130 1206 1192 dilaniatus.

1468 1722 1849 1798 CAPUT
1920 1724 2234 1799 XXXI.

657 1922 768 1988 De
796 1923 1030 2010 origine
1050 1931 1111 1985 et
1139 1920 1340 1985 causis
1371 1918 1517 1984 belli
1551 1918 1936 2001 Germanici,
1950 1920 2246 2007 rebusque
2262 1918 2409 1984 aliis
2435 1920 2501 1984 iu
2530 1919 2795 2006 Imperio
2816 1919 3040 2006 gestis·

1094 2263 1101 2287 1
1212 2201 1413 2275 totque
1440 2194 1847 2257 calamitatum
1875 2196 1938 2256 in
1968 2193 2297 2257 Germania
2323 2195 2398 2254 ab
2426 2194 2630 2255 multis
2656 2196 2828 2257 annis
2855 2215 3036 2256 exor-

1013 2287 1020 2291 ’
1050 2280 1150 2342 ‚J
1216 2300 1406 2352 tarum
1441 2291 1594 2354 foret
1634 2312 1831 2367 causa,
1875 2311 1995 2353 non
2022 2292 2284 2354 occurrit
2314 2290 2455 2367 alia,
2489 2312 2669 2373 quam
2712 2292 2918 2366 nimia,
2951 2312 3035 2354 ex

1215 2386 1518 2449 affluentia
1551 2408 1751 2449 rerum
1788 2389 2075 2463 omnium,
2115 2396 2507 2469 progenerata
2536 2388 2842 2468 superbia:
2889 2388 3037 2461 Qua

672 2532 688 2544 ι
816 2532 820 2536 .
907 2532 921 2544 ,
1216 2483 1470 2563 quisque
1509 2484 1625 2544 sibi
1667 2484 1780 2564 ipsi
1828 2484 2163 2565 Imperator
2195 2492 2255 2544 et
2292 2483 2481 2544 veluti
2522 2504 2739 2564 parvus
2777 2485 3033 2565 quidam

654 2570 853 2646 Duos,
873 2574 1000 2635 sine
1022 2589 1291 2658 respectu
1314 2578 1707 2640 humanarum
1729 2580 2188 2660 divinarumque
2209 2579 2410 2662 legum
2427 2581 2685 2656 vivebat,
2703 2601 2843 2642 eum
2863 2582 3031 2642 enim

654 2666 832 2729 Dans
848 2672 1117 2751 superbis
1137 2674 1389 2749 resistat,
1414 2675 1743 2737 humilibus
1763 2685 1962 2737 autem
1982 2677 2085 2738 det
2103 2677 2378 2758 gratiam,
2392 2677 2533 2757 jure
2553 2678 2767 2740 merito
2786 2678 3032 2762 flagella

648 2762 754 2826 irae
792 2785 914 2827 suae
949 2767 1223 2850 infligere
1261 2770 1511 2831 debebat
1545 2772 1606 2831 in
1653 2793 1773 2848 eos,
1811 2773 1917 2852 qui
1948 2773 2149 2834 nescio
2182 2793 2304 2853 qua
2334 2773 2521 2834 animi
2553 2775 2806 2836 elatione
2840 2796 3029 2857 supra

649 2870 865 2922 terram
902 2864 1264 2937 incedentes,
1293 2868 1513 2929 vertice
1548 2868 1922 2951 attingebant
1958 2869 2180 2950 polum,
2208 2871 2379 2951 quasi
2414 2891 2710 2932 summam
2746 2882 3026 2934 votorum

636 2957 769 3037 jam
797 2961 1047 3021 assecuti
1072 2971 1284 3023 essent.
1359 2961 1526 3025 Solet
1552 2965 1733 3026 Dans
1747 2967 2023 3047 graviora
2040 2965 2281 3039 delicta,
2298 2987 2436 3048 quae
2464 2987 2632 3028 suam
2652 2969 3028 3050 majestatem

649 3061 906 3134 tangunt
946 3056 1209 3138 propius,
1250 3059 1577 3122 acrioribus
1608 3061 1789 3123 etiam
1822 3061 2074 3122 multare
2107 3063 2319 3142 poenis,
2353 3084 2493 3125 cum
2524 3084 2667 3124 vero
2696 3065 2803 3126 vix
2838 3087 3027 3147 grave

644 3147 886 3229 aliquod
914 3163 1221 3230 peccatum
1248 3157 1799 3239 excogitarifpossit,
1826 3157 1987 3238 quod
2009 3178 2128 3218 non
2156 3179 2230 3220 ex
2258 3159 2421 3221 fonte
2447 3170 2507 3221 et
2533 3172 2719 3222 matre
2735 3161 3023 3225 vitiorum

645 3245 936 3321 omnium,
978 3250 1273 3330 superbia,
1316 3263 1762 3334 progeneratur,
1804 3252 2016 3314 merito
2058 3254 2124 3315 id
2166 3265 2286 3316 tam
2327 3257 2588 3319 violenta
2622 3278 2694 3320 ac
2735 3259 3024 3323 diuturna

645 3341 906 3422 exagitat
939 3343 1185 3407 ultione.
1268 3347 1723 3432 Expergiscere‚
1757 3349 2104 3431 aliquando,
2139 3351 2528 3415 afflictissima
2569 3355 2920 3433 Germania,
2958 3368 3020 3420 et

642 3438 952 3500 considera
987 3439 1275 3504 vilitatem
1311 3454 1500 3519 tuam,
1539 3446 1618 3507 ad
1653 3465 1834 3526 quam
1872 3456 1931 3507 te
1968 3457 2072 3509 tuo
2108 3448 2319 3511 merito
2353 3451 2586 3534 redegit
2618 3453 3009 3534 omnipotens,

641 3534 952 3598 humiliare
979 3536 1088 3598 sub
1115 3541 1343 3618 potenti
1379 3541 1509 3602 Dm
1538 3561 1722 3603 manu
1749 3550 1819 3603 ut
1843 3542 1993 3604 bene
2028 3543 2107 3605 sit
2138 3544 2269 3621 tibi,
2296 3555 2357 3607 et
2382 3547 2846 3612 misericordiam
2869 3571 3009 3613 con-

637 3631 905 3715 sequare.
934 3680 943 3687 -
987 3633 1035 3697 J
1036 3654 1134 3696 am
1159 3637 1301 3697 satis
1331 3636 1621 3699 delituisti
1655 3638 1718 3699 in
1756 3638 2000 3720 pulvere
2028 3641 2421 3718 miseriarum,
2452 3645 2614 3728 erige
2652 3647 3012 3729 quandoque
