3225 4700
482 297 890 369 ITINERARIUM.
1211 302 1275 368 287

127 449 281 525 Quoniam
295 449 366 512 verb
381 449 471 514 etiem
484 451 606 514 aliunde
617 450 756 534 impetor,
771 473 828 517 cen
840 451 930 514 homo
943 452 983 514 dc
995 453 1096 515 nescio
1109 452 1219 534 quibus
1231 453 1276 515 vi·

82 548 136 609 tiis
156 557 321 630 suspectus,
341 565 409 628 quoe
429 545 555 617 mihiin
575 549 742 615 animarum
763 567 847 624 cnm,
867 557 899 610 et
917 549 1064 631 spirituali
1082 569 1174 632 quern
1194 570 1276 612 nnnc

84 645 167 706 inter
185 643 297 705 milites
316 663 389 724 gero
408 642 561 707 functione
581 665 642 706 non
663 663 768 726 perum
787 665 895 708 nocere
915 656 1042 728 ponent,
1057 647 1201 710 constitui
1217 648 1275 710 hoc

84 743 155 804 loco
169 762 230 804 non
244 763 292 803 me
306 740 403 824 ipsum
418 743 544 824 propriis
557 745 751 825 argumentis,
764 744 819 806 sed
831 743 938 805 olienis
950 763 1053 804 eorum
1066 744 1192 817 scilieet,
1209 744 1277 826 qni·

84 840 213 900 buscum
233 838 308 910 vixi,
330 838 507 899 testimoniis
527 838 698 913 defendere,
720 839 832 901 debent
850 839 896 901 illi
915 859 979 900 esse
999 840 1082 901 omni
1101 840 1277 922 exceptione

84 936 225 1016 majores,
239 943 270 996 et
281 934 461 1015 quibuscum
474 934 523 997 vel
536 935 697 1015 plurimum
711 935 760 997 vel
772 935 891 998 assidue
903 937 953 1018 egi
966 945 1002 998 ut
1013 936 1278 998 calumniatoribus

84 1030 226 1092 satisfiat.
268 1031 339 1092 Non
353 1051 425 1113 ergo
435 1033 554 1111 quosvis
567 1032 606 1093 de
619 1031 709 1093 trivio
727 1033 781 1113 qni
794 1050 843 1092 me
858 1032 910 1092 vix
920 1032 960 1093 de
973 1031 1050 1093 fecie
1064 1040 1211 1093 noverunt
1223 1032 1278 1093 nd-

86 1129 210 1202 ducem,
225 1128 278 1190 sed
292 1147 342 1188 eos
360 1127 378 1188 ὲ
396 1147 524 1208 qnorum
543 1137 703 1208 conspectu
722 1127 772 1189 vel
789 1129 842 1188 vix
857 1128 981 1190 ducaei
999 1148 1142 1210 unquam,
1159 1126 1209 1189 vel
1227 1149 1278 1190 eos

86 1224 197 1304 quibus
210 1223 357 1285 incumbit
370 1243 487 1284 morum
500 1222 684 1288 honestatem
697 1233 764 1285 ante
779 1225 959 1297 examinare,
972 1245 1062 1306 quam
1073 1224 1193 1286 virtutis
1202 1243 1277 1310 uon-

86 1321 164 1382 dum
176 1329 255 1382 notes
268 1321 437 1408 testimonia
449 1320 560 1385 charte
573 1320 698 1382 illinere.
728 1319 828 1385 Nemo
840 1321 910 1382 verb
924 1321 1073 1383 existimet
1082 1341 1130 1382 me
1144 1320 1177 1381 id
1189 1339 1278 1404 agere

86 1415 158 1477 ideo
171 1417 253 1497 qnod
266 1417 393 1488 alienam
407 1417 527 1479 leudem
542 1435 720 1501 magnopere
734 1427 881 1500 expetam,
895 1417 949 1480 sed
959 1427 994 1480 nt
1007 1417 1068 1478 Dei
1080 1417 1195 1478 cultum
1206 1435 1279 1477 con·

87 1523 137 1574 tra
149 1512 377 1574 nefandissimos
390 1533 560 1574 susurrones
575 1512 681 1574 melius
693 1533 896 1599 promoveam.
916 1513 996 1575 Vitoe
1006 1533 1042 1574 ac
1056 1533 1175 1574 morum
1189 1532 1278 1594 porro

85 1617 177 1669 testes
190 1609 245 1670 etsi
257 1609 407 1670 adducere
420 1629 536 1691 possem
549 1608 704 1689 plurimos,
717 1629 776 1670 non
790 1619 893 1671 tamen
905 1609 964 1671 nisi
976 1618 1037 1670 tres
1050 1609 1214 1690 producam
1225 1607 1278 1690 qui

88 1704 210 1765 abunde
222 1721 318 1765 meam
333 1705 535 1767 innocentiam
549 1704 660 1785 scripto
674 1705 846 1787 probarunt.
909 1759 913 1766 .
937 1709 940 1714 ’

132 1799 256 1863 Primus
269 1811 313 1862 est
327 1800 491 1862 Mattheus
505 1800 627 1862 Roohus
641 1801 771 1863 civitatis
787 1809 818 1862 et
836 1800 983 1862 Dioecesis
1002 1799 1208 1882 Ieghlinensis
1224 1801 1280 1863 vi-

86 1896 189 1957 carius
202 1896 404 1977 Apostolicus,
419 1896 472 1978 qui
486 1916 556 1958 cum
569 1917 606 1957 ex
625 1895 785 1976 Hybernii
801 1895 1008 1979 proficiscerer
1024 1894 1078 1956 bas
1095 1895 1170 1956 mihi
1190 1904 1280 1957 testes

85 1991 203 2053 litteren
215 1991 301 2053 dedit
313 1992 421 2073 quibus
434 1992 588 2073 probatam
603 1993 694 2054 sitam
709 1989 740 2052 in
757 1991 916 2073 Hybernid
929 2001 1026 2053 actem
1036 1990 1205 2053 confirmat.

133 2089 252 2149 Herum
262 2086 350 2149 latori
358 2087 537 2149 Reverendo
546 2087 680 2148 Domino
687 2086 810 2150 Thomae
818 2086 917 2150 Carvo
926 2086 1081 2151 Sacerdoti
1093 2085 1241 2168 Hyberno
1248 2086 1281 2147 in

90 2183 289 2244 Germaniam
297 2183 442 2258 tendenti,
451 2203 522 2245 cnm
531 2184 633 2245 animo
640 2182 789 2246 invisendi
798 2183 913 2246 nobiles
920 2185 1067 2266 quosdam
1076 2184 1195 2245 civeset
1204 2184 1281 2244 smi-

89 2301 142 2342 cos
161 2300 240 2354 suos,
252 2281 309 2343 sub
322 2279 459 2342 Otesaree
472 2278 631 2362 Msjestets
644 2290 804 2355 merentes,
813 2291 845 2342 et
854 2281 938 2342 brevi
949 2280 1023 2357 hnc)
1033 2280 1159 2363 peractis
1168 2279 1280 2341 ibidem

91 2377 243 2459 aliquibus
256 2377 385 2459 negotiis
398 2377 473 2455 suis)
488 2377 711 2439 revertendi-ed
724 2378 837 2459 priores
851 2380 883 2437 in
896 2398 970 2461 agro
988 2377 1153 2438 Dominico
1165 2376 1282 2439 labores

91 2474 298 2549 resumendus,
313 2473 370 2535 hoc
388 2473 523 2535 debitum
541 2473 696 2554 probitatis
715 2492 777 2535 suus
794 2474 998 2535 testimonium
1015 2472 1186 2555 postulanti,
1203 2473 1283 2535 veri·

92 2571 164 2633 tatis
178 2580 209 2631 et
220 2570 243 2633 J
246 2569 355 2632 ustitiae
370 2569 491 2644 iutuitu,
506 2570 655 2651 denegare
664 2568 875 2650 nequivimus:
895 2569 1003 2631 eodem
1012 2570 1283 2651 omnibuscdquos

93 2676 254 2750 praesentes
263 2666 461 2747 pervenerint,
471 2665 586 2727 sincere
597 2674 768 2727 attestantes
778 2664 947 2729 Prsefutum
958 2665 1124 2727 Dominum
1135 2665 1282 2728 Thoonem

94 2766 197 2829 lcnrb
206 2766 374 2829 animarum
385 2766 489 2846 (quem
502 2763 583 2845 epnd
595 2782 650 2825 uos
659 2761 848 2841 aliquamdiu
859 2760 1048 2824 laudabiliter
1061 2761 1165 2843 gessit)
1174 2781 1231 2823 nec
1243 2761 1282 2822 ob

94 2864 191 2925 ullum
204 2862 319 2923 crimen
332 2868 475 2935 amotum,
488 2879 545 2921 nec
560 2856 661 2939 aliqud
681 2856 894 2919 Ecclesiasticb
911 2876 1037 2918 censura
1052 2856 1211 2931 irretitum,
1229 2855 1283 2917 sed

92 2982 162 3023 eam
175 2968 280 3041 sponte
293 2956 348 3041 sud
359 2965 390 3019 et
402 2966 502 3037 nostre
515 2974 584 3041 cum
597 2952 685 3015 venii
702 2952 742 3013 cd
756 2961 879 3037 {tempus
892 2952 924 3013 in
937 2952 1095 3033 praedictos
1112 2950 1189 3012 fines
1206 2951 1285 3013 desi·

93 3058 163 3119 isse.
193 3055 232 3115 In
249 3073 375 3136 quorum
393 3051 528 3130 ominum
546 3048 638 3109 tidem
656 3048 851 3135 praesentibus
868 3047 1095 3129 subscripsimus
1107 3055 1139 3108 et
1150 3047 1284 3131 sigillum

94 3152 294 3236 appendimus
307 3149 388 3237 apud
401 3132 586 3229 Gosbrelsglr
602 3146 638 3204 19
652 3144 786 3228 Augusti
799 3143 891 3204 Anno
907 3146 994 3205 1634.
1211 3220 1215 3225 .

497 3257 661 3319 Mottboeus
672 3256 790 3316 Rocbus
801 3256 931 3315 ciuitatis
943 3264 974 3314 et
988 3254 1129 3315 Dioecesir
1225 3317 1228 3321 Δ

16 3310 22 3383 l
139 3361 249 3441 (meus
264 3358 389 3442 signu)
686 3352 888 3431 sepelimus
905 3352 1038 3412 veerte
1051 3353 1246 3431 spostolicae.

141 3617 226 3679 Hinc
239 3624 331 3698 patet,
347 3613 455 3675 Amice
470 3612 588 3681 Lector,
602 3610 664 3672 viu
678 3608 743 3671 med
756 3616 824 3669 acta
838 3608 869 3667 in
885 3606 1044 3688 Hybernii
1056 3626 1112 3668 nec
1125 3608 1283 3687 (qnantum

97 3714 242 3797 conjicio)
255 3710 310 3774 nlli
323 3710 447 3773 dubium
460 3728 524 3771 esse
537 3705 695 3788 potest,-de
710 3703 798 3765 causi
811 3702 925 3765 itineris
938 3702 998 3764 mei
1010 3702 1150 3783 suscepti.
1192 3700 1284 3773 Quod
