3225 4700
513 330 538 396 I
545 329 832 398 TINERARI
838 330 925 398 UM.
1247 333 1312 398 399

158 485 238 548 Haec
252 487 323 549 dum
337 487 419 549 bisce
436 487 469 547 in
482 487 617 567 pertibus
630 495 776 568 geruntur
791 486 864 547 alibi
880 487 971 549 etiam
990 507 1074 548 saera
1087 507 1139 548 seu
1155 485 1313 567 pontificis

113 582 203 655 bella,
219 605 256 644 ex
269 586 370 646 nescio
388 584 498 666 quibus
518 583 650 644 dissidiis
667 601 737 644 cum
754 584 940 664 principibus
960 584 1058 646 Italiae
1075 595 1156 654 nata,
1174 582 1233 644 lete
1251 604 1312 644 ser·

114 681 217 761 pendo
225 692 448 762 promoverunt.
485 681 554 742 Nec
568 679 668 740 Roma
681 680 786 761 procul
796 680 896 742 delata
908 693 988 743 suut.
1023 682 1216 743 Terminante
1230 681 1310 742 enirn

115 779 257 860 Augusto
273 778 455 839 Florentium
474 776 570 858 copiae
583 776 755 838 cisternam
769 779 872 838 urbem
889 799 1037 861 aggressae
1056 789 1126 840 sunt
1145 799 1181 839 ac
1198 789 1311 859 septem

115 875 232 937 dierum
247 875 348 936 validis
365 875 559 957 impressione
578 874 828 935 intertonantibus
842 876 989 956 majorum
1004 875 1171 937 fistularum
1184 875 1312 958 fragori-

115 973 174 1032 bus
193 971 387 1054 pertinaciter
404 981 621 1053 pertentarent,
641 992 678 1032 ac
697 990 790 1053 prope
811 973 1010 1046 adduxerunt,
1031 982 1064 1034 ut
1083 973 1189 1034 civitas
1206 993 1311 1054 pacem

117 1078 229 1150 peteret
243 1078 275 1130 et
291 1069 474 1132 deditionem
489 1069 686 1150 promitteret.
725 1069 804 1130 Cum
825 1069 985 1149 derepente
1004 1069 1101 1131 adsuit
1117 1070 1312 1151 septingentis

116 1165 269 1246 peditibus
283 1176 312 1226 et
324 1166 552 1248 quadringentis
565 1166 716 1246 equitibus
729 1166 888 1228 comitatus
903 1166 1044 1227 Marchio
1055 1167 1162 1227 Tobios
1180 1166 1312 1228 Pallori·

116 1263 215 1337 cinnn,
226 1263 280 1343 qui
290 1262 460 1323 felicissime
470 1263 656 1324 obsidionem
671 1263 761 1324 solvit
774 1261 957 1324 Florentinis
971 1264 1010 1325 ad
1024 1263 1129 1342 lugam
1140 1263 1313 1344 compulsis,

117 1361 229 1441 quibus
246 1359 453 1420 recedentibus
469 1359 642 1422 institerunt
654 1360 776 1440 quidem
791 1360 810 1420 d
824 1370 909 1442 tergo
922 1359 1043 1433 obsessi,
1058 1360 1110 1420 sed
1125 1381 1184 1420 non
1204 1379 1314 1442 magno

118 1457 322 1520 recedentium
338 1457 458 1516 damno.
499 1456 704 1517 Pallevicinns
718 1456 832 1518 interea
847 1458 981 1518 obsessos
1001 1456 1123 1539 pulvere
1142 1469 1170 1517 et
1183 1456 1249 1517 aliis
1264 1477 1314 1516 ne·

118 1555 254 1615 cesseriis
262 1552 391 1634 adjuvit.
435 1551 538 1613 Rebus
553 1552 594 1613 ad
608 1553 779 1614 cisternam
793 1573 899 1634 parum
914 1553 1061 1615 fortunate
1075 1554 1176 1636 gestis,
1194 1553 1315 1614 Floren-

118 1652 176 1712 tini
190 1649 317 1712 feliciori
332 1669 472 1710 successu
488 1659 662 1731 pugnarunt
679 1649 771 1730 paulo
784 1661 852 1732 post
865 1661 967 1732 aperto
985 1651 1086 1712 Marte
1101 1662 1205 1712 contra
1218 1652 1316 1733 ponti·

119 1749 216 1810 ficios.
251 1747 331 1808 Odor
346 1746 427 1806 enim
436 1745 614 1807 Vincentius
622 1748 661 1809 de
671 1746 778 1808 Marra
789 1747 1007 1809 Mareschallus
1015 1749 1114 1830 campi
1123 1751 1318 1826 (successerat

118 1845 171 1906 hic
180 1845 263 1906 Dnci
274 1843 407 1905 Savellio
416 1842 448 1903 in
459 1844 646 1926 generalatu)
655 1865 723 1906 cnm
735 1845 830 1905 tribus
837 1845 973 1925 peditum
985 1845 1118 1906 millibus
1131 1856 1162 1906 et
1175 1845 1317 1907 undecim

119 1941 283 2024 manipulis
296 1941 442 2021 equitum,
456 1961 493 2001 ac
511 1950 640 2020 quatuor
656 1942 823 2016 tormentis,
837 1942 875 2002 ab
891 1941 1039 2003 exercitus
1052 1961 1175 2024 corpore
1188 1962 1219 2003 se
1233 1962 1316 2022 sepa·

120 2052 224 2111 resset,
234 2049 269 2100 nt
279 2038 406 2100 Pievam
415 2038 517 2099 urbem
529 2038 680 2099 obsideret
687 2039 767 2099 intra
776 2039 850 2100 duas
859 2058 941 2100 arces
951 2038 1054 2100 Sancti
1065 2039 1194 2100 Martini
1203 2039 1318 2101 seilicet

8 2170 16 2183 ν
121 2147 153 2200 et
163 2136 249 2199 Petri
259 2134 365 2197 collem
380 2135 521 2196 substitit.
549 2134 642 2207 Quod
656 2145 690 2196 nt
702 2135 884 2197 Florentinis
894 2136 1035 2210 innotuit,
1045 2137 1192 2198 miserunt
1204 2137 1242 2199 de
1257 2138 1319 2198 suis

121 2237 175 2317 qni
197 2233 322 2296 consilia
349 2233 462 2294 Marrae
489 2231 680 2314 explorarent
703 2243 734 2294 et
754 2241 837 2294 certa
862 2233 976 2294 nuncia
999 2233 1038 2293 ad
1062 2234 1318 2315 campiductorem

123 2330 331 2395 Florentinum
340 2330 490 2393 referrent
510 2329 631 2402 Qnaent
642 2329 1095 2412 allatasuntitnrdprimoribus
1105 2331 1135 2392 in
1148 2331 1317 2409 consilium,

122 2427 375 2509 constitnitnrque
383 2428 475 2509 justis
487 2428 578 2488 armis
589 2448 659 2489 cnm
673 2427 837 2509 pontificiis
850 2447 913 2488 esse
924 2426 1160 2508 confligendum.
1197 2427 1320 2511 Egressi

122 2547 193 2589 mox
205 2527 238 2587 in
256 2525 370 2586 hostem
389 2533 565 2605 repererunt
584 2524 616 2585 in
630 2524 788 2604 procinctu
802 2533 836 2585 ut
852 2544 884 2585 se
901 2524 932 2585 in
951 2526 1062 2585 tutiora
1080 2524 1147 2586 loca
1162 2525 1319 2607 reciperet,

122 2622 350 2706 periculumque
363 2622 518 2704 pugnandi
528 2622 690 2705 defugeret.
733 2622 853 2683 Instant
864 2621 1029 2683 Florentini
1041 2622 1150 2697 acrius,
1163 2622 1221 2685 etd
1235 2632 1321 2705 tergo

122 2729 260 2802 carpunt,
276 2730 448 2801 coguntque
461 2719 493 2779 in
508 2720 663 2780 editiorem
675 2718 795 2795 collem,
806 2719 839 2779 in
853 2738 941 2800 quem
955 2717 1017 2779 und
1027 2718 1192 2780 Florentini
1202 2720 1321 2781 enitun-

123 2830 182 2891 tur,
204 2826 235 2878 et
258 2837 318 2877 non
337 2816 403 2896 jam
428 2815 546 2877 eminus
567 2817 620 2878 sed
642 2817 779 2877 cominus
802 2814 947 2876 consertis
966 2815 1094 2877 dexteris
1115 2816 1320 2899 digladientur

122 2914 206 2977 tantis
227 2913 339 2975 virtute
357 2921 392 2973 nt
412 2912 451 2974 de
469 2912 634 2995 pontificiis
654 2921 763 2995 praeter
782 2913 860 2974 duos
879 2912 1048 2995 manipulos
1069 2913 1121 2994 qni
1143 2914 1320 2995 tempestivd

9 3085 10 3104 Χ
122 3008 337 3094 tirgssalutem
350 3008 534 3088 quaesierint,
548 3010 685 3092 plerique
697 3009 744 3070 vel
760 3010 831 3070 caesi
845 3008 895 3071 vel
911 3010 992 3091 capti
1005 3010 1125 3072 suerint
1168 3010 1320 3073 Interhos

122 3096 419 3169 numerabantetiam
430 3106 624 3169 Maresclralli
635 3107 734 3168 locum
744 3117 893 3168 tenentem
906 3106 1089 3191 Melarngia.
1122 3108 1320 3190 Captivorum

123 3224 267 3267 numerus
285 3201 486 3263 millenarium
505 3203 666 3265 excessisse
683 3214 815 3284 putatur,
832 3204 1000 3266 occisorum
1016 3205 1205 3287 aliquantum
1226 3208 1322 3289 major

124 3302 269 3365 creditur.
310 3298 465 3361 Caeterum
485 3300 652 3382 intercepta
670 3310 818 3362 tormenta
831 3310 958 3381 quntuor
968 3322 1038 3363 cnm
1053 3301 1135 3362 omni
1152 3301 1322 3383 provisione

124 3398 260 3474 militari,
274 3396 376 3457 omnia
389 3397 480 3458 etiam
498 3398 713 3481 impedimenta
732 3398 913 3460 Florentinis
930 3408 1083 3461 cesserunt
1097 3398 1157 3460 und
1166 3419 1237 3460 eum
1251 3420 1322 3461 vex·

125 3498 186 3560 illis
199 3506 230 3559 et
242 3494 405 3558 luculentis
424 3494 542 3577 opibus.
585 3494 784 3577 Captivorum
803 3495 1026 3579 praecipuorum
1041 3496 1164 3558 nomina
1183 3496 1232 3558 hlc
1251 3497 1321 3559 sub-

9 3685 10 3690 *
118 3596 230 3679 jungo.
