3225 4700
478 328 900 401 ITINRRARIUM.
1218 334 1283 399 303

88 480 226 563 captivos
244 483 432 559 reducerent,
452 484 526 547 alios
547 486 628 548 ferro
647 486 862 549 exanimarent.
893 485 973 550 -Hls
992 486 1174 549 mocessibus
1194 486 1283 569 paulo

87 580 283 641 animosiores
297 580 411 656 militis,
426 582 483 643 visi
497 582 616 644 suntad
626 583 740 663 majora
749 582 917 659 educendi3
938 602 1032 664 eaque
1041 594 1162 666 propter
1170 583 1284 666 placuit

89 672 246 737 Bannerio
260 675 455 739 Retisbonam
466 677 556 759 pleno
569 678 725 751 exercitui,
738 677 849 754 nescio,
864 699 902 740 an
915 680 1088 742 tentandam
1102 681 1229 756 eminus,
1245 702 1283 742 an

86 772 283 853 spectandam
297 774 418 855 propius
431 774 580 837 exhibere.
611 774 759 847 Quamvis
767 775 856 837 multi
866 795 926 836 non
937 776 1140 857 improbaliter
1150 778 1284 853 credant,

87 866 250 929 consilium
263 887 299 929 oo
311 868 500 950 potissimum
512 878 669 950 spectasse,
683 879 719 931 nt
730 870 779 932 rel
792 871 908 932 Cuesmi
921 871 987 932 istic
1007 872 1144 952 proesenti
1163 873 1284 935 insulta·

89 972 148 1040 ret,
176 965 227 1026 vel
249 966 400 1047 principes
413 966 654 1048 principiumque
675 966 827 1049 delegatos
850 968 884 1028 in
906 987 1064 1029 commune
1084 969 1285 1031 consultantes

88 1060 259 1141 dissiparet
281 1062 394 1123 Utrum
407 1062 546 1136 voluerit,
560 1082 669 1143 anceps
682 1072 736 1138 est,
750 1063 886 1124 neutrius
900 1064 980 1125 certe
994 1061 1134 1124 effectum
1144 1064 1283 1127 obtinuit.

89 1157 176 1219 Nam
190 1156 293 1219 Caeam
311 1178 372 1219 non
390 1159 511 1219 umbras
528 1167 683 1234 metuere3
705 1178 761 1219 nec
780 1157 929 1220 ludicram
945 1159 1173 1221 ostentationem
1189 1162 1284 1243 euspi-

87 1272 169 1328 cere,
183 1250 236 1313 sed
249 1253 371 1314 aciebus
384 1254 516 1329 virorum
529 1253 651 1315 fortium
664 1273 695 1316 se
708 1254 840 1336 objicere
852 1255 970 1330 doctus,
985 1275 1041 1317 nec
1058 1255 1166 1336 pedem
1178 1257 1281 1333 movit,

87 1370 147 1411 nec
172 1350 312 1411 mumndi
336 1351 493 1412 stationem
512 1350 562 1412 vel
581 1351 764 1412 levissimam
785 1352 1002 1433 cogitationem
1026 1352 1160 1413 admisit.
1186 1351 1283 1433 Cujus

88 1445 259 1507 constantii
271 1446 422 1527 principes
434 1446 543 1527 reliqui
556 1448 697 1522 roborati,
716 1447 783 1528 plus
799 1449 839 1509 de
857 1449 1066 1529 promovendis
1084 1448 1215 1511 consiliis
1228 1468 1284 1510 nu·

87 1560 144 1623 per
169 1544 276 1624 ceptis,
301 1543 394 1624 quim
420 1544 460 1604 dc
485 1541 633 1604 machinis
652 1542 775 1625 gloriosi
798 1544 890 1606 militi
909 1544 1087 1625 objiciendis
1108 1545 1283 1607 deliberant.

89 1638 171 1711 Qum
182 1640 258 1700 dnm
270 1648 401 1721 aguntor
413 1638 559 1701 Omsareae
573 1638 694 1700 interim
706 1638 839 1720 legiones
851 1643 971 1712 endunt,
985 1648 1019 1700 ut
1034 1640 1144 1701 fastum
1163 1641 1283 1703 Banno-

87 1736 144 1796 rici
158 1734 263 1796 militis
275 1735 398 1796 elidant.
422 1734 493 1796 Hoc
505 1734 627 1817 cognito
636 1734 762 1796 oonsilio
776 1734 867 1796 Sueci
876 1754 978 1797 earum
989 1744 1154 1797 turmarum
1166 1739 1284 1800 Ductor

89 1832 199 1893 Caetra
210 1830 328 1893 Obamb
341 1851 444 1892 versus
455 1830 611 1912 disposuit,
626 1849 662 1891 ao
675 1828 777 1890 omnia
789 1830 905 1891 circum
917 1829 984 1891 loos
998 1830 1202 1893 exactionibus
1215 1833 1282 1894 fati·

89 1927 194 2008 gavit:
216 1926 406 1989 Oolonellnm
420 1926 491 1988 verb
505 1926 640 2008 Schlang
653 1926 752 1987 virum
765 1927 797 1986 in
812 1925 917 2007 primis
934 1925 1039 1988 fortem
1058 1935 1089 1988 et
1107 1926 1282 1991 bellicosum

91 2022 290 2104 Neoburgum
297 2022 423 2097 dimisit,
433 2031 469 2084 nt
478 2022 633 2084 stationem
641 2022 726 2083 illam
735 2022 878 2101 tantisper
888 2021 1066 2097 observaret,
1076 2030 1281 2105 tuereturque;

89 2118 173 2199 qnod
189 2127 412 2197 constaretque
428 2138 460 2179 se
478 2137 629 2179 armorum
646 2116 890 2179 Omanorum
905 2118 1034 2198 impetus
1051 2118 1203 2182 flecteret:
1229 2122 1282 2200 qui

88 2214 135 2276 uti
153 2214 294 2294 opinione
310 2213 399 2273 citius
416 2213 540 2295 ingruit,
557 2214 601 2274 ita
620 2214 773 2276 Bannerio
789 2213 921 2294 aliquem
938 2214 1063 2276 incussit
1077 2215 1226 2291 timorem,
1244 2237 1282 2279 ne

90 2328 152 2390 qna
162 2308 267 2372 divisis
280 2308 299 2370 d
311 2328 342 2370 re
355 2308 444 2370 sociis
457 2308 651 2389 periculosius
660 2309 856 2393 pugnandum
866 2322 950 2373 esset.
976 2309 1010 2372 si
1021 2310 1184 2374 (lamiam
1194 2322 1281 2395 capto

91 2425 203 2487 pugna
216 2405 354 2480 oondlio,
369 2405 594 2468 invalescerent.

131 2502 299 2564 Heerebont
310 2501 361 2562 lrlo
380 2501 643 2582 Imperatoriarum
655 2502 808 2583 copiarum
822 2501 1079 2583 Oampiductores,
1097 2504 1172 2583 quid
1184 2506 1282 2587 potios

90 2597 209 2659 oonsssii
220 2606 417 2679 capesserent,
429 2596 632 2658 consultiusne
640 2596 718 2658 foret
726 2597 759 2657 in
769 2596 867 2677 ipsum
877 2597 1010 2676 primum
1021 2598 1281 2684 Arohietrategnm

91 2697 187 2758 aciem
213 2705 338 2770 vertero,
359 2715 398 2756 an
420 2694 516 2774 potius
536 2693 618 2754 illam
638 2711 729 2774 quam
750 2691 922 2754 Colonellos
949 2693 1127 2776 Sohlarrgins
1153 2697 1282 2760 ducebat

90 2801 207 2873 partem
219 2791 372 2852 invadere.
401 2790 508 2851 Visum
522 2789 643 2850 tandem
656 2787 833 2850 examinatis
845 2788 995 2868 utrimque
1011 2790 1176 2852 rationibus
1189 2791 1282 2856 tutius

90 2887 153 2950 iore
168 2887 366 2968 Neobsrgum
379 2884 461 2947 recti
472 2885 662 2958 monadem,
673 2891 705 2945 et
719 2882 917 2966 pauculorum
932 2885 1137 2967 suppressione
1151 2886 1283 2949 militnm

91 2985 207 3046 animos
220 2982 352 3045 Gmwrsi
365 2980 470 3042 militis
483 2980 524 3041 od
535 2979 686 3042 fortiorem
700 2999 832 3062 pugnam
845 2999 960 3042 nonme.
1002 2982 1035 3044 N
1036 3001 1069 3042 ec
1081 3001 1163 3063 spem
1178 2981 1283 3047 fefellit

90 3090 224 3142 eventus.
265 3078 347 3139 Nam
366 3086 523 3159 postquam
543 3077 583 3138 sd
606 3076 652 3136 bis
671 3075 754 3136 mille
775 3075 1046 3158 Sublangianorum
1070 3078 1284 3158 oppressissent

91 3177 158 3238 eliis
170 3175 266 3251 ensis,
281 3173 348 3236 aliis
365 3173 399 3235 in
415 3172 619 3253 captivitatem
635 3171 785 3248 abductis,
802 3172 969 3254 promptior
986 3171 1109 3234 omnino
1127 3172 1185 3234 fuit
1197 3175 1282 3237 miles

91 3273 247 3335 cmm
260 3271 300 3332 od
311 3268 549 3351 prosequendam
562 3268 729 3342 victoriam,
743 3276 774 3330 et
785 3287 894 3348 pamm
903 3267 1027 3330 honestd
1036 3266 1110 3350 lugd
1119 3268 1282 3333 elabentem

90 3369 208 3430 bostem
221 3366 450 3446 insequendum.
470 3364 519 3426 Re
532 3363 625 3447 igitur
637 3363 764 3426 feliciter
773 3365 815 3426 ad
826 3364 1023 3446 Neoburgnm
1036 3364 1166 3445 peracti,
1177 3365 1282 3429 datum

91 3474 137 3526 cst
148 3461 303 3545 negotium
315 3481 368 3523 sex
385 3459 687 3542 cataphractariorum
704 3460 865 3542 manipulis
882 3460 1053 3522 deducendi
1069 3461 1204 3542 captivos
1220 3462 1282 3524 Ra·

90 3561 252 3622 tisbonam.
292 3557 369 3620 Erat
386 3567 452 3640 post
467 3556 624 3618 meridiem
644 3554 718 3617 bora
736 3556 855 3617 circiter
873 3555 961 3618 tertis
978 3553 1099 3634 quondo
1118 3556 1159 3617 ad
1178 3557 1283 3619 urbem

5 3683 10 3710 r
90 3654 405 3738 appuleruntosptivi,
420 3651 833 3734 interquosersntColonelli
841 3659 980 3734 quatuor,
991 3660 1094 3733 utpote
1104 3651 1284 3737 Schlengius
