3225 4700
515 343 917 417 ITINERARIUM.
1250 349 1315 416 261‘

156 491 255 556 Erant
266 493 347 557 inter
359 493 493 577 captivos
506 500 643 562 nonnulli
656 501 710 583 qui
719 523 816 584 nuper
825 502 881 564 sub
891 500 1022 563 Caesaris
1030 500 1189 584 stipendiis
1203 500 1314 562 milita·

112 598 192 660 rant,
205 609 241 652 ac
254 591 426 672 posthabito
439 607 625 659 sacramento
638 596 792 661 fidelitatis
805 599 846 660 ad
857 597 972 660 hostem
982 597 1189 681 profugerant,
1200 596 1232 658 lri
1242 617 1314 659 cnm

113 684 226 746 scirent
243 686 283 748 de
303 707 359 748 suo
377 689 475 770 capite
490 699 601 768 actum,
621 694 748 775 quesite
766 693 880 777 effugio
897 702 1071 775 eruperunt,
1089 694 1172 776 quod
1189 693 1314 776 plurimi

114 780 218 862 inique
233 782 376 846 tulerunt.
419 785 470 848 De
483 796 592 850 cetero
604 789 715 850 mirum
728 790 853 852 omnino
866 799 911 852 est
921 810 1013 871 quam
1030 791 1180 852 creverint
1197 790 1316 871 reliquo

113 877 206 939 militi
219 879 314 942 animi
327 889 391 942 tam
404 883 516 944 eximio
527 905 667 948 successu
680 886 829 948 sociorum
842 887 980 961 animati,
996 887 1047 948 vix
1061 888 1142 948 enim
1155 897 1258 969 postea
1270 908 1316 950 re·

114 973 206 1036 tineri
219 985 357 1058 poterent
369 978 407 1039 ab
421 980 647 1043 excursionibus
661 981 692 1043 in
707 981 834 1056 hostem,
847 1003 938 1065 quem
951 991 1041 1045 antea
1053 984 1192 1044 nonnulli
1205 984 1314 1046 snbre-

115 1070 168 1133 riti
182 1071 310 1136 fuerant.

155 1168 400 1233 Luculentiorem
417 1171 537 1254 plagam
556 1173 771 1236 Wimarienses
789 1173 925 1238 tulerunt
941 1173 1093 1238 Ursellis:
1114 1195 1220 1237 verum
1233 1177 1314 1238 enim

113 1284 188 1327 varo
210 1275 369 1348 postquam
391 1268 478 1330 illum
501 1270 603 1332 locum
626 1271 723 1333 nostri
745 1271 842 1333 multo
863 1283 998 1355 tempore
1021 1272 1203 1336 Ooesaoeano
1224 1273 1315 1334 militi

113 1367 308 1428 commodum
326 1367 474 1430 vidissent
492 1387 529 1430 ex
546 1389 608 1450 quo
629 1379 733 1431 contra
750 1369 937 1431 latrunculos
956 1357 1201 1452 Fridbergenses‚
1219 1378 1314 1431 totam

113 1462 174 1524 late
187 1463 317 1544 patriam
336 1463 520 1540 infestantes,
535 1485 703 1542 excurrere,
721 1485 885 1547 eorumque
898 1467 1056 1528 audaciam
1069 1465 1232 1548 reprimere
1247 1485 1315 1547 poa·

113 1571 192 1634 sent,
206 1559 317 1642 sapius
330 1559 453 1641 quidem
467 1562 636 1643 occupandi
649 1561 776 1624 consilia
788 1571 818 1624 et
836 1563 966 1624 rationes
984 1564 1187 1642 contulerunt,
1208 1564 1262 1626 sed
1274 1563 1314 1624 ob

112 1656 246 1718 militum
259 1657 417 1739 penuriam
430 1678 586 1739 nunquam
604 1659 713 1739 exequi
730 1668 903 1741 potuerunt,
922 1659 996 1741 quia
1010 1661 1166 1737 videbant,
1180 1662 1238 1723 nisi
1251 1661 1315 1723 sui-

113 1752 237 1814 ficiente
250 1753 392 1834 praesidio
404 1753 450 1815 illi
462 1754 531 1816 loco
544 1755 760 1836 provideretur,
777 1755 842 1817 fore
855 1765 888 1817 ut
906 1756 939 1817 in
952 1755 1074 1818 hostiles
1087 1777 1194 1819 manus
1211 1757 1316 1820 devol-

112 1860 237 1911 veretur
258 1869 321 1910 una
347 1871 417 1912 cum
442 1850 538 1913 milite
565 1850 638 1914 illuc
665 1853 812 1934 exposito.
863 1853 985 1915 Interea
1011 1853 1227 1916 Wimerienses
1252 1855 1314 1916 suis

113 1947 213 2029 copiis
230 1955 388 2029 occupant,
407 1948 547 2030 civesque
566 1949 699 2030 primurn
715 1949 757 2012 ad
775 1948 960 2011 tolerabilem
976 1949 1230 2011 contributionem
1247 1971 1315 2032 per·

112 2043 253 2119 suadent,
274 2051 339 2106 tum
359 2045 535 2110 suavissimo
555 2065 678 2127 precum
698 2054 849 2108 tormento
866 2046 911 2108 ita
931 2046 1077 2128 paulatim
1097 2045 1228 2128 hospites
1246 2066 1316 2108 suos

113 2150 240 2223 cogunt.
261 2150 294 2203 ut
313 2142 488 2204 viderentur
507 2142 587 2204 ultro
605 2142 696 2205 militi
716 2143 754 2205 de
774 2142 895 2218 vestitu,
917 2143 1011 2218 victu,
1031 2143 1170 2226 pecunia,
1195 2142 1314 2225 aliaque

114 2237 285 2300 necessaria
302 2238 506 2321 suppellectile
525 2241 733 2321 instructaque
754 2241 883 2321 equestri
904 2241 1081 2322 providisse,
1102 2241 1157 2303 sed
1175 2261 1233 2303 nec
1255 2241 1314 2324 ipsi

114 2333 199 2397 cives
211 2335 296 2398 alind
309 2336 409 2399 dicere
422 2335 583 2413 audebant,
597 2357 635 2398 ue
649 2335 783 2418 asperius
796 2337 817 2400 d
829 2338 890 2399 suis
903 2337 988 2399 domi
998 2338 1143 2400 militibus
1154 2347 1315 2399 tractaren-

114 2442 176 2492 tur.
212 2431 259 2493 Ut
271 2453 343 2495 vero
357 2432 604 2495 Wimarieusium
618 2434 730 2515 plures,
745 2433 935 2496 Ursellarum
949 2434 1188 2497 munificentiam
1198 2434 1316 2517 experi-

114 2538 232 2604 rentur,
254 2538 372 2591 mutant
391 2530 518 2592 subinde
536 2530 706 2604 stationem,
724 2538 869 2612 tanquam
889 2551 1045 2614 nunquam
1064 2532 1224 2604 reversuri,
1243 2552 1314 2595 cnm

114 2625 238 2687 interim
252 2634 369 2689 tautum
386 2627 427 2689 ad
445 2634 541 2689 certas
559 2626 766 2709 expeditiones
782 2638 986 2705 excurrerent,
1006 2648 1042 2690 ec
1062 2640 1164 2711 postea
1181 2629 1316 2693 redirent

114 2743 186 2785 cum
201 2723 287 2785 novis
301 2743 417 2805 semper
431 2722 592 2805 manipulis
606 2732 758 2804 uteunque
774 2722 892 2795 laceris,
908 2720 1032 2808 indigis,
1051 2735 1083 2787 et
1097 2725 1199 2788 nudis.
1240 2727 1314 2788 Hoc

115 2828 320 2882 commentum
341 2828 375 2881 ut
395 2820 505 2883 iterum
524 2840 559 2882 ac
583 2820 693 2902 sepius
715 2820 882 2893 iterassent,
907 2822 990 2885 cives
1008 2823 1154 2905 paulatim
1177 2823 1314 2885 fraudem

114 2927 283 2994 senserunt,
296 2936 425 2997 suasque
435 2938 483 2979 res
498 2918 529 2977 in
543 2916 676 2979 absentia
690 2916 821 2979 militum
836 2916 867 2978 in
882 2919 995 2981 tutiora
1006 2919 1075 2981 loce
1086 2918 1314 2995 transtulerunt,

115 3024 150 3075 nt
161 3014 187 3075 si
201 3015 323 3095 quando
338 3014 481 3089 redirent,
495 3014 674 3095 expeditius,
689 3014 794 3076 relicta
806 3035 903 3077 vacua
915 3015 1017 3091 domo,
1031 3025 1061 3078 et
1077 3016 1137 3098 ipsi
1155 3016 1314 3100 profugere

115 3120 246 3193 possent.
296 3110 374 3183 Quae
399 3131 447 3172 res
472 3130 541 3173 cum
565 3132 602 3173 ex
623 3120 693 3173 voto
713 3111 859 3187 cessisset,
884 3111 1076 3194 redirentque
1095 3113 1253 3175 Wimarici
1275 3114 1315 3176 ad

114 3216 246 3269 veterem
260 3206 429 3282 stationem,
444 3207 522 3268 bona
535 3216 566 3269 et
574 3205 759 3287 opulentiore
770 3207 884 3269 civium
897 3217 980 3289 parte
990 3209 1173 3284 destitutam,
1182 3210 1315 3293 graviter

116 3312 293 3378 senserunt;
314 3322 350 3365 nc
364 3303 495 3385 primum
509 3303 606 3365 amice
619 3314 772 3385 rogarunt,
788 3313 824 3366 ut
837 3305 877 3367 ad
889 3306 967 3367 lares
979 3306 1107 3388 quisque
1121 3326 1191 3369 suos
1204 3307 1315 3369 revise·

116 3409 173 3473 ret,
186 3409 251 3461 tum
266 3400 430 3463 obstinatos
442 3399 611 3461 minacibus
623 3399 731 3461 litteris
745 3410 961 3482 pertentarunt,
971 3403 1093 3465 tandem
1100 3403 1191 3465 etiem
1200 3405 1314 3466 redium

5 3513 8 3538 t
115 3497 234 3557 ruinam
253 3506 284 3557 et
301 3496 441 3557 incendia
457 3496 491 3557 ui
507 3496 684 3576 quantocius
703 3495 837 3559 redirent
854 3496 1040 3560 interminati
1057 3509 1144 3577 suut;
1165 3502 1221 3563 sed
1233 3501 1315 3563 didi·

115 3602 199 3655 cerat
217 3592 346 3674 piscator
363 3592 442 3655 ictus
460 3611 582 3674 sapere:
608 3592 756 3674 urgebant
774 3592 896 3655 interim
915 3604 1033 3658 matura
1048 3597 1088 3660 ad
1103 3606 1234 3679 segetem
1251 3598 1314 3660 iru-

116 3680 229 3763 menta,
250 3682 318 3771 quse
337 3689 394 3771 ipsi
411 3688 522 3751 milites
541 3710 595 3771 per
616 3690 755 3752 foeminea
775 3690 954 3773 calonesque
974 3700 1086 3757 metere
1104 3703 1259 3775 ceperant,
1277 3714 1314 3757 ac
