<?xml version="1.0" encoding="UTF-8"?>
<!DOCTYPE html PUBLIC "-//W3C//DTD XHTML 1.0 Transitional//EN"
    "http://www.w3.org/TR/xhtml1/DTD/xhtml1-transitional.dtd">
<html xmlns="http://www.w3.org/1999/xhtml" xml:lang="en" lang="en">
 <head>
  <title>
</title>
<meta http-equiv="Content-Type" content="text/html;charset=utf-8" />
  <meta name='ocr-system' content='tesseract 3.04.00' />
  <meta name='ocr-capabilities' content='ocr_page ocr_carea ocr_par ocr_line ocrx_word'/>
</head>
<body>
  <div class='ocr_page' id='page_1' title='image "./itinerariumthom00kerngoog_0682.png"; bbox 0 0 3225 4700; ppageno 0'>
   <div class='ocr_carea' id='block_1_1' title="bbox 305 319 1127 395">
    <p class='ocr_par' dir='ltr' id='par_1_1' title="bbox 305 319 1127 395">
     <span class='ocr_line' id='line_1_1' title="bbox 305 319 1127 395; baseline -0.009 0"><span class='ocrx_word' id='word_1_1' title='bbox 305 329 371 395; x_wconf 81' lang='lat'>400</span> <span class='ocrx_word' id='word_1_2' title='bbox 720 319 1127 391; x_wconf 80' lang='lat' dir='ltr'><em>ITINERARIUM.</em></span> 
     </span>
    </p>
   </div>
   <div class='ocr_carea' id='block_1_2' title="bbox 301 476 1528 3767">
    <p class='ocr_par' dir='ltr' id='par_1_2' title="bbox 301 476 1528 3471">
     <span class='ocr_line' id='line_1_2' title="bbox 347 476 1528 564; baseline -0.005 -22"><span class='ocrx_word' id='word_1_3' title='bbox 347 482 391 542; x_wconf 92' lang='lat' dir='ltr'>D.</span> <span class='ocrx_word' id='word_1_4' title='bbox 406 479 586 564; x_wconf 74' lang='lat' dir='ltr'>Vincentius</span> <span class='ocrx_word' id='word_1_5' title='bbox 599 479 637 540; x_wconf 89' lang='lat' dir='ltr'>de</span> <span class='ocrx_word' id='word_1_6' title='bbox 650 477 682 539; x_wconf 86' lang='lat' dir='ltr'>la</span> <span class='ocrx_word' id='word_1_7' title='bbox 695 476 803 540; x_wconf 81' lang='lat' dir='ltr'>Marsa</span> <span class='ocrx_word' id='word_1_8' title='bbox 818 477 1036 540; x_wconf 89' lang='lat' dir='ltr'>Mareschallns</span> <span class='ocrx_word' id='word_1_9' title='bbox 1053 477 1162 560; x_wconf 79' lang='lat' dir='ltr'>compi,</span> <span class='ocrx_word' id='word_1_10' title='bbox 1179 477 1222 538; x_wconf 88' lang='lat' dir='ltr'>D.</span> <span class='ocrx_word' id='word_1_11' title='bbox 1243 477 1375 561; x_wconf 84' lang='lat' dir='ltr'>Bragius</span> <span class='ocrx_word' id='word_1_12' title='bbox 1394 477 1528 540; x_wconf 79' lang='lat' dir='ltr'>Fuscus</span> 
     </span>
     <span class='ocr_line' id='line_1_3' title="bbox 308 574 1527 657; baseline 0 -17"><span class='ocrx_word' id='word_1_13' title='bbox 308 575 527 640; x_wconf 89' lang='lat' dir='ltr'>Mareschallus</span> <span class='ocrx_word' id='word_1_14' title='bbox 543 576 653 657; x_wconf 85' lang='lat' dir='ltr'>campi,</span> <span class='ocrx_word' id='word_1_15' title='bbox 668 574 711 635; x_wconf 92' lang='lat' dir='ltr'>D.</span> <span class='ocrx_word' id='word_1_16' title='bbox 726 575 854 637; x_wconf 76' lang='lat' dir='ltr'><strong>Carolus</strong></span> <span class='ocrx_word' id='word_1_17' title='bbox 871 576 948 638; x_wconf 89' lang='lat' dir='ltr'>Pius</span> <span class='ocrx_word' id='word_1_18' title='bbox 961 575 1144 650; x_wconf 83' lang='lat' dir='ltr'>Colonellus.</span> <span class='ocrx_word' id='word_1_19' title='bbox 1161 579 1204 638; x_wconf 91' lang='lat' dir='ltr'>D.</span> <span class='ocrx_word' id='word_1_20' title='bbox 1223 577 1372 640; x_wconf 85' lang='lat' dir='ltr'>Fabritius</span> <span class='ocrx_word' id='word_1_21' title='bbox 1386 577 1527 640; x_wconf 73' lang='lat' dir='ltr'>camffa</span> 
     </span>
     <span class='ocr_line' id='line_1_4' title="bbox 307 670 1524 749; baseline 0 -13"><span class='ocrx_word' id='word_1_22' title='bbox 307 671 489 745; x_wconf 74' lang='lat' dir='ltr'><strong>colonellas,</strong></span> <span class='ocrx_word' id='word_1_23' title='bbox 506 671 549 732; x_wconf 91' lang='lat' dir='ltr'>D.</span> <span class='ocrx_word' id='word_1_24' title='bbox 562 670 690 733; x_wconf 75' lang='lat' dir='ltr'><strong>Carolus</strong></span> <span class='ocrx_word' id='word_1_25' title='bbox 703 673 856 733; x_wconf 84' lang='lat' dir='ltr'>Antonius</span> <span class='ocrx_word' id='word_1_26' title='bbox 867 672 1010 734; x_wconf 85' lang='lat' dir='ltr'>Saluzzus</span> <span class='ocrx_word' id='word_1_27' title='bbox 1024 672 1208 749; x_wconf 86' lang='lat' dir='ltr'>Colonellus,</span> <span class='ocrx_word' id='word_1_28' title='bbox 1224 675 1266 736; x_wconf 95' lang='lat' dir='ltr'>D.</span> <span class='ocrx_word' id='word_1_29' title='bbox 1280 676 1304 737; x_wconf 85' lang='lat' dir='ltr'><strong>J</strong></span> <span class='ocrx_word' id='word_1_30' title='bbox 1307 695 1419 738; x_wconf 82' lang='lat' dir='ltr'>oannes</span> <span class='ocrx_word' id='word_1_31' title='bbox 1430 674 1524 736; x_wconf 73' lang='lat' dir='ltr'>Inui</span> 
     </span>
     <span class='ocr_line' id='line_1_5' title="bbox 306 767 1524 855; baseline -0.002 -21"><span class='ocrx_word' id='word_1_32' title='bbox 306 769 455 834; x_wconf 83' lang='lat' dir='ltr'>Colonelli</span> <span class='ocrx_word' id='word_1_33' title='bbox 473 767 573 830; x_wconf 90' lang='lat' dir='ltr'>locum</span> <span class='ocrx_word' id='word_1_34' title='bbox 591 777 706 844; x_wconf 79' lang='lat' dir='ltr'>tenem,</span> <span class='ocrx_word' id='word_1_35' title='bbox 722 768 765 828; x_wconf 96' lang='lat' dir='ltr'>D.</span> <span class='ocrx_word' id='word_1_36' title='bbox 784 770 944 853; x_wconf 82' lang='lat' dir='ltr'>Virginius</span> <span class='ocrx_word' id='word_1_37' title='bbox 958 770 1055 831; x_wconf 83' lang='lat' dir='ltr'>Conci</span> <span class='ocrx_word' id='word_1_38' title='bbox 1068 792 1222 854; x_wconf 89' lang='lat' dir='ltr'>supremus</span> <span class='ocrx_word' id='word_1_39' title='bbox 1235 771 1410 855; x_wconf 81' lang='lat' dir='ltr'>vigiliarum</span> <span class='ocrx_word' id='word_1_40' title='bbox 1425 771 1524 832; x_wconf 77' lang='lat' dir='ltr'>Prus-</span> 
     </span>
     <span class='ocr_line' id='line_1_6' title="bbox 306 865 1518 950; baseline 0.001 -22"><span class='ocrx_word' id='word_1_41' title='bbox 306 869 400 928; x_wconf 82' lang='lat' dir='ltr'>fectus</span> <span class='ocrx_word' id='word_1_42' title='bbox 410 865 489 927; x_wconf 90' lang='lat' dir='ltr'>inter</span> <span class='ocrx_word' id='word_1_43' title='bbox 500 865 678 945; x_wconf 78' lang='lat' dir='ltr'>equitatum,</span> <span class='ocrx_word' id='word_1_44' title='bbox 688 865 856 928; x_wconf 71' lang='lat' dir='ltr'>Praefectus</span> <span class='ocrx_word' id='word_1_45' title='bbox 867 867 1040 948; x_wconf 82' lang='lat' dir='ltr'>vigiliarum</span> <span class='ocrx_word' id='word_1_46' title='bbox 1048 889 1205 950; x_wconf 85' lang='lat' dir='ltr'>supremus</span> <span class='ocrx_word' id='word_1_47' title='bbox 1215 871 1309 931; x_wconf 86' lang='lat' dir='ltr'>Briau</span> <span class='ocrx_word' id='word_1_48' title='bbox 1321 869 1518 944; x_wconf 80' lang='lat' dir='ltr'>Germanus,</span> 
     </span>
     <span class='ocr_line' id='line_1_7' title="bbox 307 961 1521 1048; baseline 0.002 -24"><span class='ocrx_word' id='word_1_49' title='bbox 307 964 349 1024; x_wconf 90' lang='lat' dir='ltr'>D.</span> <span class='ocrx_word' id='word_1_50' title='bbox 370 963 524 1025; x_wconf 84' lang='lat' dir='ltr'>Antonius</span> <span class='ocrx_word' id='word_1_51' title='bbox 541 961 651 1044; x_wconf 83' lang='lat' dir='ltr'>Ciogui</span> <span class='ocrx_word' id='word_1_52' title='bbox 670 963 827 1025; x_wconf 88' lang='lat' dir='ltr'>Romanus</span> <span class='ocrx_word' id='word_1_53' title='bbox 846 963 1013 1026; x_wconf 78' lang='lat' dir='ltr'>Praefectus</span> <span class='ocrx_word' id='word_1_54' title='bbox 1031 965 1204 1048; x_wconf 82' lang='lat' dir='ltr'>vigiliarum</span> <span class='ocrx_word' id='word_1_55' title='bbox 1221 987 1388 1048; x_wconf 87' lang='lat' dir='ltr'>supremus,</span> <span class='ocrx_word' id='word_1_56' title='bbox 1404 967 1457 1028; x_wconf 84' lang='lat' dir='ltr'>Ad</span> <span class='ocrx_word' id='word_1_57' title='bbox 1456 968 1521 1048; x_wconf 88' lang='lat' dir='ltr'>ju-</span> 
     </span>
     <span class='ocr_line' id='line_1_8' title="bbox 305 1058 1522 1129; baseline 0.001 -7"><span class='ocrx_word' id='word_1_58' title='bbox 305 1069 400 1123; x_wconf 83' lang='lat' dir='ltr'>tantes</span> <span class='ocrx_word' id='word_1_59' title='bbox 409 1058 574 1121; x_wconf 84' lang='lat' dir='ltr'>Generales</span> <span class='ocrx_word' id='word_1_60' title='bbox 582 1059 653 1129; x_wconf 87' lang='lat' dir='ltr'>duo,</span> <span class='ocrx_word' id='word_1_61' title='bbox 662 1059 777 1122; x_wconf 88' lang='lat' dir='ltr'>scilicet</span> <span class='ocrx_word' id='word_1_62' title='bbox 788 1061 899 1123; x_wconf 89' lang='lat' dir='ltr'>Petrus</span> <span class='ocrx_word' id='word_1_63' title='bbox 909 1061 1061 1122; x_wconf 85' lang='lat' dir='ltr'>Antonius</span> <span class='ocrx_word' id='word_1_64' title='bbox 1071 1062 1252 1124; x_wconf 83' lang='lat' dir='ltr'>Crevolaret</span> <span class='ocrx_word' id='word_1_65' title='bbox 1264 1062 1522 1124; x_wconf 72' lang='lat' dir='ltr'>Bmholomaeus</span> 
     </span>
     <span class='ocr_line' id='line_1_9' title="bbox 306 1155 1518 1242; baseline 0.002 -23"><span class='ocrx_word' id='word_1_66' title='bbox 306 1155 490 1229; x_wconf 89' lang='lat' dir='ltr'>Zannobius‚</span> <span class='ocrx_word' id='word_1_67' title='bbox 501 1156 703 1238; x_wconf 79' lang='lat' dir='ltr'>septendecim</span> <span class='ocrx_word' id='word_1_68' title='bbox 716 1157 885 1239; x_wconf 80' lang='lat' dir='ltr'>Ccpitanei,</span> <span class='ocrx_word' id='word_1_69' title='bbox 896 1167 997 1240; x_wconf 86' lang='lat' dir='ltr'>utpote</span> <span class='ocrx_word' id='word_1_70' title='bbox 1006 1157 1155 1242; x_wconf 81' lang='lat' dir='ltr'>Licurgus</span> <span class='ocrx_word' id='word_1_71' title='bbox 1164 1158 1365 1240; x_wconf 88' lang='lat' dir='ltr'>Stepbauucci</span> <span class='ocrx_word' id='word_1_72' title='bbox 1374 1161 1518 1235; x_wconf 81' lang='lat' dir='ltr'>de&#39;l&#39;odi,</span> 
     </span>
     <span class='ocr_line' id='line_1_10' title="bbox 304 1251 1520 1331; baseline 0.002 -14"><span class='ocrx_word' id='word_1_73' title='bbox 304 1256 442 1317; x_wconf 68' lang='lat' dir='ltr'>«loannes</span> <span class='ocrx_word' id='word_1_74' title='bbox 465 1251 598 1314; x_wconf 88' lang='lat' dir='ltr'>Bianchi</span> <span class='ocrx_word' id='word_1_75' title='bbox 618 1253 656 1314; x_wconf 89' lang='lat' dir='ltr'>de</span> <span class='ocrx_word' id='word_1_76' title='bbox 681 1254 785 1329; x_wconf 83' lang='lat' dir='ltr'>Terni,</span> <span class='ocrx_word' id='word_1_77' title='bbox 806 1255 965 1316; x_wconf 78' lang='lat' dir='ltr'>Terentius</span> <span class='ocrx_word' id='word_1_78' title='bbox 988 1255 1127 1316; x_wconf 73' lang='lat' dir='ltr'>Montani</span> <span class='ocrx_word' id='word_1_79' title='bbox 1154 1257 1192 1317; x_wconf 87' lang='lat' dir='ltr'>de</span> <span class='ocrx_word' id='word_1_80' title='bbox 1217 1257 1342 1331; x_wconf 83' lang='lat' dir='ltr'>Pesaro,</span> <span class='ocrx_word' id='word_1_81' title='bbox 1367 1257 1520 1319; x_wconf 64' lang='lat' dir='ltr'>«loannes</span> 
     </span>
     <span class='ocr_line' id='line_1_11' title="bbox 307 1349 1517 1431; baseline 0 -17"><span class='ocrx_word' id='word_1_82' title='bbox 307 1350 487 1414; x_wconf 84' lang='lat' dir='ltr'>Franciscus</span> <span class='ocrx_word' id='word_1_83' title='bbox 500 1349 613 1431; x_wconf 80' lang='lat' dir='ltr'>Ciogni</span> <span class='ocrx_word' id='word_1_84' title='bbox 631 1349 798 1426; x_wconf 78' lang='lat' dir='ltr'>Romanus,</span> <span class='ocrx_word' id='word_1_85' title='bbox 819 1349 1003 1412; x_wconf 89' lang='lat' dir='ltr'>Dominious</span> <span class='ocrx_word' id='word_1_86' title='bbox 1024 1351 1141 1413; x_wconf 83' lang='lat' dir='ltr'>Gentili</span> <span class='ocrx_word' id='word_1_87' title='bbox 1161 1352 1267 1428; x_wconf 82' lang='lat' dir='ltr'>Cosso,</span> <span class='ocrx_word' id='word_1_88' title='bbox 1288 1353 1432 1416; x_wconf 89' lang='lat' dir='ltr'>Nicolaus</span> <span class='ocrx_word' id='word_1_89' title='bbox 1453 1355 1517 1416; x_wconf 91' lang='lat' dir='ltr'>Vi-</span> 
     </span>
     <span class='ocr_line' id='line_1_12' title="bbox 304 1445 1517 1528; baseline 0.001 -18"><span class='ocrx_word' id='word_1_90' title='bbox 304 1449 399 1524; x_wconf 83' lang='lat' dir='ltr'>viani,</span> <span class='ocrx_word' id='word_1_91' title='bbox 426 1448 576 1528; x_wconf 81' lang='lat' dir='ltr'>Botgsrus</span> <span class='ocrx_word' id='word_1_92' title='bbox 598 1445 763 1518; x_wconf 73' lang='lat' dir='ltr'>dosidem,</span> <span class='ocrx_word' id='word_1_93' title='bbox 787 1447 998 1509; x_wconf 87' lang='lat' dir='ltr'>Ferdinandus</span> <span class='ocrx_word' id='word_1_94' title='bbox 1018 1447 1201 1511; x_wconf 86' lang='lat' dir='ltr'>Vecbisrelli</span> <span class='ocrx_word' id='word_1_95' title='bbox 1221 1450 1261 1512; x_wconf 89' lang='lat' dir='ltr'>de</span> <span class='ocrx_word' id='word_1_96' title='bbox 1284 1451 1379 1522; x_wconf 88' lang='lat' dir='ltr'>Rieti,</span> <span class='ocrx_word' id='word_1_97' title='bbox 1400 1451 1517 1512; x_wconf 77' lang='lat' dir='ltr'>Caesar·</span> 
     </span>
     <span class='ocr_line' id='line_1_13' title="bbox 308 1543 1515 1620; baseline 0 -12"><span class='ocrx_word' id='word_1_98' title='bbox 308 1546 403 1616; x_wconf 74' lang='lat' dir='ltr'>Bessi,</span> <span class='ocrx_word' id='word_1_99' title='bbox 418 1543 529 1606; x_wconf 87' lang='lat' dir='ltr'>Petrus</span> <span class='ocrx_word' id='word_1_100' title='bbox 543 1543 640 1619; x_wconf 78' lang='lat' dir='ltr'>Nave,</span> <span class='ocrx_word' id='word_1_101' title='bbox 652 1543 694 1604; x_wconf 89' lang='lat' dir='ltr'>D.</span> <span class='ocrx_word' id='word_1_102' title='bbox 710 1544 890 1608; x_wconf 86' lang='lat' dir='ltr'>Franciseus</span> <span class='ocrx_word' id='word_1_103' title='bbox 900 1543 1033 1618; x_wconf 84' lang='lat' dir='ltr'>Caraffa,</span> <span class='ocrx_word' id='word_1_104' title='bbox 1048 1545 1143 1607; x_wconf 86' lang='lat' dir='ltr'>Bolus</span> <span class='ocrx_word' id='word_1_105' title='bbox 1152 1546 1339 1620; x_wconf 85' lang='lat' dir='ltr'>Saraoinelli,</span> <span class='ocrx_word' id='word_1_106' title='bbox 1349 1547 1515 1608; x_wconf 76' lang='lat' dir='ltr'>Amadens</span> 
     </span>
     <span class='ocr_line' id='line_1_14' title="bbox 306 1639 1514 1719; baseline 0.001 -15"><span class='ocrx_word' id='word_1_107' title='bbox 306 1644 343 1704; x_wconf 89' lang='lat' dir='ltr'>de</span> <span class='ocrx_word' id='word_1_108' title='bbox 358 1642 464 1716; x_wconf 77' lang='lat' dir='ltr'>Nisus,</span> <span class='ocrx_word' id='word_1_109' title='bbox 481 1639 659 1700; x_wconf 85' lang='lat' dir='ltr'>Franciscus</span> <span class='ocrx_word' id='word_1_110' title='bbox 678 1639 787 1712; x_wconf 84' lang='lat' dir='ltr'>Poltsi,</span> <span class='ocrx_word' id='word_1_111' title='bbox 799 1641 824 1702; x_wconf 83' lang='lat' dir='ltr'><strong>J</strong></span> <span class='ocrx_word' id='word_1_112' title='bbox 826 1661 939 1702; x_wconf 88' lang='lat' dir='ltr'>oannes</span> <span class='ocrx_word' id='word_1_113' title='bbox 952 1642 1106 1704; x_wconf 84' lang='lat' dir='ltr'>Antonius</span> <span class='ocrx_word' id='word_1_114' title='bbox 1120 1643 1211 1704; x_wconf 80' lang='lat' dir='ltr'>Fabri</span> <span class='ocrx_word' id='word_1_115' title='bbox 1226 1643 1408 1719; x_wconf 84' lang='lat' dir='ltr'>Germanus,</span> <span class='ocrx_word' id='word_1_116' title='bbox 1424 1645 1514 1704; x_wconf 75' lang='lat' dir='ltr'>Amo</span> 
     </span>
     <span class='ocr_line' id='line_1_15' title="bbox 306 1735 1513 1818; baseline 0 -16"><span class='ocrx_word' id='word_1_117' title='bbox 306 1739 416 1803; x_wconf 87' lang='lat' dir='ltr'>Gallus</span> <span class='ocrx_word' id='word_1_118' title='bbox 432 1737 612 1799; x_wconf 84' lang='lat' dir='ltr'>Francisous</span> <span class='ocrx_word' id='word_1_119' title='bbox 624 1735 747 1813; x_wconf 80' lang='lat' dir='ltr'>Sesdni,</span> <span class='ocrx_word' id='word_1_120' title='bbox 761 1749 871 1818; x_wconf 74' lang='lat' dir='ltr'>prester</span> <span class='ocrx_word' id='word_1_121' title='bbox 888 1737 943 1800; x_wconf 90' lang='lat' dir='ltr'>bos</span> <span class='ocrx_word' id='word_1_122' title='bbox 960 1738 1003 1799; x_wconf 94' lang='lat' dir='ltr'>D.</span> <span class='ocrx_word' id='word_1_123' title='bbox 1020 1738 1166 1802; x_wconf 83' lang='lat' dir='ltr'>Octavius</span> <span class='ocrx_word' id='word_1_124' title='bbox 1183 1740 1335 1816; x_wconf 85' lang='lat' dir='ltr'>Bonzuto,</span> <span class='ocrx_word' id='word_1_125' title='bbox 1356 1741 1398 1801; x_wconf 95' lang='lat' dir='ltr'>D.</span> <span class='ocrx_word' id='word_1_126' title='bbox 1420 1739 1513 1802; x_wconf 82' lang='lat' dir='ltr'>Mar-</span> 
     </span>
     <span class='ocr_line' id='line_1_16' title="bbox 305 1819 1510 1912; baseline 0.002 -15"><span class='ocrx_word' id='word_1_127' title='bbox 305 1819 394 1898; x_wconf 57' lang='lat' dir='ltr'>tinus&#39;</span> <span class='ocrx_word' id='word_1_128' title='bbox 409 1833 588 1896; x_wconf 86' lang='lat' dir='ltr'>Franciscus</span> <span class='ocrx_word' id='word_1_129' title='bbox 610 1831 745 1909; x_wconf 82' lang='lat' dir='ltr'>Hiszart,</span> <span class='ocrx_word' id='word_1_130' title='bbox 770 1835 854 1896; x_wconf 86' lang='lat' dir='ltr'>Baro</span> <span class='ocrx_word' id='word_1_131' title='bbox 871 1835 911 1894; x_wconf 90' lang='lat' dir='ltr'>de</span> <span class='ocrx_word' id='word_1_132' title='bbox 932 1834 1078 1898; x_wconf 84' lang='lat' dir='ltr'>Siraeusis</span> <span class='ocrx_word' id='word_1_133' title='bbox 1098 1835 1216 1912; x_wconf 77' lang='lat' dir='ltr'>Gallum,</span> <span class='ocrx_word' id='word_1_134' title='bbox 1240 1837 1282 1898; x_wconf 94' lang='lat' dir='ltr'>D.</span> <span class='ocrx_word' id='word_1_135' title='bbox 1297 1837 1334 1899; x_wconf 91' lang='lat' dir='ltr'>de</span> <span class='ocrx_word' id='word_1_136' title='bbox 1350 1837 1510 1899; x_wconf 81' lang='lat' dir='ltr'>Tiorirille</span> 
     </span>
     <span class='ocr_line' id='line_1_17' title="bbox 307 1929 1508 2008; baseline 0.001 -13"><span class='ocrx_word' id='word_1_137' title='bbox 307 1932 425 2004; x_wconf 77' lang='lat' dir='ltr'>Gallus,</span> <span class='ocrx_word' id='word_1_138' title='bbox 446 1929 590 1992; x_wconf 84' lang='lat' dir='ltr'>Albertus</span> <span class='ocrx_word' id='word_1_139' title='bbox 608 1930 711 1990; x_wconf 80' lang='lat' dir='ltr'>Adam</span> <span class='ocrx_word' id='word_1_140' title='bbox 729 1931 768 1992; x_wconf 90' lang='lat' dir='ltr'>de</span> <span class='ocrx_word' id='word_1_141' title='bbox 787 1931 948 1992; x_wconf 75' lang='lat' dir='ltr'>Transacia</span> <span class='ocrx_word' id='word_1_142' title='bbox 964 1932 1144 2007; x_wconf 84' lang='lat' dir='ltr'>Gennanus,</span> <span class='ocrx_word' id='word_1_143' title='bbox 1162 1934 1272 1996; x_wconf 86' lang='lat' dir='ltr'>Comes</span> <span class='ocrx_word' id='word_1_144' title='bbox 1288 1935 1326 1997; x_wconf 91' lang='lat' dir='ltr'>de</span> <span class='ocrx_word' id='word_1_145' title='bbox 1345 1933 1508 2008; x_wconf 77' lang='lat' dir='ltr'>Ubuldini,</span> 
     </span>
     <span class='ocr_line' id='line_1_18' title="bbox 305 2027 1509 2112; baseline -0.001 -20"><span class='ocrx_word' id='word_1_146' title='bbox 305 2041 366 2092; x_wconf 87' lang='lat' dir='ltr'>tres</span> <span class='ocrx_word' id='word_1_147' title='bbox 379 2027 539 2090; x_wconf 78' lang='lat' dir='ltr'>vexilliferi</span> <span class='ocrx_word' id='word_1_148' title='bbox 551 2027 699 2108; x_wconf 88' lang='lat' dir='ltr'>equitum,</span> <span class='ocrx_word' id='word_1_149' title='bbox 711 2039 781 2090; x_wconf 91' lang='lat' dir='ltr'>octo</span> <span class='ocrx_word' id='word_1_150' title='bbox 789 2029 946 2110; x_wconf 84' lang='lat' dir='ltr'>peditum:</span> <span class='ocrx_word' id='word_1_151' title='bbox 969 2030 1126 2091; x_wconf 84' lang='lat' dir='ltr'>tormentis</span> <span class='ocrx_word' id='word_1_152' title='bbox 1138 2031 1271 2112; x_wconf 78' lang='lat' dir='ltr'>preelecti</span> <span class='ocrx_word' id='word_1_153' title='bbox 1284 2052 1355 2092; x_wconf 90' lang='lat' dir='ltr'>cum</span> <span class='ocrx_word' id='word_1_154' title='bbox 1365 2031 1509 2092; x_wconf 89' lang='lat' dir='ltr'>omnibus</span> 
     </span>
     <span class='ocr_line' id='line_1_19' title="bbox 304 2122 1508 2210; baseline 0 -22"><span class='ocrx_word' id='word_1_155' title='bbox 304 2126 435 2189; x_wconf 80' lang='lat' dir='ltr'>famulis.</span> <span class='ocrx_word' id='word_1_156' title='bbox 478 2124 559 2186; x_wconf 78' lang='lat' dir='ltr'>Haec</span> <span class='ocrx_word' id='word_1_157' title='bbox 571 2124 662 2207; x_wconf 84' lang='lat' dir='ltr'>plaga</span> <span class='ocrx_word' id='word_1_158' title='bbox 680 2127 851 2206; x_wconf 86' lang='lat' dir='ltr'>pontificios</span> <span class='ocrx_word' id='word_1_159' title='bbox 864 2122 1056 2188; x_wconf 86' lang='lat' dir='ltr'>vehementer</span> <span class='ocrx_word' id='word_1_160' title='bbox 1071 2126 1189 2204; x_wconf 78' lang='lat' dir='ltr'>afflixit,</span> <span class='ocrx_word' id='word_1_161' title='bbox 1204 2149 1301 2210; x_wconf 86' lang='lat' dir='ltr'>neque</span> <span class='ocrx_word' id='word_1_162' title='bbox 1319 2128 1398 2190; x_wconf 89' lang='lat' dir='ltr'>enim</span> <span class='ocrx_word' id='word_1_163' title='bbox 1415 2127 1508 2190; x_wconf 83' lang='lat' dir='ltr'>focilb</span> 
     </span>
     <span class='ocr_line' id='line_1_20' title="bbox 305 2223 1507 2308; baseline -0.002 -19"><span class='ocrx_word' id='word_1_164' title='bbox 305 2225 480 2289; x_wconf 89' lang='lat' dir='ltr'>occurrebat</span> <span class='ocrx_word' id='word_1_165' title='bbox 493 2235 577 2286; x_wconf 82' lang='lat' dir='ltr'>tanto</span> <span class='ocrx_word' id='word_1_166' title='bbox 594 2224 676 2286; x_wconf 88' lang='lat' dir='ltr'>malo</span> <span class='ocrx_word' id='word_1_167' title='bbox 692 2224 870 2285; x_wconf 87' lang='lat' dir='ltr'>remedium.</span> <span class='ocrx_word' id='word_1_168' title='bbox 917 2223 1077 2286; x_wconf 85' lang='lat' dir='ltr'>Timebant</span> <span class='ocrx_word' id='word_1_169' title='bbox 1092 2223 1237 2307; x_wconf 71' lang='lat' dir='ltr'>pretereb</span> <span class='ocrx_word' id='word_1_170' title='bbox 1256 2224 1398 2308; x_wconf 80' lang='lat' dir='ltr'>Perugioe</span> <span class='ocrx_word' id='word_1_171' title='bbox 1418 2225 1507 2308; x_wconf 86' lang='lat' dir='ltr'>cujus</span> 
     </span>
     <span class='ocr_line' id='line_1_21' title="bbox 304 2319 1504 2404; baseline -0.003 -17"><span class='ocrx_word' id='word_1_172' title='bbox 304 2325 386 2387; x_wconf 84' lang='lat' dir='ltr'>cives</span> <span class='ocrx_word' id='word_1_173' title='bbox 403 2321 606 2385; x_wconf 76' lang='lat' dir='ltr'>dissidebant:</span> <span class='ocrx_word' id='word_1_174' title='bbox 635 2322 790 2404; x_wconf 82' lang='lat' dir='ltr'>praeeipua</span> <span class='ocrx_word' id='word_1_175' title='bbox 807 2322 910 2403; x_wconf 87' lang='lat' dir='ltr'>itaque</span> <span class='ocrx_word' id='word_1_176' title='bbox 930 2341 1004 2384; x_wconf 84' lang='lat' dir='ltr'>cura</span> <span class='ocrx_word' id='word_1_177' title='bbox 1016 2319 1075 2384; x_wconf 77' lang='lat' dir='ltr'>luis</span> <span class='ocrx_word' id='word_1_178' title='bbox 1094 2333 1127 2385; x_wconf 90' lang='lat' dir='ltr'>ut</span> <span class='ocrx_word' id='word_1_179' title='bbox 1145 2322 1216 2385; x_wconf 80' lang='lat' dir='ltr'>novi</span> <span class='ocrx_word' id='word_1_180' title='bbox 1235 2321 1370 2385; x_wconf 87' lang='lat' dir='ltr'>delectus</span> <span class='ocrx_word' id='word_1_181' title='bbox 1385 2321 1504 2399; x_wconf 86' lang='lat' dir='ltr'>fierent,</span> 
     </span>
     <span class='ocr_line' id='line_1_22' title="bbox 305 2419 1502 2503; baseline -0.003 -19"><span class='ocrx_word' id='word_1_182' title='bbox 305 2422 449 2503; x_wconf 89' lang='lat' dir='ltr'>milesque</span> <span class='ocrx_word' id='word_1_183' title='bbox 463 2420 495 2481; x_wconf 91' lang='lat' dir='ltr'>in</span> <span class='ocrx_word' id='word_1_184' title='bbox 507 2420 673 2481; x_wconf 82' lang='lat' dir='ltr'>subsidium</span> <span class='ocrx_word' id='word_1_185' title='bbox 687 2420 935 2495; x_wconf 79' lang='lat' dir='ltr'>conscriberetur,</span> <span class='ocrx_word' id='word_1_186' title='bbox 947 2420 979 2481; x_wconf 92' lang='lat' dir='ltr'>in</span> <span class='ocrx_word' id='word_1_187' title='bbox 991 2439 1081 2501; x_wconf 89' lang='lat' dir='ltr'>quem</span> <span class='ocrx_word' id='word_1_188' title='bbox 1091 2419 1183 2481; x_wconf 88' lang='lat' dir='ltr'>finem</span> <span class='ocrx_word' id='word_1_189' title='bbox 1196 2420 1332 2502; x_wconf 87' lang='lat' dir='ltr'>pecuniis</span> <span class='ocrx_word' id='word_1_190' title='bbox 1345 2440 1418 2502; x_wconf 88' lang='lat' dir='ltr'>opus</span> <span class='ocrx_word' id='word_1_191' title='bbox 1427 2430 1502 2495; x_wconf 86' lang='lat' dir='ltr'>erat,</span> 
     </span>
     <span class='ocr_line' id='line_1_23' title="bbox 304 2516 1504 2601; baseline -0.003 -19"><span class='ocrx_word' id='word_1_192' title='bbox 304 2531 405 2583; x_wconf 85' lang='lat' dir='ltr'>uotum</span> <span class='ocrx_word' id='word_1_193' title='bbox 419 2518 513 2601; x_wconf 84' lang='lat' dir='ltr'>igitur</span> <span class='ocrx_word' id='word_1_194' title='bbox 529 2537 599 2577; x_wconf 90' lang='lat' dir='ltr'>cnm</span> <span class='ocrx_word' id='word_1_195' title='bbox 618 2517 832 2578; x_wconf 80' lang='lat' dir='ltr'>mercatoribus</span> <span class='ocrx_word' id='word_1_196' title='bbox 845 2524 880 2577; x_wconf 91' lang='lat' dir='ltr'>ut</span> <span class='ocrx_word' id='word_1_197' title='bbox 898 2526 1034 2578; x_wconf 87' lang='lat' dir='ltr'>trecenta</span> <span class='ocrx_word' id='word_1_198' title='bbox 1046 2526 1256 2577; x_wconf 88' lang='lat' dir='ltr'>coronatorum</span> <span class='ocrx_word' id='word_1_199' title='bbox 1277 2516 1374 2578; x_wconf 87' lang='lat' dir='ltr'>millia</span> <span class='ocrx_word' id='word_1_200' title='bbox 1393 2518 1504 2598; x_wconf 90' lang='lat' dir='ltr'>pende-</span> 
     </span>
     <span class='ocr_line' id='line_1_24' title="bbox 304 2612 1504 2695; baseline -0.004 -16"><span class='ocrx_word' id='word_1_201' title='bbox 304 2627 380 2679; x_wconf 89' lang='lat' dir='ltr'>rent.</span> <span class='ocrx_word' id='word_1_202' title='bbox 421 2614 573 2677; x_wconf 85' lang='lat' dir='ltr'>Collatum</span> <span class='ocrx_word' id='word_1_203' title='bbox 583 2633 704 2694; x_wconf 90' lang='lat' dir='ltr'>quoque</span> <span class='ocrx_word' id='word_1_204' title='bbox 716 2623 874 2695; x_wconf 72' lang='lat' dir='ltr'>argentum</span> <span class='ocrx_word' id='word_1_205' title='bbox 889 2622 924 2674; x_wconf 92' lang='lat' dir='ltr'>ut</span> <span class='ocrx_word' id='word_1_206' title='bbox 937 2612 1104 2695; x_wconf 81' lang='lat' dir='ltr'>quingenta</span> <span class='ocrx_word' id='word_1_207' title='bbox 1117 2621 1329 2673; x_wconf 86' lang='lat' dir='ltr'>coronatorum</span> <span class='ocrx_word' id='word_1_208' title='bbox 1343 2612 1437 2673; x_wconf 87' lang='lat' dir='ltr'>millia</span> <span class='ocrx_word' id='word_1_209' title='bbox 1448 2634 1504 2675; x_wconf 92' lang='lat' dir='ltr'>cu·</span> 
     </span>
     <span class='ocr_line' id='line_1_25' title="bbox 305 2706 1503 2793; baseline -0.003 -17"><span class='ocrx_word' id='word_1_210' title='bbox 305 2716 459 2777; x_wconf 86' lang='lat' dir='ltr'>derentur.</span> <span class='ocrx_word' id='word_1_211' title='bbox 502 2710 550 2771; x_wconf 86' lang='lat' dir='ltr'>Ex</span> <span class='ocrx_word' id='word_1_212' title='bbox 574 2709 712 2772; x_wconf 89' lang='lat' dir='ltr'>thesauro</span> <span class='ocrx_word' id='word_1_213' title='bbox 731 2709 815 2783; x_wconf 88' lang='lat' dir='ltr'>item,</span> <span class='ocrx_word' id='word_1_214' title='bbox 839 2708 871 2769; x_wconf 90' lang='lat' dir='ltr'>in</span> <span class='ocrx_word' id='word_1_215' title='bbox 896 2706 1030 2770; x_wconf 75' lang='lat' dir='ltr'>castello</span> <span class='ocrx_word' id='word_1_216' title='bbox 1050 2709 1082 2771; x_wconf 89' lang='lat' dir='ltr'>S.</span> <span class='ocrx_word' id='word_1_217' title='bbox 1102 2710 1218 2793; x_wconf 82' lang='lat' dir='ltr'>Angeli</span> <span class='ocrx_word' id='word_1_218' title='bbox 1239 2711 1384 2771; x_wconf 84' lang='lat' dir='ltr'>asservari</span> <span class='ocrx_word' id='word_1_219' title='bbox 1406 2710 1503 2787; x_wconf 90' lang='lat' dir='ltr'>solito,</span> 
     </span>
     <span class='ocr_line' id='line_1_26' title="bbox 304 2805 1502 2877; baseline -0.005 -4"><span class='ocrx_word' id='word_1_220' title='bbox 304 2813 483 2873; x_wconf 86' lang='lat' dir='ltr'>eximeretur</span> <span class='ocrx_word' id='word_1_221' title='bbox 496 2808 643 2869; x_wconf 89' lang='lat' dir='ltr'>dimidius</span> <span class='ocrx_word' id='word_1_222' title='bbox 659 2806 725 2867; x_wconf 88' lang='lat' dir='ltr'>auri</span> <span class='ocrx_word' id='word_1_223' title='bbox 746 2805 852 2868; x_wconf 88' lang='lat' dir='ltr'>millio.</span> <span class='ocrx_word' id='word_1_224' title='bbox 895 2805 1053 2867; x_wconf 85' lang='lat' dir='ltr'>Instabunt</span> <span class='ocrx_word' id='word_1_225' title='bbox 1073 2805 1188 2867; x_wconf 87' lang='lat' dir='ltr'>interea</span> <span class='ocrx_word' id='word_1_226' title='bbox 1208 2806 1305 2877; x_wconf 83' lang='lat' dir='ltr'>Gelli,</span> <span class='ocrx_word' id='word_1_227' title='bbox 1328 2816 1358 2869; x_wconf 90' lang='lat' dir='ltr'>et</span> <span class='ocrx_word' id='word_1_228' title='bbox 1377 2806 1502 2867; x_wconf 81' lang='lat' dir='ltr'>Trinum</span> 
     </span>
     <span class='ocr_line' id='line_1_27' title="bbox 304 2903 1504 2985; baseline -0.004 -15"><span class='ocrx_word' id='word_1_229' title='bbox 304 2905 545 2971; x_wconf 75' lang='lat' dir='ltr'>constantissime</span> <span class='ocrx_word' id='word_1_230' title='bbox 568 2903 789 2984; x_wconf 68' lang='lat' dir='ltr'>fortissimique</span> <span class='ocrx_word' id='word_1_231' title='bbox 814 2903 966 2984; x_wconf 87' lang='lat' dir='ltr'>petebant,</span> <span class='ocrx_word' id='word_1_232' title='bbox 991 2903 1031 2964; x_wconf 85' lang='lat' dir='ltr'>ad</span> <span class='ocrx_word' id='word_1_233' title='bbox 1051 2903 1134 2983; x_wconf 91' lang='lat' dir='ltr'>quod</span> <span class='ocrx_word' id='word_1_234' title='bbox 1158 2924 1194 2965; x_wconf 85' lang='lat' dir='ltr'>ex</span> <span class='ocrx_word' id='word_1_235' title='bbox 1216 2914 1345 2984; x_wconf 86' lang='lat' dir='ltr'>quatuor</span> <span class='ocrx_word' id='word_1_236' title='bbox 1369 2904 1504 2985; x_wconf 82' lang='lat' dir='ltr'>pertibus</span> 
     </span>
     <span class='ocr_line' id='line_1_28' title="bbox 304 2998 1504 3091; baseline -0.006 -24"><span class='ocrx_word' id='word_1_237' title='bbox 304 3005 454 3087; x_wconf 88' lang='lat' dir='ltr'>majorum</span> <span class='ocrx_word' id='word_1_238' title='bbox 473 3013 691 3065; x_wconf 86' lang='lat' dir='ltr'>tormentorum</span> <span class='ocrx_word' id='word_1_239' title='bbox 711 3000 842 3082; x_wconf 82' lang='lat' dir='ltr'>impulsu</span> <span class='ocrx_word' id='word_1_240' title='bbox 857 2999 1001 3061; x_wconf 73' lang='lat' dir='ltr'>continue</span> <span class='ocrx_word' id='word_1_241' title='bbox 1021 2998 1206 3075; x_wconf 85' lang='lat' dir='ltr'>laborabunt,</span> <span class='ocrx_word' id='word_1_242' title='bbox 1227 3020 1284 3061; x_wconf 88' lang='lat' dir='ltr'>neo</span> <span class='ocrx_word' id='word_1_243' title='bbox 1300 3000 1401 3061; x_wconf 91' lang='lat' dir='ltr'>minus</span> <span class='ocrx_word' id='word_1_244' title='bbox 1420 3000 1504 3091; x_wconf 80' lang='lat' dir='ltr'>cuni·</span> 
     </span>
     <span class='ocr_line' id='line_1_29' title="bbox 304 3096 1503 3179; baseline -0.007 -14"><span class='ocrx_word' id='word_1_245' title='bbox 304 3102 381 3165; x_wconf 90' lang='lat' dir='ltr'>culis</span> <span class='ocrx_word' id='word_1_246' title='bbox 400 3101 591 3171; x_wconf 84' lang='lat' dir='ltr'>infestabunt,</span> <span class='ocrx_word' id='word_1_247' title='bbox 604 3117 734 3179; x_wconf 88' lang='lat' dir='ltr'>qnorum</span> <span class='ocrx_word' id='word_1_248' title='bbox 747 3096 832 3158; x_wconf 85' lang='lat' dir='ltr'>felici</span> <span class='ocrx_word' id='word_1_249' title='bbox 844 3116 984 3159; x_wconf 89' lang='lat' dir='ltr'>successu</span> <span class='ocrx_word' id='word_1_250' title='bbox 1003 3096 1104 3157; x_wconf 87' lang='lat' dir='ltr'>hiatus</span> <span class='ocrx_word' id='word_1_251' title='bbox 1117 3096 1149 3157; x_wconf 91' lang='lat' dir='ltr'>in</span> <span class='ocrx_word' id='word_1_252' title='bbox 1168 3108 1299 3157; x_wconf 84' lang='lat' dir='ltr'>castrum</span> <span class='ocrx_word' id='word_1_253' title='bbox 1315 3106 1435 3178; x_wconf 85' lang='lat' dir='ltr'>apertus</span> <span class='ocrx_word' id='word_1_254' title='bbox 1450 3106 1503 3170; x_wconf 88' lang='lat' dir='ltr'>est,</span> 
     </span>
     <span class='ocr_line' id='line_1_30' title="bbox 304 3192 1501 3279; baseline -0.005 -18"><span class='ocrx_word' id='word_1_255' title='bbox 304 3200 383 3262; x_wconf 89' lang='lat' dir='ltr'>unde</span> <span class='ocrx_word' id='word_1_256' title='bbox 399 3196 571 3279; x_wconf 80' lang='lat' dir='ltr'>paulopost</span> <span class='ocrx_word' id='word_1_257' title='bbox 586 3196 716 3278; x_wconf 90' lang='lat' dir='ltr'>impetus</span> <span class='ocrx_word' id='word_1_258' title='bbox 731 3195 904 3266; x_wconf 87' lang='lat' dir='ltr'>adornatus,</span> <span class='ocrx_word' id='word_1_259' title='bbox 921 3193 973 3257; x_wconf 89' lang='lat' dir='ltr'>sed</span> <span class='ocrx_word' id='word_1_260' title='bbox 989 3213 1100 3275; x_wconf 79' lang='lat' dir='ltr'>mugno</span> <span class='ocrx_word' id='word_1_261' title='bbox 1115 3192 1274 3255; x_wconf 87' lang='lat' dir='ltr'>Gallorum</span> <span class='ocrx_word' id='word_1_262' title='bbox 1294 3192 1501 3265; x_wconf 86' lang='lat' dir='ltr'>incommodo;</span> 
     </span>
     <span class='ocr_line' id='line_1_31' title="bbox 303 3289 1501 3378; baseline -0.004 -20"><span class='ocrx_word' id='word_1_263' title='bbox 303 3297 413 3378; x_wconf 83' lang='lat' dir='ltr'>quippe</span> <span class='ocrx_word' id='word_1_264' title='bbox 435 3293 524 3356; x_wconf 90' lang='lat' dir='ltr'>unico</span> <span class='ocrx_word' id='word_1_265' title='bbox 543 3291 595 3353; x_wconf 93' lang='lat' dir='ltr'>illo</span> <span class='ocrx_word' id='word_1_266' title='bbox 610 3292 724 3354; x_wconf 88' lang='lat' dir='ltr'>assultu</span> <span class='ocrx_word' id='word_1_267' title='bbox 742 3290 900 3373; x_wconf 78' lang='lat' dir='ltr'>quingenti</span> <span class='ocrx_word' id='word_1_268' title='bbox 913 3289 1037 3352; x_wconf 87' lang='lat' dir='ltr'>omnino</span> <span class='ocrx_word' id='word_1_269' title='bbox 1054 3291 1217 3371; x_wconf 88' lang='lat' dir='ltr'>perierunt,</span> <span class='ocrx_word' id='word_1_270' title='bbox 1231 3291 1309 3353; x_wconf 90' lang='lat' dir='ltr'>inter</span> <span class='ocrx_word' id='word_1_271' title='bbox 1328 3310 1405 3373; x_wconf 89' lang='lat' dir='ltr'>quos</span> <span class='ocrx_word' id='word_1_272' title='bbox 1424 3291 1501 3353; x_wconf 90' lang='lat' dir='ltr'>colo·</span> 
     </span>
     <span class='ocr_line' id='line_1_32' title="bbox 301 3387 866 3471; baseline -0.012 -15"><span class='ocrx_word' id='word_1_273' title='bbox 301 3395 399 3457; x_wconf 91' lang='lat' dir='ltr'>nellus</span> <span class='ocrx_word' id='word_1_274' title='bbox 412 3414 491 3455; x_wconf 91' lang='lat' dir='ltr'>nnus</span> <span class='ocrx_word' id='word_1_275' title='bbox 504 3400 535 3453; x_wconf 86' lang='lat' dir='ltr'>et</span> <span class='ocrx_word' id='word_1_276' title='bbox 547 3389 692 3453; x_wconf 86' lang='lat' dir='ltr'>tredecim</span> <span class='ocrx_word' id='word_1_277' title='bbox 706 3387 866 3471; x_wconf 81' lang='lat' dir='ltr'>capitanei.</span> 
     </span>
    </p>

    <p class='ocr_par' dir='ltr' id='par_1_3' title="bbox 302 3482 1497 3673">
     <span class='ocr_line' id='line_1_33' title="bbox 343 3482 1497 3569; baseline -0.006 -15"><span class='ocrx_word' id='word_1_278' title='bbox 343 3492 410 3553; x_wconf 88' lang='lat' dir='ltr'>Nec</span> <span class='ocrx_word' id='word_1_279' title='bbox 430 3488 526 3552; x_wconf 80' lang='lat' dir='ltr'>multb</span> <span class='ocrx_word' id='word_1_280' title='bbox 543 3497 612 3569; x_wconf 89' lang='lat' dir='ltr'>post</span> <span class='ocrx_word' id='word_1_281' title='bbox 626 3488 689 3548; x_wconf 88' lang='lat' dir='ltr'>duo</span> <span class='ocrx_word' id='word_1_282' title='bbox 705 3486 815 3547; x_wconf 84' lang='lat' dir='ltr'>iterum</span> <span class='ocrx_word' id='word_1_283' title='bbox 835 3486 966 3567; x_wconf 87' lang='lat' dir='ltr'>impetus</span> <span class='ocrx_word' id='word_1_284' title='bbox 984 3482 1048 3546; x_wconf 86' lang='lat' dir='ltr'>dati</span> <span class='ocrx_word' id='word_1_285' title='bbox 1067 3482 1224 3563; x_wconf 89' lang='lat' dir='ltr'>inquibus</span> <span class='ocrx_word' id='word_1_286' title='bbox 1242 3485 1342 3547; x_wconf 90' lang='lat' dir='ltr'>denuo</span> <span class='ocrx_word' id='word_1_287' title='bbox 1355 3485 1497 3567; x_wconf 86' lang='lat' dir='ltr'>qusdria·</span> 
     </span>
     <span class='ocr_line' id='line_1_34' title="bbox 302 3579 1248 3673; baseline -0.008 -22"><span class='ocrx_word' id='word_1_288' title='bbox 302 3590 385 3673; x_wconf 81' lang='lat' dir='ltr'>genti</span> <span class='ocrx_word' id='word_1_289' title='bbox 398 3587 615 3659; x_wconf 86' lang='lat' dir='ltr'>occubuerunt,</span> <span class='ocrx_word' id='word_1_290' title='bbox 631 3581 798 3665; x_wconf 82' lang='lat' dir='ltr'>octingenti</span> <span class='ocrx_word' id='word_1_291' title='bbox 812 3601 883 3644; x_wconf 83' lang='lat' dir='ltr'>vero</span> <span class='ocrx_word' id='word_1_292' title='bbox 896 3601 957 3642; x_wconf 92' lang='lat' dir='ltr'>non</span> <span class='ocrx_word' id='word_1_293' title='bbox 971 3581 1077 3642; x_wconf 86' lang='lat' dir='ltr'>leviter</span> <span class='ocrx_word' id='word_1_294' title='bbox 1089 3579 1248 3643; x_wconf 78' lang='lat' dir='ltr'>vulnerati.</span> 
     </span>
    </p>

    <p class='ocr_par' dir='ltr' id='par_1_4' title="bbox 342 3676 1496 3767">
     <span class='ocr_line' id='line_1_35' title="bbox 342 3676 1496 3767; baseline -0.005 -20"><span class='ocrx_word' id='word_1_295' title='bbox 342 3686 425 3759; x_wconf 84' lang='lat' dir='ltr'>Quin</span> <span class='ocrx_word' id='word_1_296' title='bbox 451 3693 482 3747; x_wconf 89' lang='lat' dir='ltr'>et</span> <span class='ocrx_word' id='word_1_297' title='bbox 502 3680 681 3767; x_wconf 69' lang='lat' dir='ltr'>gravissimi</span> <span class='ocrx_word' id='word_1_298' title='bbox 703 3680 815 3741; x_wconf 86' lang='lat' dir='ltr'>damna</span> <span class='ocrx_word' id='word_1_299' title='bbox 839 3677 930 3760; x_wconf 86' lang='lat' dir='ltr'>panlb</span> <span class='ocrx_word' id='word_1_300' title='bbox 950 3687 1016 3759; x_wconf 88' lang='lat' dir='ltr'>post</span> <span class='ocrx_word' id='word_1_301' title='bbox 1034 3699 1069 3739; x_wconf 82' lang='lat' dir='ltr'>ex</span> <span class='ocrx_word' id='word_1_302' title='bbox 1092 3676 1234 3741; x_wconf 86' lang='lat' dir='ltr'>cuniculo</span> <span class='ocrx_word' id='word_1_303' title='bbox 1252 3690 1413 3741; x_wconf 85' lang='lat' dir='ltr'>retrorsum</span> <span class='ocrx_word' id='word_1_304' title='bbox 1434 3692 1496 3741; x_wconf 88' lang='lat' dir='ltr'>acto</span> 
     </span>
    </p>
   </div>
   <div class='ocr_carea' id='block_1_3' title="bbox 0 0 1618 4700">
    <p class='ocr_par' dir='ltr' id='par_1_5' title="bbox 0 0 1618 4700">
     <span class='ocr_line' id='line_1_36' title="bbox 0 0 1618 4700; baseline 0 2"><span class='ocrx_word' id='word_1_305' title='bbox 0 0 1618 4700; x_wconf 95' lang='lat' dir='ltr'> </span> 
     </span>
    </p>
   </div>
  </div>
 </body>
</html>
