3225 4700
316 317 380 383 398
723 320 747 387 I
752 318 853 390 ΤΙΝ
857 321 1040 389 ERARI
1048 319 1133 388 UM.

317 474 475 547 Thomam,
489 474 542 555 qui
560 475 599 536 de
614 475 749 556 periculo
762 477 926 540 deditionis
939 477 1242 548 commonefacerent,
1256 474 1309 536 sed
1321 475 1394 555 quia
1409 473 1464 536 vel
1480 483 1528 534 ta-

316 572 460 634 belliones
477 573 754 656 intercipiebantur,
772 575 823 636 rel
840 576 939 637 redire
955 596 1014 636 non
1032 585 1181 656 poterant,
1201 575 1254 656 qni
1274 594 1455 656 responsum
1478 593 1529 633 re-
1588 593 1589 648 t

316 670 427 733 ferrent
446 670 580 732 accensis
600 682 693 733 noctu
712 673 834 754 ignibus
855 672 1118 755 praesentissimem
1139 673 1346 734 necessitatem
1364 672 1396 732 in
1416 671 1528 731 amica

316 779 415 830 castra
426 769 647 852 significarunt.
690 771 894 832 Commodum
908 771 1012 832 eodem
1026 778 1160 852 tempore
1174 770 1323 851 Princeps
1334 768 1472 829 Thomas
1484 788 1526 828 ex

318 865 427 928 Galliis
441 867 590 947 suppetias
600 867 746 928 adductas
764 887 828 928 esse
843 866 1000 928 audiverat
1014 869 1113 944 (erant
1129 867 1307 929 selectorum
1320 865 1458 926 militum
1475 865 1524 924 bis

316 963 571 1045 millequingenta
580 965 693 1044 capita)
701 964 881 1045 quibuscum
890 965 928 1025 ad
937 963 1126 1025 liberandum
1136 964 1290 1025 obsidione
1302 973 1437 1024 castrum
1454 981 1524 1022 seso

316 1060 459 1122 accinxit.
493 1058 675 1122 Convocatis
686 1081 758 1144 ergo
766 1061 894 1122 ducibus
908 1070 939 1121 et
952 1061 991 1121 ad
1001 1080 1063 1121 rem
1075 1060 1191 1122 fortiter
1199 1060 1348 1142 agendam
1360 1057 1522 1131 animatis,

316 1156 479 1218 exercitum
500 1157 661 1219 duodecim
677 1158 801 1219 omnino
822 1157 951 1219 millium
969 1157 1073 1219 eduxit
1089 1158 1120 1217 in
1141 1175 1281 1238 campum
1298 1156 1383 1217 etad
1403 1154 1522 1215 Nizana

315 1255 476 1335 promovit,
493 1255 556 1315 und
571 1275 641 1316 cum
661 1275 771 1316 norem
788 1255 945 1317 tormentis
960 1254 1147 1316 currulibns:
1166 1275 1202 1315 ac
1215 1255 1277 1335 ipse
1290 1253 1413 1334 quidem
1430 1253 1522 1334 prin-

316 1371 386 1433 ceps
400 1371 469 1412 cum
483 1352 566 1413 omni
580 1353 714 1434 equitatu
724 1352 872 1413 Seriviem
886 1352 999 1412 flumen
1012 1351 1131 1432 trajecit
1144 1350 1270 1411 sollicite
1283 1349 1398 1410 tardibs
1411 1349 1520 1410 subse·

316 1459 458 1529 quentem
469 1448 634 1530 peditatum
644 1460 815 1530 expectans,
828 1450 879 1530 qui
894 1451 967 1512 dum
980 1450 1064 1510 abest
1076 1449 1206 1531 longius,
1217 1457 1248 1508 et
1261 1448 1375 1509 tardius
1391 1467 1519 1529 progre-

317 1545 410 1619 ditur,
430 1544 532 1627 pluvii
549 1555 724 1627 tempestate
739 1547 914 1628 impeditus,
932 1546 1077 1627 paulatim
1098 1545 1211 1607 flumen
1230 1545 1316 1626 aquis
1328 1555 1469 1627 augetur,
1486 1553 1520 1604 et

316 1642 347 1702 in
363 1651 479 1703 tantum
493 1641 646 1716 excrescit,
657 1644 806 1704 utmodns
817 1643 917 1704 nullus
926 1652 1002 1704 esset
1012 1642 1182 1723 trajiciendi
1191 1643 1221 1702 in
1236 1643 1392 1704 adversam
1404 1643 1516 1722 ripam.

317 1736 379 1798 His
392 1739 435 1798 ita
448 1738 628 1810 constitutis,
642 1759 673 1800 se
691 1740 810 1800 munire
828 1737 984 1820 tantisper,
1000 1738 1073 1799 dum
1091 1759 1178 1821 aqnae
1193 1739 1390 1811 remitterent,
1404 1738 1517 1819 incipit

315 1835 413 1909 miles,
428 1857 466 1897 ne
480 1837 540 1918 qua
552 1835 683 1897 hostium
701 1837 926 1899 incursionibus
942 1847 1068 1918 pateret,
1086 1837 1169 1917 quod
1185 1847 1284 1898 tanmn
1303 1846 1366 1897 tam
1384 1834 1516 1896 sollicite

315 1934 412 1994 facere
426 1955 484 1994 non
501 1935 607 2016 potuit,
618 1934 691 2014 quin
706 1933 725 1995 d
737 1934 899 1996 Germanis
913 1933 1082 2017 legionibus
1098 1944 1128 1995 et
1138 1933 1256 1996 rusticis
1270 1931 1381 1994 accolis
1390 1931 1516 1994 vellica-

316 2040 399 2091 retnr
417 2040 447 2092 et
462 2051 554 2111 supra
570 2040 717 2092 trecentos
733 2040 945 2092 sternerentur.
988 2030 1111 2091 Interea
1127 2029 1301 2091 remiserant
1320 2049 1408 2110 aqum
1430 2029 1515 2111 plus·
1588 2073 1589 2110 p

315 2126 431 2201 culum,
456 2128 674 2207 trajeceratque
700 2129 850 2210 peditatus
873 2129 928 2188 snb
952 2137 1069 2188 sextum
1091 2127 1243 2188 decimum
1270 2127 1359 2198 Maii,
1388 2128 1514 2207 quando
1588 2165 1589 2232 p

317 2221 466 2305 Princeps
478 2223 609 2284 Thomas
622 2244 691 2286 cnm
706 2225 795 2307 pleno
809 2227 942 2286 exercitu
955 2224 1119 2285 Portonam
1133 2243 1237 2284 versus
1248 2223 1342 2284 movit
1352 2233 1513 2285 conaturus
1588 2249 1589 2264 ι

315 2321 399 2381 omni
411 2320 564 2401 impendio
577 2320 703 2384 liberare
716 2323 860 2384 obsessos.
903 2321 1070 2383 Haerebeut
1084 2319 1217 2402 Hispani
1231 2321 1311 2382 intra
1325 2321 1513 2381 munimenta

315 2440 369 2481 sna
380 2419 448 2490 tuti,
458 2417 497 2479 ad
508 2438 585 2499 quos
595 2419 727 2480 difficilis
737 2420 864 2481 dabatur
872 2438 1018 2488 accessus,
1028 2430 1058 2480 et
1068 2418 1300 2499 licetcopiosum
1310 2427 1511 2478 commeatum

315 2518 512 2597 interceptum
528 2517 693 2577 audiissent
705 2518 743 2578 ab
756 2517 935 2578 adversariis
945 2516 1051 2578 turmis
1064 2514 1141 2576 nihil
1155 2527 1255 2575 tamen
1270 2516 1288 2574 d
1300 2515 1452 2596 proposito
1465 2536 1511 2576 re·

314 2613 468 2682 miserant,
482 2615 556 2673 certi
570 2612 618 2673 vel
633 2634 720 2694 passo
737 2614 827 2695 potiri
843 2613 889 2675 vel
905 2614 1033 2695 gloriose
1049 2613 1152 2673 emori.
1195 2611 1273 2672 Cum
1290 2611 1384 2694 igitur
1398 2613 1510 2673 obsessi

314 2708 509 2791 pertinacium
524 2710 726 2771 obsidentium
745 2710 1019 2773 animadverterent
1036 2710 1092 2771 sub
1104 2708 1283 2791 vigesimum
1297 2720 1415 2771 sextum
1430 2710 1508 2772 Maii

314 2806 427 2887 pacisci
441 2815 585 2887 ceperunt
597 2827 633 2867 uc
648 2816 764 2887 postero
777 2807 827 2868 die
842 2817 931 2888 pacta
944 2806 1162 2879 concluserunt,
1175 2816 1207 2867 ut
1220 2806 1335 2868 scilicet
1344 2828 1413 2869 curn
1424 2808 1508 2869 omni

314 2903 494 2964 solennitate
512 2903 635 2963 militari
656 2903 878 2984 egrederentur.
920 2902 1102 2985 Egressique
1118 2914 1189 2965 sunt
1206 2904 1285 2963 1300
1301 2905 1366 2965 sani
1386 2903 1505 2980 milites,

314 2999 434 3060 ducenti
447 3000 518 3060 verb
529 2999 642 3060 infirmi
652 3010 682 3060 et
694 3000 853 3071 vulnerati,
864 3020 934 3061 cnm
948 3009 1076 3080 quatuor
1088 3002 1243 3062 tormentis
1253 3020 1289 3063 ac
1298 3000 1437 3062 omnibus
1450 3002 1506 3062 im·

311 3096 505 3177 pedimentis,
520 3106 661 3177 rectaque
675 3097 714 3159 ad
730 3098 827 3159 socios
841 3118 871 3159 se
884 3098 1100 3179 adjunxerunt,
1114 3117 1150 3157 ac
1168 3118 1238 3159 cum
1252 3099 1385 3160 exercitu
1399 3101 1504 3158 Aetam

312 3194 440 3276 regressi
454 3202 534 3254 sunt.
572 3192 703 3275 Hispani
717 3193 837 3254 nonnisi
851 3204 973 3255 centum
987 3202 1017 3255 et
1030 3193 1175 3255 tredecim
1189 3193 1332 3255 frumenti
1344 3194 1459 3255 modios
1471 3194 1502 3254 in

311 3291 480 3372 provisione
493 3302 678 3371 repererunt,
688 3310 740 3351 sex
754 3289 875 3372 insuper
889 3290 970 3351 dolia
987 3310 1073 3352 caseo
1092 3300 1207 3365 onusta,
1226 3312 1279 3353 sex
1294 3291 1359 3352 vini
1376 3290 1505 3372 plaustra

311 3398 341 3449 et
353 3387 479 3470 triginta
492 3388 554 3449 duo
567 3407 639 3449 vasa
656 3386 788 3468 pulveris
805 3388 896 3470 pyrii,
911 3396 1018 3469 praeter
1036 3388 1233 3469 pauxillulum
1247 3387 1353 3450 farinas
1366 3399 1396 3449 et
1410 3388 1501 3470 penis.

313 3486 383 3547 Non
399 3484 519 3547 defuere
534 3484 597 3546 suis
617 3485 752 3566 partibus
771 3484 899 3545 victores
912 3494 946 3546 ut
959 3483 1126 3545 neccssaria
1141 3484 1243 3545 omnia
1255 3486 1419 3567 opportune
1437 3506 1502 3567 sup·

310 3581 436 3660 plerent,
451 3582 611 3664 locumque
624 3581 655 3643 in
671 3593 812 3643 eventum
826 3580 1017 3643 instruerent.
1056 3581 1217 3662 Praecipue
1231 3582 1303 3644 verb
1317 3602 1390 3644 cura
1402 3581 1458 3643 luit
1472 3591 1502 3642 ut

310 3677 505 3741 victoriarum
519 3679 655 3762 largitori
669 3678 805 3763 publicas
819 3680 930 3763 gratias
944 3678 1035 3741 variis
1044 3678 1119 3741 locis
1132 3679 1338 3742 decernerent.
