3225 4700
469 342 892 414 ITINBRARIUM.
1210 346 1274 411 303

72 495 217 579 captivos
235 496 423 573 reducerent,
443 498 517 561 alios
538 499 619 561 forro
637 498 853 561 sumimurent.
885 496 964 561 *His
983 499 1166 561 successibus
1184 498 1275 581 puulb

72 594 274 656 animosiores
288 594 402 671 militis,
417 596 474 657 visi
488 597 607 658 suntad
617 596 731 677 majore
739 594 890 658 educendi
899 617 908 671 3
930 614 1023 676 esque
1032 605 1153 677 propter
1161 596 1276 678 plucuit

74 688 237 750 Bauuorio
251 690 446 751 Retisbonam
459 691 548 772 pleno
559 691 717 762 exercitui,
729 691 840 767 nescio,
855 711 893 752 su
907 692 1079 753 mutandam
1093 692 1220 767 eminus,
1236 714 1274 754 an

73 785 275 867 spectandam
288 787 409 868 propius
422 787 571 850 exhibere.
603 787 750 860 Quemvis
759 787 847 850 multi
857 807 917 849 nou
929 788 1131 869 improbaliter
1141 790 1275 864 eredunt,

74 880 241 943 consilium
254 900 290 943 eo
302 881 491 964 potissimum
503 892 660 963 spectasse,
675 891 710 944 ut
721 883 770 945 vel
783 883 899 946 Goesuri
912 883 979 944 istic
999 884 1136 964 presenti
1154 885 1275 947 insultu·

75 985 139 1052 ret,
168 978 218 1039 rel
241 978 392 1060 principes
404 979 646 1060 principiumque
666 979 819 1062 delegatos
841 981 874 1042 in
897 999 1055 1042 commuue
1075 981 1276 1043 consultantes

74 1074 251 1154 dissiparet.
272 1075 386 1137 Utrum
399 1075 538 1149 voluerit,
552 1095 660 1155 anceps
673 1085 727 1150 est,
742 1075 878 1137 neutrius
891 1077 972 1138 certe
985 1074 1125 1137 effectum
1136 1076 1274 1139 obtinuit.

77 1171 168 1232 Nam
181 1169 285 1233 Cesar
302 1192 363 1231 non
382 1172 503 1233 umbras
520 1180 675 1247 metuere3
696 1191 753 1231 nso
771 1170 921 1233 ludicrum
936 1172 1165 1233 ostentationem
1180 1174 1275 1254 euspi-

76 1286 160 1341 cere,
174 1264 228 1327 sed
240 1266 362 1328 aciebus
375 1266 507 1343 virorum
520 1265 643 1328 fortium
655 1286 687 1327 se
699 1266 831 1349 objicere
844 1268 961 1341 doctus,
977 1287 1033 1329 nec
1050 1267 1157 1348 pedem
1170 1270 1273 1343 movit,

76 1383 138 1424 uec
164 1364 303 1425 mutandi
327 1364 485 1425 stationem
505 1362 554 1425 vel
573 1363 756 1425 levissimum
777 1365 994 1445 cogitetionem
1018 1364 1151 1425 odmisit.
1178 1364 1274 1445 Cujus

77 1458 251 1521 constantii
263 1460 414 1541 principos
426 1459 535 1540 reliqui
547 1460 689 1534 roboreti,
707 1460 774 1539 plus
791 1460 831 1521 de
848 1461 1057 1541 promovendis
1076 1460 1207 1522 consiliis
1220 1480 1276 1521 nu·

77 1574 135 1637 per
161 1556 268 1637 septis,
292 1556 386 1637 qudm
411 1556 451 1617 de
476 1554 626 1617 meobinis
644 1554 767 1637 gloriosi
790 1556 881 1617 militi
900 1556 1079 1636 objiciendis
1099 1557 1275 1620 deliberent.

79 1652 163 1725 Qua
174 1652 250 1714 dum
262 1662 393 1735 aguntur
404 1652 551 1714 Cesarea
564 1651 685 1713 interim
698 1650 831 1733 legiones
842 1655 963 1724 co'e'unt,
976 1660 1011 1712 ut
1025 1651 1135 1713 fastum
1154 1652 1275 1714 Benne·

77 1750 136 1810 rici
150 1748 255 1809 militis
267 1748 391 1810 elidunt.
415 1746 485 1809 Hoc
497 1746 619 1830 cognito
627 1746 755 1807 consilio
768 1746 858 1809 Sueci
868 1766 970 1809 eurum
981 1755 1146 1809 turmarum
1158 1749 1275 1811 Ductor

81 1846 191 1907 Castra
203 1843 321 1907 Chumb
334 1864 436 1905 versu
448 1842 603 1924 disposuit,
618 1862 654 1903 so
667 1840 770 1902 omnia
781 1842 898 1903 circum
909 1840 976 1903 loos
990 1842 1194 1903 exactionibus
1207 1845 1274 1905 futi-

81 1940 187 2021 geritt
208 1939 399 2002 Guluuellrun
411 1940 483 2001 verb
497 1938 632 2020 Sublang
645 1937 744 2000 virum
758 1939 789 1999 in
803 1938 909 2019 primis
925 1938 1032 1999 sortem
1050 1946 1082 1999 et
1100 1938 1273 2003 bellicosum

82 2035 282 2117 Neoburgum
289 2035 415 2111 dimisit,
426 2044 461 2096 ut
469 2034 625 2097 stetiomm
634 2033 718 2096 illurn
727 2034 870 2115 tantisper
880 2033 1058 2110 observaret,
1068 2042 1273 2115 tuerebsrqu03

81 2130 165 2211 quod
181 2140 404 2210 constaretque
419 2150 452 2193 se
470 2150 621 2191 armorum
637 2130 882 2192 Cesareauorum
897 2130 1026 2210 impetus
1043 2129 1196 2192 flecterett
1220 2132 1274 2211 qui

81 2227 128 2289 uti
146 2226 286 2307 opinione
302 2226 391 2287 citius
408 2226 532 2308 ingruit,
550 2226 593 2287 itu
612 2225 765 2288 Baunerio
780 2226 913 2305 uliquem
930 2226 1056 2287 incussit
1070 2226 1219 2302 timorem,
1236 2248 1274 2289 ne

82 2342 145 2404 que
154 2322 260 2384 divisis
272 2321 291 2383 l
303 2341 334 2383 se
347 2321 436 2383 sociis
448 2320 644 2402 periculosius
653 2322 848 2406 pugnandum
858 2334 943 2384 esset.
968 2320 1002 2383 Si
1013 2320 1177 2384 esurum
1186 2331 1274 2406 capto

84 2439 196 2501 pugnes
209 2418 346 2493 couessio,
361 2418 587 2481 invalescerent

124 2515 292 2577 Hoerebunt
302 2513 353 2575 blo
373 2513 636 2595 Imperatorisrum
647 2515 801 2596 copiarum
815 2513 1072 2593 Ompiductores,
1089 2515 1164 2594 quid
1176 2517 1275 2598 potius

83 2611 201 2673 consilii
211 2619 410 2692 capesserent,
421 2609 624 2671 consultiusne
632 2609 710 2671 foret
719 2609 750 2669 iu
760 2608 859 2690 ipsum
870 2608 1002 2689 primum
1013 2609 1273 2694 Arobistrsteguru

84 2710 180 2771 aciem
204 2719 331 2783 vertero,
351 2728 390 2768 an
412 2707 509 2788 potius
528 2705 611 2766 illum
631 2724 722 2786 quum
742 2704 915 2766 Colouellus
942 2704 1120 2788 Sublengius
1147 2708 1275 2770 duoebet

84 2815 200 2886 partem
212 2804 365 2865 insedere.
393 2803 501 2864 Visum
514 2801 636 2864 tandem
649 2800 825 2862 nomionis
838 2800 988 2882 utrimque
1003 2801 1167 2864 ustionibus
1181 2803 1274 2866 tutius

84 2901 146 2963 iore
161 2901 359 2982 Neoburgum
371 2897 454 2960 rectd
464 2897 654 2971 contendere,
666 2905 697 2958 et
712 2895 909 2979 pauculorum
925 2896 1130 2979 suppressione
1144 2898 1275 2961 militum

84 2998 200 3059 enimus
213 2995 345 3058 censet
358 2992 463 3056 militis
475 2994 516 3054 sd
528 2993 679 3054 fortiorem
692 3011 825 3075 pugnem
837 3011 953 3054 acuere.
995 2994 1062 3056 Neo
1073 3013 1155 3074 spem
1170 2993 1275 3058 fefellit

85 3103 217 3155 eventus.
258 3091 341 3152 Num
358 3099 516 3171 postquam
536 3089 577 3151 ud
599 3088 645 3150 bis
664 3087 746 3149 mille
767 3087 1039 3170 Scblsugianorum
1062 3089 1276 3170 oppressissent

86 3191 151 3252 aliis
163 3189 259 3264 cresis,
274 3187 341 3249 aliis
359 3187 391 3248 in
408 3185 612 3266 captivitatem
628 3184 778 3260 obductis,
795 3185 962 3266 promptior
979 3183 1102 3246 omniuo
1120 3184 1178 3246 fuit
1190 3187 1275 3250 miles

86 3287 240 3349 Gemens
253 3285 292 3345 ed
304 3281 542 3364 prosequendum
555 3281 722 3354 victoriam,
736 3289 767 3342 et
778 3301 886 3361 perum
896 3279 1019 3342 bonesti
1029 3278 1102 3363 lugi
1111 3279 1274 3344 elabentem

86 3383 202 3444 bostem
214 3379 443 3460 insequendum.
463 3377 512 3438 Re
524 3377 618 3460 igitur
630 3376 757 3439 feliciter
767 3377 808 3439 ud
819 3377 1015 3458 Neoburgum
1028 3376 1159 3458 peracti,
1170 3377 1274 3440 datum

87 3487 130 3540 est
143 3475 297 3559 negotium
308 3495 361 3536 sex
379 3472 680 3555 cstepbruoturiorum
697 3473 858 3553 muuipulis
876 3473 1046 3535 deducendi
1062 3473 1197 3554 captivos
1214 3473 1275 3536 Ra·

86 3575 245 3636 tisbonsm.
285 3571 362 3632 Erst
378 3580 445 3653 pest
460 3568 618 3631 mendum
637 3567 711 3630 bore
729 3568 849 3630 circiter
866 3568 954 3630 turbe
970 3567 1092 3648 quando
1111 3569 1151 3630 ad
1171 3570 1275 3631 urbem

86 3667 399 3752 eppalenntcsptivi,
413 3667 574 3747 interquos
581 3673 666 3728 erum
674 3663 826 3728 colonelli
835 3672 973 3746 quatuor,
984 3674 1087 3746 utpote
1097 3665 1277 3749 Scbleugius
