3225 4700
358 342 399 404 88
759 326 1171 400 ITINERARIUM.

356 510 426 551 mox
440 508 477 551 ex
491 484 618 569 captivis
628 504 722 548 unum
732 486 772 548 ad
786 484 981 567 suspendium
995 484 1243 547 condemnarunt.
1272 481 1394 546 Interea
1406 485 1557 547 cresceb.
1570 495 1575 546 1

354 584 450 649 indies
469 584 562 647 semea
579 604 617 645 ex
636 583 755 645 deiectu
772 582 1024 657 molendinorum,
1043 582 1087 642 ita
1107 589 1141 642 nt
1158 580 1309 662 peditatus
1328 590 1432 643 trostar
1449 602 1575 664 magua

353 690 538 765 premeretur
555 680 652 743 vietus
670 678 858 741 difficultate.
900 679 1060 761 Dragoues
1077 677 1172 738 nostri
1189 677 1307 757 sylvam
1323 687 1395 739 tnnc
1413 679 1498 741 forte
1513 700 1575 761 pro

352 778 467 841 stativis
481 784 709 859 occupaverant,
725 775 756 836 in
771 774 833 856 qui
848 774 974 836 sollicite
988 773 1061 856 ipsis
1078 773 1308 856 advigilandum
1322 785 1397 851 erat,
1412 796 1476 837 nou
1496 778 1572 857 qui·

350 876 422 937 dem
435 874 551 937 hostilis
565 872 740 955 irruptionis
754 881 848 947 metu,
862 873 916 934 sed
929 880 1099 933 nostrornm
1111 870 1213 951 potius
1227 871 1470 933 latrunculorum
1488 872 1569 933 insi·

351 972 420 1049 diis,
435 971 488 1053 qui
506 972 538 1033 in
558 970 692 1053 singulas
710 978 814 1031 noctes
829 990 910 1031 nunc
926 968 982 1031 hac
999 988 1082 1030 nunc
1095 967 1165 1029 illae
1181 968 1391 1042 excurrebant,
1404 969 1567 1051 sociisque

348 1088 441 1151 equos
461 1068 660 1130 abducebant.
710 1066 773 1127 Hic
794 1066 868 1127 dnm
888 1066 984 1128 fames
1003 1087 1058 1127 nos
1077 1065 1206 1126 multum
1226 1066 1402 1149 exagitaret,
1426 1066 1565 1128 Breutz·

347 1166 458 1227 laviam
479 1174 509 1227 et
528 1165 638 1227 isthinc
660 1163 783 1225 Novum
807 1162 1084 1244 Brundenbnrgom
1104 1162 1149 1222 ire
1169 1163 1266 1223 coacti
1284 1183 1398 1225 snmus.
1456 1163 1562 1225 Dedit

347 1262 420 1325 verb
438 1263 524 1324 uobis
540 1261 668 1323 thzins
686 1259 726 1320 ad
744 1257 898 1319 civitatem
916 1258 1028 1330 literas,
1042 1268 1076 1320 ut
1089 1280 1143 1319 nos
1158 1259 1198 1319 ad
1210 1268 1329 1341 tempus
1347 1260 1428 1321 intra
1440 1262 1560 1322 moenia

345 1360 527 1422 admitteret.
571 1356 644 1418 Huc
658 1356 731 1417 dum
744 1356 893 1429 venimus,
903 1356 970 1435 jam
983 1355 1110 1417 occultis
1122 1356 1292 1417 cursoribus
1307 1366 1412 1418 eontra
1425 1360 1558 1420 manda·

345 1464 441 1529 verat,
456 1466 491 1516 ut
501 1474 555 1515 nos
569 1454 643 1515 urbe
653 1452 790 1514 exclusos
803 1453 977 1533 neutiquam
990 1453 1195 1534 susciperent:
1217 1462 1306 1533 atque
1320 1452 1377 1513 boc
1388 1455 1483 1515 modo
1497 1476 1554 1517 nos

343 1552 484 1634 egregius
497 1550 638 1633 deceptor
651 1550 731 1612 lusit.
775 1549 1022 1611 Pernoetandnm
1036 1549 1130 1633 igitur
1147 1549 1234 1611 nobis
1246 1548 1304 1611 tuit
1318 1549 1350 1610 in
1367 1551 1552 1613 suburbanis

343 1648 495 1731 pomeriis.
550 1646 729 1708 Adveniunt
748 1646 863 1707 interea
880 1645 1082 1729 qnadraginta
1095 1647 1346 1708 Adversariorum
1363 1648 1452 1730 signa
1467 1649 1548 1709 Dra·

343 1764 456 1829 genum
470 1744 657 1824 aliorumque
670 1742 817 1823 equitum,
830 1762 899 1823 qnae
913 1762 983 1804 cnm
996 1744 1135 1804 omuibus
1147 1743 1282 1804 excubiis
1294 1763 1406 1805 vacuas
1421 1748 1547 1826 repetis-

342 1850 408 1903 sent
420 1848 530 1923 portas,
541 1839 635 1901 libere
649 1839 704 1899 sub
719 1847 855 1899 octavam
870 1859 1018 1900 nonamve
1029 1840 1206 1901 matutinam
1217 1839 1441 1922 ingrediuntur,
1451 1842 1545 1923 expli·

341 1947 466 2019 sataque
485 1936 516 1997 in
529 1923 637 1998 ¹medio
656 1936 714 1997 fori
732 1936 808 2010 acie,
826 1937 929 1998 omnia
945 1956 1067 2017 quaqua
1082 1957 1203 1998 versum
1221 1947 1364 2014 mactant,
1384 1938 1541 2021 ipsumque

339 2034 398 2096 loci
418 2035 657 2116 gubernatorem,
672 2033 703 2092 in
723 2032 834 2113 plumis
850 2032 950 2094 adhuc
970 2033 1144 2105 haerentem,
1157 2034 1328 2110 extrahunt,
1342 2044 1373 2097 et
1385 2038 1541 2118 captivum

338 2131 521 2193 custodiunt.
557 2130 662 2192 Nostri
677 2129 791 2191 interea
802 2149 840 2189 ex
853 2128 913 2190 alit
926 2140 1020 2211 parte,
1032 2137 1066 2190 nt
1079 2130 1111 2190 in
1125 2131 1198 2192 urbe
1211 2132 1388 2194 tumultuari
1401 2136 1538 2213 audiunt,

337 2226 475 2308 tympani
488 2226 587 2287 sonitu
600 2246 703 2287 omnes
716 2226 757 2287 ad
769 2244 853 2285 arma
869 2234 900 2286 et
912 2226 1063 2307 suppetias
1078 2229 1226 2307 oppressis
1241 2228 1379 2291 ferendas
1396 2232 1536 2309 excitant,

337 2325 391 2406 qui
409 2324 482 2385 dum
500 2344 554 2405 per
571 2332 689 2406 portam
709 2331 830 2386 utente
849 2343 973 2405 pansam
994 2322 1113 2407 ingredi
1131 2334 1261 2406 sperant,
1282 2326 1420 2389 obductis
1439 2331 1535 2392 valvis

336 2423 436 2483 minus
450 2430 565 2482 tantum
585 2421 724 2483 ostiolum
742 2431 842 2503 patere
860 2421 1024 2502 reperiunt,
1039 2441 1093 2502 per
1109 2423 1192 2502 qnod
1205 2423 1325 2504 ingredi
1338 2433 1434 2486 tutum
1452 2425 1534 2489 band

335 2531 406 2581 erat
469 2517 641 2579 Effundunt
662 2518 782 2580 interim
801 2537 833 2579 se
852 2528 961 2580 turmae
988 2517 1114 2600 integre
1136 2519 1169 2579 in
1191 2539 1256 2591 nos,
1274 2529 1306 2582 et
1327 2540 1397 2582 cum
1418 2523 1533 2586 duobos

333 2615 452 2677 vexillis
483 2614 615 2696 eripiunt
639 2614 726 2674 nobis
750 2613 825 2675 duos
852 2613 1115 2676 Viae-Colonellos
1143 2614 1258 2689 Scotos,
1285 2617 1362 2678 dnos
1384 2619 1532 2684 Tribunus

334 2713 469 2788 Iberrros,
500 2711 659 2793 pluresque
692 2710 776 2786 alios,
809 2712 970 2792 omniaque
1000 2712 1216 2793 impedimenta
1244 2723 1346 2775 nostra
1375 2715 1529 2798 diripiunt

333 2809 451 2872 Nostris
464 2809 585 2870 interim
600 2818 679 2869 retro
694 2807 919 2869 Brentzlaviam
933 2808 1118 2869 cedentibus.
1163 2807 1227 2870 Hic
1242 2810 1323 2872 cives
1336 2813 1529 2878 miserationis

329 2906 438 2970 affectu
458 2906 540 2977 tacti,
554 2903 730 2966 suburbium
743 2904 810 2986 jam
828 2905 867 2965 ab
885 2905 1021 2985 equitatu
1037 2907 1212 2967 necessariis
1229 2909 1368 2970 omnibns
1386 2913 1527 2975 nudatum

328 3003 437 3066 nostris
450 3002 625 3064 attribuunt.
665 3001 747 3062 Vide
762 3000 818 3062 boc
835 3000 912 3077 loco,
926 3007 1022 3062 amice
1039 3002 1144 3078 lector,
1158 3023 1248 3084 qnam
1267 3005 1412 3085 praeelara
1430 3007 1525 3092 Impe-

327 3100 418 3160 ratori
427 3119 482 3160 suo
495 3099 584 3160 multi
596 3097 794 3160 Generalinm
808 3107 951 3180 praestant
963 3099 1096 3173 servitia,
1108 3100 1161 3180 qni
1175 3100 1219 3161 nil
1232 3102 1318 3182 pensi
1331 3102 1451 3180 habent,
1462 3128 1524 3188 per·

326 3196 454 3257 daturne
467 3195 564 3276 patria
573 3205 603 3256 et
612 3194 699 3256 miles
712 3195 784 3276 ipsis
798 3195 985 3270 commissus,
995 3195 1085 3256 modb
1099 3196 1242 3277 ipsorum,
1256 3199 1317 3260 uui
1330 3220 1401 3261 cum
1411 3214 1521 3280 venne,

326 3287 418 3351 loculi
431 3299 581 3372 turgeant,
596 3293 636 3352 ad
649 3292 814 3373 potandum
829 3303 900 3352 sunt
912 3291 1036 3367 strenui,
1052 3302 1157 3354 contra
1171 3293 1286 3356 bostem
1304 3296 1417 3378 ignavi.
1459 3299 1521 3361 Ha-

324 3387 412 3448 bebat
422 3386 471 3447 bic
484 3386 594 3449 Petrus
605 3388 685 3449 tha
695 3388 727 3449 in
738 3387 915 3450 mandatist
927 3389 1062 3450 Domino
1073 3389 1215 3452 Generali
1228 3390 1343 3470 Galles,
1356 3405 1391 3457 ut
1399 3397 1517 3478 patriam

325 3481 627 3566 Meobleburgensem
645 3494 800 3567 proestaret
816 3485 853 3546 ab
873 3483 956 3546 hoste
973 3486 1157 3563 indemnem,
1176 3489 1227 3550 eui
1244 3499 1345 3552 tamen
1363 3493 1427 3573 ipse
1442 3494 1517 3555 solus

323 3601 394 3642 curn
408 3579 496 3641 unici
512 3581 644 3664 Legione
654 3581 708 3644 sui
722 3581 874 3663 Equestri,
887 3580 977 3663 plura
989 3583 1101 3644 darum
1113 3583 1226 3660 intulit,
1241 3587 1335 3667 qntm
1349 3588 1457 3651 inferre
1465 3611 1515 3672 po·

322 3677 449 3740 tuissent
461 3675 591 3742 hostium
602 3677 740 3762 plurimrs
754 3689 873 3740 turmae.
916 3677 995 3740 Hoec
1011 3677 1090 3762 legio
1103 3680 1192 3743 Duce
1206 3681 1349 3746 Genernli
1362 3683 1411 3748 vel
1426 3707 1515 3750 unnu-
