3225 4700
355 309 418 374 294
751 301 1154 374 ITINERARIUM.

771 505 927 580 Illustres
943 503 1115 578 Familiae.

568 656 640 724 Qus
654 677 690 715 ex
708 655 904 716 Vise-Comite
918 656 1098 732 Moaparetoe
1112 661 1219 712 exorta
1233 660 1314 710 sant.

416 777 535 840 RlMA
553 779 666 840 familia
682 780 721 840 de
739 777 967 851 Mounahorrio,
986 776 1118 838 secunda
1135 775 1175 837 ds
1194 775 1401 859 Daginsalano
1419 795 1457 837 ex
1478 796 1542 856 qua

428 874 651 937 Illustrissimus
664 875 814 937 Dominus
824 895 908 935 maus
921 873 944 934 J
945 873 1054 934 acobus
1068 872 1210 934 Butlsrus
1224 871 1382 934 Generalis
1394 873 1539 934 excubia-

351 991 418 1032 rum
436 971 604 1033 Praefectus
622 973 654 1032 iu
668 971 801 1033 exercitu
817 970 995 1052 Hispanico,
1011 969 1164 1031 nobilitate
1177 969 1256 1030 iuter
1273 968 1407 1030 Polouos
1424 967 1537 1040 clarus,

351 1068 452 1129 Saeuus
470 1067 614 1130 Caesareae
633 1067 812 1150 Majestatis,
826 1087 882 1127 uec
897 1086 957 1126 nou
974 1065 1060 1147 regni
1074 1063 1211 1125 Polouiae
1225 1063 1398 1126 colonellas
1411 1065 1536 1125 desueu-

348 1163 403 1225 dit.
444 1163 546 1226 'l'ertia
558 1165 596 1226 de
611 1162 741 1225 castello
755 1161 930 1231 (lemanno,
943 1161 1049 1223 fratres
1062 1159 1199 1222 moderni
1211 1159 1431 1222 Vise-Comitis
1442 1159 1466 1222 J
1466 1181 1535 1222 aso·

346 1259 403 1320 bus
414 1260 558 1322 Butlerus
572 1261 610 1322 ds
625 1259 782 1335 Belabora
798 1260 886 1340 nujus
898 1258 980 1320 filius
994 1258 1175 1319 Edmundus
1189 1256 1332 1318 Butlerus
1349 1256 1534 1330 Colonsllus,

346 1356 397 1435 qui
417 1357 547 1417 Bisontii
565 1356 596 1417 in
615 1357 736 1417 servitio
750 1356 831 1438 regis
846 1354 1062 1434 Hispaniarum
1075 1363 1158 1414 sexto
1172 1353 1238 1414 Cal.
1251 1352 1428 1414 Decembris
1441 1355 1533 1415 Anno

348 1453 434 1512 1636.
446 1451 525 1512 diem
537 1461 700 1513 extremum
712 1451 829 1513 clausit.
851 1451 1005 1513 Gilbertus
1017 1450 1170 1521 Rudanas,
1179 1448 1366 1510 Theobaldus
1378 1450 1532 1524 Butlerus,

343 1549 366 1610 J
369 1568 479 1610 oannes
502 1549 645 1610 Butlerus
671 1549 855 1623 Colouellus,
884 1548 994 1609 Petrus
1022 1546 1174 1608 Butlerus.
1217 1545 1288 1606 Filii
1306 1546 1422 1627 proefati
1444 1547 1533 1608 Viss-

344 1643 472 1704 Comitis
490 1654 561 1706 suut
579 1645 759 1707 Edmuudus
780 1645 922 1706 Butlerus
940 1645 979 1707 de
997 1642 1178 1726 Belragano,
1198 1641 1369 1704 Richardus
1387 1643 1532 1705 Butlerus

344 1736 537 1820 Capitaneus‚
550 1741 711 1804 Edvardus
725 1741 880 1812 Butlsrus,
896 1748 950 1802 &n

583 1979 586 1988 Δ
717 1893 967 1970 Celeberrimae
984 1893 1152 1968 Familiae.

498 2043 703 2104 Vise-Comitis
718 2045 888 2114 Iclserrinoe,
902 2052 932 2102 et
940 2043 1101 2120 posteritas
1113 2041 1182 2100 iude
1195 2043 1379 2102 descendens.

405 2171 526 2233 RIMA
539 2171 654 2232 familis
666 2171 704 2232 ds
718 2169 846 2246 Galona,
858 2171 991 2232 secunda
1003 2171 1042 2232 de
1057 2169 1208 2242 Balinota,
1222 2173 1310 2232 tertia
1321 2172 1360 2234 de
1374 2171 1526 2235 Oilcmsa.

418 2268 487 2329 Filii
503 2267 592 2350 hujus
606 2267 823 2330 Vise-Comitis
836 2277 906 2328 suut
914 2267 938 2330 J
940 2268 1049 2329 aoobus
1060 2267 1204 2344 Butlerus
1215 2267 1255 2329 ds
1268 2268 1417 2341 Fiuuoua‚
1432 2269 1527 2330 Rich·

338 2367 428 2428 ardus
442 2366 585 2428 Butlsrus
599 2364 790 2447 capitaneus,
809 2364 997 2426 Thaubnldus
1015 2364 1159 2427 Butlerus
1179 2375 1211 2427 et
1226 2364 1356 2427 Thomas
1370 2365 1524 2443 Butlarus,

339 2469 456 2621 &esunt
467 2560 588 2639 quidem
601 2558 700 2619 adhue
714 2557 781 2619 ulioe
794 2557 947 2619 nonnullas
960 2556 1082 2618 familloe
1098 2556 1301 2635 Bussemrnm,
1315 2561 1369 2623 ssd
1377 2562 1523 2628 h'brorum

335 2655 453 2718 defectu
467 2656 602 2717 noudum
615 2656 700 2715 uobis
717 2656 788 2716 satis
803 2664 977 2737 perspecta,
992 2662 1064 2737 puta
1081 2674 1240 2736 geueroeas
1252 2656 1381 2721 familias
1399 2662 1439 2723 da
1459 2663 1520 2724 Ba-

334 2750 524 2827 liuselonhio,
538 2760 569 2813 et
582 2752 620 2813 ds
636 2750 835 2826 Balicomina,
848 2771 923 2833 quos
936 2772 990 2812 suo
1002 2759 1137 2834 tempora
1149 2770 1210 2811 uon
1224 2754 1424 2837 negligemus.
