3225 4700
356 349 420 414 238
742 337 1163 409 rr'rnunsstwn.

354 497 434 561 solus
450 492 672 559 Illustrissimus
689 489 831 553 Marchio
844 489 994 551 Bedeasis
1007 488 1181 553 Gulielmus
1198 498 1248 551 est
1261 487 1372 564 visus,
1388 486 1503 570 reliqui
1515 510 1562 551 non

357 614 422 657 com
464 598 595 653 ruerunt.

392 613 557 750 Agssfinem
574 684 729 763 utriusque
745 682 849 764 partis,
866 682 919 742 abi
935 679 1115 762 principales
1130 679 1285 743 sessiones
1305 679 1557 755 terminabantur,

353 786 433 847 intra
451 780 630 845 crucifixum
647 778 762 841 scilicet
779 788 811 840 et
829 776 998 859 sepulturus
1018 775 1169 857 utrimque
1186 775 1252 837 alia
1275 775 1401 839 sedilia
1420 775 1561 838 aedificata

353 880 485 953 suerunt,
506 889 537 940 et
557 879 596 940 ed
616 877 770 938 dexteram
788 874 914 956 quidem
932 881 1071 954 quatuor,
1092 873 1132 935 ad
1151 872 1318 935 sinistram
1341 892 1422 935 vero
1439 873 1560 953 quinque

353 974 568 1059 peristromatis
585 972 712 1035 Dureieo
730 990 821 1053 opere
839 970 998 1032 elaboratis
1014 978 1129 1041 ornata,
1149 988 1219 1050 que
1240 969 1370 1050 partim
1384 968 1521 1033 Comites
1531 988 1560 1028 ac

354 1070 492 1145 Domini,
506 1070 616 1151 partim
635 1068 765 1131 Cesarei
785 1066 927 1142 minaei,
946 1066 1058 1146 aliique
1073 1066 1178 1148 magui
1192 1065 1340 1127 nominis
1359 1064 1423 1127 viri
1444 1084 1558 1145 occupa-

353 1176 435 1229 rant.
475 1165 621 1229 Posthac
635 1174 735 1226 autem
749 1163 860 1225 iterum
879 1163 932 1224 alii
946 1161 1073 1225 Proelsti
1086 1160 1221 1225 Comites
1234 1181 1278 1223 ac
1294 1160 1436 1223 Domini
1448 1162 1524 1223 dent
1533 1174 1558 1223 et

351 1262 473 1343 plurimi
487 1261 667 1342 Principum
682 1259 789 1341 Legati
801 1258 960 1321 sunonem
972 1257 1031 1320 subi
1043 1257 1231 1339 delogerant.

392 1358 559 1440 Postquam
581 1354 784 1417 consedissent
803 1355 937 1417 universi
955 1364 1046 1437 prout
1058 1353 1156 1417 cuivis
1163 1354 1261 1435 juxta
1273 1364 1382 1417 statas
1395 1355 1446 1416 sui
1465 1354 1557 1417 condi·

349 1456 461 1517 tionem
475 1452 559 1513 locus
572 1459 637 1512 erat
650 1450 830 1533 assignatus,
844 1450 1125 1513 Revereudissimus
1142 1448 1302 1531 Princeps
1321 1470 1363 1512 ac
1382 1450 1553 1531 Episcopus,

351 1570 407 1611 nec
420 1568 482 1610 non
496 1546 666 1629 Hungeriae
687 1546 895 1609 Cancellarius
913 1566 1032 1609 sacrum
1048 1546 1153 1609 Missa
1171 1546 1381 1609 Sacrificium
1394 1547 1436 1607 de
1450 1546 1555 1626 Spiritu

353 1646 463 1707 Sancto
477 1642 618 1705 inchoare
632 1644 722 1725 cepit.
765 1643 935 1708 Decantato
948 1644 987 1706 de
1000 1663 1084 1705 more
1098 1642 1275 1725 Evangelio
1289 1642 1311 1703 d
1326 1639 1552 1724 Moguntinensi

353 1742 466 1822 Leguto
474 1740 647 1802 Perillustri
661 1740 794 1803 Domino
803 1741 921 1804 Gemite
935 1742 974 1803 de
984 1741 1075 1803 Grata
1087 1738 1338 1821 Evangeliorum
1349 1738 1451 1801 codex
1463 1738 1552 1799 Sacra

349 1838 494 1900 Caessreae
510 1837 664 1919 Majestati
678 1838 717 1899 de
730 1836 910 1900 osculandus
923 1836 1072 1899 exhibitas
1082 1846 1137 1909 est,
1146 1834 1367 1897 amuteutibus
1380 1833 1499 1895 interim
1510 1834 1545 1893 sd

350 1934 504 1995 dexmram
525 1934 627 1997 altaris
640 1935 757 1997 duobus
777 1933 988 2015 Imperialibus
1006 1931 1282 2007 caduceatoribus,
1302 1930 1325 1992 d
1343 1930 1547 1993 unisnbvero

350 2032 444 2093 tribus
457 2032 524 2093 aliis
539 2030 707 2113 Hungariae
722 2030 879 2092 Bohemiae
892 2041 923 2093 et
936 2029 1081 2092 Austris.

389 2126 537 2188 Absoluto
548 2126 742 2189 sanctissimo
754 2126 860 2189 Missae
874 2124 1041 2201 Sacrificio,
1054 2124 1117 2187 Sua
1129 2124 1276 2187 Cesarea
1286 2124 1440 2204 Majestas
1452 2120 1545 2181 ecdem

350 2242 411 2304 quo
424 2222 557 2304 ingressa
569 2222 666 2284 luerat
678 2222 795 2297 ordine,
809 2242 847 2283 ex
858 2220 970 2303 templo
983 2221 1084 2296 rediit,
1098 2240 1169 2281 oum
1182 2219 1340 2303 attigisset
1356 2219 1543 2280 decumanam

350 2327 477 2402 portam,
496 2338 655 2401 areamque
674 2327 742 2381 ante
760 2318 865 2400 templi
883 2317 972 2395 sores,
992 2326 1133 2398 sequente
1154 2315 1360 2380 Processione
1380 2316 1421 2378 ad
1441 2312 1543 2376 curiam

349 2416 482 2477 civitatis
503 2416 635 2478 deducta
655 2425 708 2478 est.
751 2417 834 2478 Ante
856 2415 1001 2480 Ecclesia
1023 2416 1135 2478 atrium
1154 2433 1218 2475 sese
1242 2414 1435 2496 collegerant
1451 2405 1541 2471 selecti

350 2509 464 2590 aliquot
477 2507 608 2569 militum
622 2509 779 2591 manipuli,
798 2529 835 2570 ex
854 2507 1039 2570 Reinaclrica
1058 2509 1202 2592 legione,
1214 2511 1273 2591 qui
1291 2510 1327 2571 iu
1343 2508 1480 2570 ordinem
1496 2523 1540 2585 per

351 2605 433 2670 riam
455 2604 607 2685 utrimque
630 2605 674 2666 ita
694 2604 845 2686 dispositi,
872 2615 957 2667 eraut
977 2615 1013 2668 ut
1035 2604 1255 2687 Imperatorem
1281 2623 1463 2684 omnemque
1483 2601 1538 2681 ejus

351 2700 592 2763 Illustrissimam
606 2701 792 2764 Comitatam
809 2702 944 2763 medium
957 2701 1137 2782 acciperent,
1152 2723 1191 2764 ex
1209 2703 1260 2765 his
1280 2700 1423 2764 nonnulli
1439 2715 1539 2780 prece·

350 2798 461 2859 debant
474 2805 565 2858 totam
577 2816 737 2877 pompam
758 2808 900 2858 ceteram
913 2797 1044 2860 militum
1053 2798 1161 2860 seriem
1171 2800 1392 2862 continuabant
1405 2813 1493 2874 usqoe
1503 2789 1537 2850 td

351 2894 464 2956 curiam
486 2893 567 2954 cives
591 2892 708 2966 mmati,
731 2892 852 2976 egregie
872 2894 983 2966 restiti,
1004 2894 1181 2976 vexillisque
1207 2896 1313 2978 pausis
1335 2894 1536 2975 Imperatorem

349 2989 543 3051 honorabant.
585 2989 733 3050 Ordinem
748 3008 820 3050 vero
835 2986 1040 3052 Processionis
1058 2991 1188 3052 ducebat
1202 2990 1359 3053 Vindiciis
1379 2981 1534 3068 imperiali·

351 3087 407 3148 bus
426 3085 592 3147 Praefectus
612 3087 716 3165 (quem
736 3084 845 3166 vulgus
866 3075 922 3145 bon
938 3074 1069 3168 dititlss,
1087 3075 1208 3169 ili⁰i⁰i
1228 3087 1376 3171 appellat)
1396 3103 1455 3145 aaa
1473 3097 1533 3142 cum

351 3181 466 3244 duobus
487 3180 673 3256 satellitibus,
688 3190 754 3262 post
771 3201 861 3263 quem
883 3181 944 3241 ibat
957 3180 1126 3263 Imperialis
1139 3185 1359 3265 quarteriorum
1379 3177 1529 3242 Praefectus

352 3286 493 3339 consueto
505 3275 613 3338 bacillo
626 3286 767 3354 umatus,
783 3276 865 3339 hauc
883 3279 1082 3358 sequebantur
1096 3279 1204 3363 legati
1218 3281 1386 3343 Civitstum
1401 3271 1529 3355 Imperia

350 3372 436 3444 lium,
458 3380 521 3431 tum
544 3371 680 3448 Praelati,
699 3372 832 3435 Comites
853 3392 889 3433 ac
910 3371 1049 3448 Domini,
1069 3375 1236 3438 abseumm
1252 3397 1371 3458 quoque
1391 3364 1522 3452 deputetis

349 3469 427 3532 sicut
440 3475 470 3528 et
483 3468 617 3530 omnium
632 3469 814 3552 Principum
828 3470 1002 3532 Electorum
1020 3471 1207 3553 aliorumque
1227 3474 1409 3556 Magnetum
1423 3484 1456 3525 ac
1470 3460 1524 3520 ln·

349 3565 425 3648 perii
438 3573 567 3628 statuum
577 3573 639 3627 am
650 3565 929 3628 Ecclesiastieorum
936 3587 1027 3647 quam
1038 3569 1232 3633 secularium
1244 3563 1411 3631 maundarii
1419 3553 1520 3638 legs&

348 3673 449 3745 posca
469 3662 615 3724 eaeuoeae
634 3661 802 3744 najeuus
820 3662 967 3742 precipui
988 3664 1129 3739 muner,
1146 3665 1292 3742 maius,
1307 3648 1523 3730 Domini‚1¹¹¹¹¹⁰

347 3760 448 3822 habito
463 3768 596 3840 respectu
611 3768 703 3820 status
718 3769 747 3820 et
761 3757 951 3820 conditionis.
