3225 4700
489 318 889 387 ITINERARIUM.
1219 319 1282 386 409

74 471 193 550 primis
206 472 289 534 fortis
301 481 332 533 et
345 471 513 548 bellicosus,
528 472 581 553 qui
595 472 633 532 ad
644 483 784 534 octavum
797 473 948 535 decimum
972 475 1052 535 Maii
1066 473 1209 536 inclinato
1217 472 1282 553 jam

75 568 126 628 ad
148 588 286 630 occasum
307 570 357 631 die
381 569 587 651 Hispanorum
609 569 750 630 stationes
769 570 899 651 primum
923 581 968 632 est
988 591 1147 654 aggressus
1170 588 1281 651 magno

74 666 189 726 animo
203 675 231 727 et
245 665 419 728 fortitudine
434 665 575 742 mirabili,
590 666 642 726 sed
658 667 754 727 Ducis
768 667 806 727 de
823 667 906 728 Melo
918 667 1067 731 industria
1080 677 1109 729 et
1122 666 1281 728 commoda

77 760 282 843 dispositione
302 761 411 844 maguti
434 763 594 825 Gallorum
618 763 705 824 clade
725 763 861 844 repulsus
882 774 935 826 est.
975 764 1045 825 Non
1073 764 1138 824 ideo
1165 761 1280 823 destitit

75 857 233 939 gloriosus
245 859 461 942 Campiductor
473 861 674 942 Anguinaeus,
688 861 740 940 qai
754 880 863 921 novam
877 861 1099 943 impressionem
1114 860 1215 921 animo
1227 878 1276 919 oo-

75 956 208 1035 quebat,
221 975 311 1037 quam
325 969 442 1038 postero
455 958 506 1018 dic
522 968 556 1018 ut
568 958 700 1039 primum
713 957 896 1019 dilucescere
911 958 1003 1038 eoepit
1016 957 1071 1018 sub
1085 958 1201 1018 tertiam
1215 975 1277 1016 ma·

76 1053 224 1129 tunnam,
239 1063 344 1115 anctus
360 1054 445 1115 novis
458 1053 563 1135 copiis,
577 1054 743 1134 majoribus
755 1073 846 1134 qnam
862 1074 993 1136 unquam
1009 1063 1078 1115 ante
1092 1054 1202 1114 animis
1215 1073 1277 1114 sus·

75 1151 175 1230 oepit,
189 1161 219 1212 et
233 1150 379 1231 impetum
399 1152 556 1212 renovarit
573 1162 633 1212 tam
647 1151 727 1213 felici
743 1171 882 1213 successu
899 1165 932 1214 ut
952 1161 981 1212 et
996 1151 1022 1212 si
1038 1150 1197 1211 fortissime
1216 1167 1279 1210 sese

77 1257 271 1328 opponerent
289 1247 431 1330 Hispani,
449 1256 548 1310 tamen
567 1249 675 1310 cedere
691 1247 811 1309 tandem
834 1249 929 1308 coacti
950 1249 1020 1321 sint,
1042 1267 1078 1308 ao
1099 1244 1275 1307 effusissima

75 1343 159 1426 fugd
170 1344 274 1406 dilabi.
310 1345 518 1427 Sequebantur
526 1343 675 1428 fugientes
684 1345 784 1406 hostes
795 1345 879 1407 Galli
888 1353 971 1406 tanto
980 1345 1093 1426 impetu
1102 1353 1135 1403 ut
1145 1341 1275 1427 legiones

75 1443 251 1522 praecipuas
269 1444 400 1504 maxime
419 1443 583 1523 Hispanas,
603 1441 707 1514 Italas,
723 1452 755 1503 et
774 1440 958 1525 Burgundas
979 1441 1179 1502 internecione
1196 1438 1274 1500 dele-

77 1549 151 1600 rent
171 1539 248 1600 adeo
274 1551 308 1601 ut
334 1539 421 1621 pauci
447 1537 657 1620 superfuerint.
699 1537 821 1600 Cecidit
843 1558 879 1601 ex
907 1538 1113 1620 Hispanorum
1140 1536 1274 1618 partibus

77 1635 195 1697 Comes
210 1635 363 1697 Fontanus
375 1635 442 1716 (qai
456 1635 584 1719 gloriose
597 1635 672 1696 mori
686 1636 778 1717 qaam
791 1635 938 1718 inglorius
950 1637 1043 1697 vitam
1057 1634 1170 1716 pacisci
1184 1632 1275 1694 male·

77 1734 148 1810 bat)
168 1733 230 1794 und
246 1753 315 1794 cam
337 1732 455 1794 Comite
472 1731 617 1803 Villslua,
640 1731 774 1792 Domino
793 1732 929 1793 Antonio
949 1731 1110 1793 Velandia.
1151 1729 1275 1792 Occiso-

80 1850 152 1890 rum
171 1849 314 1891 numerus
331 1850 367 1890 ex
382 1839 509 1910 utraque
525 1839 608 1909 parte
624 1830 733 1890 verena
746 1847 784 1888 an
804 1827 875 1891 flete
889 1849 950 1890 non
967 1849 1061 1911 arguo
1081 1828 1120 1888 ad
1137 1827 1275 1889 duodena

78 1926 180 1987 millia
192 1927 357 1988 excrevisse
370 1926 533 1986 aestimatus
546 1932 598 1986 est
638 1923 709 1985 Hoc
723 1935 839 1986 certum
856 1924 1009 2007 Hispanos
1022 1926 1117 1986 victos
1131 1924 1231 1998 fuisse,
1246 1936 1277 1985 et

79 2023 249 2085 victoribus
275 2043 395 2085 omnem
428 2022 570 2084 bellicam
599 2030 785 2103 apparatum,
815 2022 1039 2103 impedimenta,
1068 2031 1273 2102 tormentaque

79 2119 229 2180 omniaac
237 2120 347 2181 vexilla
356 2130 418 2183 tam
432 2119 582 2200 equestria
590 2138 680 2199 quam
692 2118 843 2200 pedestria
853 2118 1015 2191 dimisisse;
1037 2140 1074 2180 ex
1086 2118 1180 2201 signis
1193 2120 1272 2179 certe

80 2215 217 2277 Parisios
235 2217 331 2279 delata
345 2227 414 2278 suat
432 2226 553 2278 centum
570 2217 693 2277 omnino
712 2224 743 2277 ot
755 2215 908 2298 octoginta
929 2216 980 2277 ubi
999 2217 1067 2278 Deo
1086 2214 1222 2276 solennes
1240 2216 1270 2276 in

80 2314 149 2376 aede
163 2313 299 2397 principe
312 2316 418 2397 gratioe
432 2324 502 2377 sunt
513 2312 633 2376 habitae.

124 2410 294 2479 Praemissis
317 2411 363 2473 his
385 2412 522 2494 propitia·
544 2412 672 2473 fortunae
696 2412 873 2492 prodromis,
894 2412 1020 2475 victoria
1044 2412 1271 2493 Auguinensem

80 2510 193 2569 ducem
212 2508 252 2569 ad
271 2507 425 2569 ulteriores
442 2528 615 2590 progressus
633 2507 810 2583 stimulavit,
830 2509 884 2589 qni
902 2508 1007 2591 glorias
1027 2509 1193 2589 obsequens
1212 2527 1272 2568 non

79 2604 179 2665 multo
193 2615 259 2685 post
273 2604 506 2665 Theonisrillam
520 2603 659 2665 infestare
677 2604 842 2666 constituit.
885 2605 961 2666 Erat
974 2604 1176 2666 Theonisvilla
1190 2624 1272 2665 com·

81 2700 173 2783 plexn
198 2701 322 2782 quidem
347 2710 484 2783 angrrsta,
511 2701 565 2761 sed
592 2700 651 2760 situ
670 2709 701 2761 et
720 2700 887 2764 munitione
911 2720 1052 2783 perquam
1074 2714 1210 2783 augusta,
1237 2722 1272 2763 ac

79 2800 161 2859 inter
187 2798 448 2881 Luxenburgensis
468 2798 596 2859 ducatus
623 2796 809 2858 nobilissima
831 2797 983 2871 fortalitia,
1007 2798 1140 2870 visenda,
1169 2799 1200 2858 in
1227 2820 1271 2860 se·

77 2895 205 2955 miluum
215 2895 340 2956 formam
353 2894 650 2975 exaedificata,qnam
661 2913 698 2953 ex
712 2912 773 2953 una
786 2902 869 2974 parte
883 2906 989 2957 natura
1001 2895 1137 2957 Mosellae
1147 2896 1269 2971 alluvio,

77 3014 118 3054 ox
132 2991 225 3054 alterd
238 3012 291 3053 arx
306 2992 498 3053 munimentis
512 2992 724 3054 robustissimis
730 2992 819 3073 juxta
832 3002 862 3053 ot
876 2992 1025 3055 latissimis
1038 2993 1124 3055 fossis
1139 2993 1218 3074 aqud
1231 2995 1271 3056 ad

79 3088 198 3151 hastilis
213 3088 402 3150 altitudinem
418 3091 533 3150 refertis
551 3100 716 3171 opportune
729 3089 880 3151 cinxerat:
901 3110 969 3171 quae
983 3090 1053 3169 quia
1066 3110 1158 3172 prope
1179 3090 1271 3154 Meris

76 3186 192 3253 aberat,
208 3184 391 3266 jampridem
404 3185 506 3245 orexin
528 3184 686 3247 Gallorum
700 3197 867 3261 exacuerat,
888 3187 1124 3267 industriamque
1143 3196 1173 3248 et
1192 3199 1271 3250 artes

77 3282 198 3365 pridem
218 3291 249 3342 et
268 3291 441 3342 exercuerat
461 3293 492 3342 et
515 3282 651 3343 eluserat.
694 3281 785 3343 Hanc
806 3283 901 3365 igitur
919 3304 988 3345 cum
1010 3304 1118 3345 novem
1139 3284 1267 3347 millium

76 3379 213 3440 exercitu
222 3378 354 3439 adoritur
364 3378 564 3460 Arguimur,
578 3398 615 3440 ac
628 3380 725 3462 primo
737 3379 861 3460 quidem
872 3379 1027 3441 Virtonem
1039 3381 1171 3463 ignobile
1185 3383 1268 3464 oppi-

78 3476 154 3536 dum
168 3475 353 3558 aggreditur,
367 3482 398 3535 at
407 3474 471 3536 sino
488 3494 598 3557 magno
611 3484 720 3536 conatu
734 3476 888 3556 intercipit
902 3485 986 3537 sexto
1000 3477 1118 3537 decimo
1130 3477 1154 3538 J
1157 3479 1219 3539 unii
1233 3499 1269 3539 ao

78 3572 199 3633 decimo
217 3582 325 3634 octavo
344 3572 478 3654 ejusdem
495 3582 595 3633 castra
613 3580 644 3633 et
661 3571 847 3633 obsidionem
865 3573 906 3633 ad
924 3572 1018 3653 ipsam
1037 3573 1268 3637 Theonisrillam

651 3671 669 3727 3
690 3688 710 3728 o
