3225 4700
508 323 918 392 ITINERARIUM.
1239 328 1303 394 263

93 458 162 530 bot,
175 477 237 522 nou
248 469 364 542 poterut
372 469 435 526 tum
444 463 543 526 subito
553 484 637 528 erma
646 483 798 546 oupessere
808 465 873 527 sine
882 471 1031 547 prosumo
1040 463 1187 546 periculo,
1199 462 1302 546 inquo

95 554 205 638 fugam
219 559 398 622 tutissimum
411 561 538 644 quisque
550 571 586 624 nt
598 571 663 625 erut
676 563 725 626 vol
738 562 815 625 semi
827 561 953 624 uestitus
965 560 1015 623 vel
1028 560 1059 622 in
1073 560 1196 624 indusio
1210 561 1304 623 rimu·

97 664 161 729 tur,
184 663 219 718 ut
233 655 340 720 ιιΙιιιιι
357 659 451 721 sitnm
468 660 564 722 solvet
581 660 607 722 si
625 679 696 740 opes
714 659 846 740 pendere
864 665 999 740 cogatur.
1041 656 1121 720 Haeo
1138 658 1213 720 dum
1226 657 1306 718 liunt

97 751 202 814 udbno
215 761 301 818 erunt
311 755 473 836 potissimos
486 765 594 818 turmoe
612 765 681 818 ente
698 765 811 836 porus,
831 755 915 836 quod
931 753 1124 836 oonspiestus
1139 755 1319 836 prodictus*

98 845 308 912 locumteneus
321 849 668 936 Coningstsiniuuorum,
681 851 775 914 mittit
786 852 840 933 qui
860 851 1015 913 soouribus
1028 850 1146 913 editum
1156 850 1303 933 operiunt,

100 954 177 1006 tuno
192 947 374 1010 unanimiter
384 950 424 1012 nd
438 949 543 1031 templi
557 949 681 1026 ιιιίιιιιι,
694 947 726 1012 ἰιι
740 949 823 1030 quod
834 947 993 1031 potissimo
1005 967 1074 1031 purs
1087 947 1181 1010 bostis
1198 969 1230 1011 se
1243 947 1307 1011 col·

101 1040 218 1124 legerat
233 1043 321 1119 itum,
337 1046 523 1129 petitumque
534 1047 669 1108 vitemus
682 1045 796 1110 misum
811 1045 917 1120 velint,
931 1053 963 1107 st
974 1045 1099 1108 vinculo
1111 1065 1164 1106 seu
1178 1046 1306 1127 eaptivi-

101 1148 196 1200 tatem
208 1139 319 1215 subire,
334 1142 417 1223 quod
428 1163 488 1204 non
502 1143 592 1206 iuviti
605 1152 776 1206 annuerunt
791 1143 951 1225 praecipui,
970 1142 1076 1226 positis
1093 1142 1196 1223 itaque
1213 1143 1306 1204 nrmis

101 1255 166 1298 sese
181 1237 288 1300 victori
300 1237 391 1302 militi
405 1239 555 1302 dederuut
566 1240 622 1321 qui
636 1241 716 1322 ipsos
728 1240 846 1322 pedites
859 1240 1031 1304 Hoobstsm
1040 1239 1177 1303 deduxit.

143 1333 194 1396 De
208 1335 313 1416 prede
327 1335 515 1421 singulorum
532 1358 594 1401 nou
610 1323 655 1400 e'st
670 1337 757 1400 fsoile
776 1338 981 1412 scribendum,
993 1357 1064 1398 eum
1073 1336 1216 1418 jamdum
1234 1355 1306 1397 eon·

101 1438 170 1499 stet.
183 1450 275 1511 quum
292 1431 421 1515 quisquo
438 1453 493 1497 suu
510 1433 608 1516 spolio
624 1434 792 1516 supprimat
807 1444 863 1496 ont
881 1443 1032 1508 extenuet,
1052 1434 1149 1495 solent
1170 1432 1252 1494 enim
1272 1432 1305 1494 in

101 1524 278 1608 hujusmodi
297 1529 503 1592 occasionibus
522 1529 625 1593 omnis
642 1530 674 1594 iu
694 1531 831 1597 medium
848 1529 986 1612 proferri,
1006 1541 1038 1592 ot
1057 1530 1152 1612 eequis
1170 1530 1306 1612 portibus

101 1622 181 1684 inter
194 1624 324 1704 aequales
337 1625 463 1708 periculi
477 1628 584 1706 socios,
598 1648 654 1710 pro
670 1629 819 1710 dignitate
837 1628 972 1710 cujusvis
989 1627 1149 1690 duoibuiz
1169 1626 1227 1688 boo
1239 1636 1306 1688 tsn-

101 1727 168 1782 tnm
182 1721 267 1801 quod
279 1731 361 1785 certo
374 1733 561 1806 compertum
571 1735 616 1788 est
625 1725 872 1800 scribomanus
883 1725 981 1788 solum
991 1724 1137 1786 rusticum
1149 1723 1305 1812 duetorem
1411 1751 1420 1760 ·

102 1817 252 1880 militibus
264 1819 451 1902 assignatum
465 1823 607 1884 eximium
621 1843 743 1906 prorsus
756 1823 920 1886 obtinuisse
930 1823 1076 1905 predum,
1088 1821 1204 1882 seilicet
1216 1821 1306 1882 unius

103 1935 142 1976 ex
156 1915 248 1997 primi
261 1916 376 1980 ordinis
387 1918 561 1982 ollioinlium
576 1920 736 1996 sarcinum,
749 1921 782 1982 in
795 1940 857 2001 quo
869 1920 1014 2002 reperisse
1027 1918 1140 1980 dieitur
1151 1917 1235 1980 mille
1249 1918 1307 1979 dn·

102 2023 198 2087 estus,
215 2013 348 2076 studiose
366 2014 518 2078 involutos
535 2016 567 2078 in
585 2015 740 2079 baltheum
757 2017 931 2088 militarem,
943 2015 1106 2079 duodecim
1121 2013 1244 2076 collaris
1259 2034 1306 2075 ro·

103 2129 178 2170 oens
191 2121 301 2192 empto,
315 2131 444 2192 quorum
457 2112 579 2196 singulo
592 2113 703 2197 viginti
716 2123 843 2196 quotuor
855 2113 1061 2196 imperialibus
1074 2121 1147 2174 sunt
1160 2110 1308 2173 ιιιιιίιιιιιιι

103 2205 239 2286 aliumue
258 2207 375 2269 reeulm
395 2226 456 2270 uon
476 2209 562 2290 parvi
582 2210 686 2292 precii.
730 2211 773 2272 Et
791 2209 865 2272 lieet
883 2207 975 2274 bomo
994 2209 1079 2271 veser
1098 2227 1252 2288 nunquam
1267 2208 1307 2269 de

103 2301 189 2365 mille
208 2302 326 2367 duostis
342 2302 431 2367 soteri
450 2305 589 2383 voluerit,
611 2306 650 2370 de
669 2305 788 2369 baltheo
804 2327 878 2371 vero
894 2316 927 2369 et
943 2305 1105 2369 collaribus
1124 2305 1217 2367 libere
1236 2324 1307 2367 oon·

11 2446 12 2475 p
103 2399 200 2461 fessus
216 2400 267 2475 sit,
280 2401 436 2464 convietus
454 2413 554 2467 umen
571 2413 617 2467 est
635 2404 793 2486 ipsiusmet
809 2403 955 2467 Proefeeti
967 2404 1141 2485 vigiliarum
1156 2422 1307 2464 &severo

103 2497 197 2571 tione,
211 2498 265 2580 qui
282 2497 381 2580 pulum
400 2500 501 2563 uiebet
516 2510 612 2564 semet
629 2500 684 2563 bos
700 2501 784 2563 mille
802 2501 929 2563 duoutos
945 2501 989 2562 its
1002 2499 1120 2562 bsltbeo
1133 2497 1307 2573 involvisse,

106 2602 143 2655 ut
155 2594 239 2657 solve
252 2594 312 2657 telo
323 2596 404 2659 intre
416 2608 478 2659 tour
489 2598 579 2659 breve
591 2604 710 2678 tempus
719 2596 818 2659 evolvi
828 2617 890 2658 non
900 2598 1062 2677 potuerim.
1083 2594 1195 2669 Quoud
1204 2613 1307 2676 equos,

104 2710 211 2753 omues
223 2692 427 2765 obtinuerunt,
443 2702 644 2776 putanturque
658 2694 840 2776 quingentos
852 2691 1023 2755 exoessisse.
1167 2710 1171 2718 ·

147 2787 197 2849 Ex
220 2789 354 2853 hostibus
374 2791 466 2853 oooisi
488 2800 560 2853 sunt
580 2810 641 2853 non
662 2790 721 2853 nisi
739 2803 854 2873 septem
874 2800 992 2865 octove,
1012 2792 1030 2851 ὲ
1050 2787 1213 2851 Wolfiunis
1233 2786 1308 2862 duo,

105 2904 245 2974 unusque
256 2886 333 2949 oivis
347 2886 531 2962 vulneratus,
544 2885 655 2969 reliqui
672 2906 777 2949 omnes
792 2886 833 2949 do
848 2886 946 2959 boste,
958 2884 1095 2967 psuoulis
1107 2882 1241 2965 exeeptis
1254 2883 1309 2964 qui

104 3000 161 3061 per
173 2982 286 3044 moeniu
300 2982 474 3047 eloneulum
493 3004 525 3045 se
540 2983 727 3045 demiserunt
742 2982 842 3065 eapti:
863 2994 896 3045 et
914 2983 1038 3064 quidem
1057 2981 1090 3043 bi
1109 2981 1189 3044 inter
1200 2980 1307 3062 prosei-

105 3096 183 3157 puos
191 3078 581 3163 nominetimMnjor-Korff
584 3100 741 3163 supremus
749 3079 1180 3164 equitumvigiliisprnseotus.
1203 3076 1309 3159 Msjor

107 3172 304 3257 Oelsohleger
313 3196 470 3259 supremus
480 3178 553 3240 item
566 3177 748 3260 Drsgonum
756 3176 871 3259 vigiliis
879 3177 1049 3259 prefectu,
1060 3176 1212 3260 Magister
1223 3174 1309 3255 eqni-

106 3276 173 3331 tum
198 3270 398 3346 Koltbuusem
424 3275 607 3356 Capitonem
630 3273 852 3347 Semurium,
870 3274 932 3335 duo
953 3274 1215 3349 Iocumtenentes,
1237 3275 1308 3337 Mo·

105 3366 201 3447 gister
220 3368 459 3444 Qnsrteriorum,
477 3370 627 3433 vexilileri
644 3370 769 3451 aliquot,
787 3370 1021 3433 Commissorim
1034 3369 1172 3459 qpidsrn,
1183 3382 1308 3435 eentum

107 3473 138 3525 et
150 3463 257 3527 deoem
271 3466 397 3547 equites,
412 3466 569 3529 desultorii
581 3467 746 3550 octoginu,
759 3474 869 3549 praeter
881 3466 1001 3529 odones
1010 3475 1043 3529 et
1055 3467 1186 3531 oseulss.
1240 3540 1249 3552 .

151 3562 216 3624 Iter
227 3562 399 3625 Hb'obstom
410 3583 512 3625 versus
525 3584 629 3625 omnes
642 3582 738 3644 usqne
750 3564 790 3627 sd
804 3584 969 3646 supremos,
979 3564 1095 3646 pedites
1107 3565 1185 3629 inire
1197 3563 1309 3626 debus·

108 3670 190 3737 root,
205 3679 243 3723 eo
260 3660 344 3741 qnod
360 3660 506 3743 equijom
524 3669 624 3723 esseut
640 3660 797 3743 prumien,
815 3680 887 3723 oum
903 3670 1005 3724 temen
1022 3664 1118 3745 prope
1136 3659 1308 3724 Hoobstem
