3225 4700
320 272 384 338 358
717 266 1115 336 ITINERARIUM.

361 424 390 484 Ι.
413 422 529 485 Civitas
555 434 586 486 et
613 435 733 486 senatus
756 425 787 484 in
812 422 944 503 antiquis
967 421 1233 483 consuetudinibus
1255 430 1285 481 et
1306 419 1441 500 juribus,
1474 438 1518 478 cs·

319 540 402 580 mera
412 521 484 582 verb
499 521 530 581 in
544 521 723 603 colligendis
738 521 915 592 redditibus,
930 518 1165 580 conservabitur.
1578 521 1579 524 ’

360 617 408 677 II.
431 618 616 679 Exercitium
636 616 871 679 ecclesiasticum
885 616 947 677 und
965 635 1034 677 cum
1051 612 1261 676 ecclesiasticis
1281 622 1311 673 et
1329 609 1454 691 templis
1477 608 1520 668 iu·
1579 649 1580 724 p

319 725 398 774 tacta
411 715 627 795 relinquentur.
1579 725 1580 728 ’

360 809 427 870 ΙΙΙ.
450 811 545 872 Militi
560 811 746 892 praesidiario
759 811 836 872 liber
849 821 878 872 et
891 831 1013 872 securus
1026 829 1162 890 egressus
1176 807 1376 888 permittetur,
1388 807 1444 867 sed
1453 806 1520 866 sine

317 905 445 980 vexillis,
459 908 596 988 tympani
613 927 697 982 sono,
712 917 742 968 et
755 907 856 982 armis,
872 907 1088 985 Coloniamque
1102 904 1279 966 deducetur.
1321 903 1416 976 Quod
1432 903 1459 963 si
1476 914 1519 962 ta-

317 1021 385 1062 men
400 1001 509 1082 aliquis
522 1003 562 1063 ad
575 1003 684 1066 alteras
696 1012 795 1086 partes
809 1003 935 1064 transire
948 1002 1050 1076 vellet,
1064 1001 1216 1083 integrum
1231 1001 1296 1062 erit.

357 1099 416 1159 IV.
439 1099 502 1160 Sub
521 1097 625 1160 horam
643 1120 753 1160 nonam
774 1100 926 1179 sequentis
946 1099 1006 1160 diei
1024 1099 1199 1159 admittetur
1218 1098 1392 1180 praesidium
1410 1096 1519 1159 Gallo-

318 1195 489 1271 Suecicum,
517 1197 571 1257 sed
595 1197 699 1258 eadem
722 1197 823 1257 adbuc
848 1216 971 1277 vespera
997 1196 1058 1256 und
1081 1194 1213 1256 civitatis
1237 1204 1334 1276 porta,
1357 1195 1397 1255 ad
1423 1215 1517 1274 quam

318 1292 410 1353 Hassi
425 1296 582 1368 excubent,
598 1294 740 1354 tradetur.

355 1389 395 1450 V.
418 1390 533 1451 Omnia
542 1390 722 1450 commercia
734 1400 770 1451 nt
782 1389 910 1452 antehac
924 1409 1011 1450 soum
1025 1389 1169 1450 tenebunt
1182 1408 1313 1450 cursum.

355 1485 415 1546 VI.
437 1485 472 1546 Si
485 1486 674 1568 contingeret
686 1487 851 1547 exercitum
862 1487 975 1548 diutius
984 1485 1052 1546 istic
1062 1486 1248 1556 commorari,
1259 1485 1296 1546 ab
1306 1484 1516 1546 exactionibus

316 1581 486 1643 immodicis
506 1592 536 1643 et
554 1581 719 1643 insolentiis
738 1582 909 1644 abstinebit.
950 1581 1066 1644 Civitas
1083 1583 1155 1644 verb
1175 1582 1213 1643 ab
1232 1581 1431 1644 Generalium
1450 1601 1515 1642 sus·

315 1677 478 1740 tentatione
490 1679 649 1740 eximetur.

354 1773 434 1834 VII.
457 1774 546 1836 Bona
557 1777 659 1837 omnia
672 1775 840 1838 mariana
854 1795 944 1837 eausa
956 1775 1037 1856 apud
1052 1776 1179 1838 urbanos
1192 1773 1336 1856 deposita,
1351 1795 1405 1836 sen
1419 1795 1513 1836 saecu-

315 1871 423 1932 larium
437 1871 491 1932 illa
505 1873 576 1946 sint,
590 1893 643 1934 sen
662 1872 943 1948 ecclesiasticorum,
959 1872 1113 1934 indemnia
1126 1884 1225 1947 erunt,
1244 1883 1275 1933 et
1288 1872 1513 1953 quamprimum

315 1968 571 2049 postulabunturb
584 1990 684 2030 rerum
698 1970 840 2044 dominia,
856 1989 892 2030 ex
906 1969 1027 2030 civitate
1040 1969 1238 2030 dimittentur.

356 2064 455 2125 VIlI.
477 2065 568 2127 Cives
582 2065 775 2146 praesidiariis
789 2077 1021 2146 consuetaque}
1034 2075 1153 2136 vocant,
1167 2065 1298 2141 servitia,
1313 2067 1512 2146 praestabunt.

316 2161 433 2223 Civitas
445 2163 518 2224 verb
531 2183 621 2244 supra
635 2172 729 2223 ratam
743 2163 972 2225 contributionis
986 2171 1112 2244 partem,
1128 2183 1187 2223 non
1204 2164 1388 2246 gravabitur.

358 2257 418 2319 IX.
441 2258 592 2320 Officiales
606 2258 790 2333 electorales‚
805 2271 840 2320 ut
852 2269 882 2320 et
900 2261 932 2332 ii,
946 2262 999 2341 qni
1013 2261 1181 2321 securitatis
1194 2279 1284 2322 causa
1298 2259 1337 2320 ad
1355 2259 1512 2321 civitatem

316 2355 528 2439 confugerunt,
542 2356 625 2417 nullo
638 2377 670 2417 se
684 2356 753 2417 litro
765 2357 924 2433 rediment,
940 2378 995 2418 neo
1009 2358 1095 2419 bonis
1108 2358 1169 2419 suis
1182 2358 1396 2439 spoliabuntur.

356 2452 397 2513 X.
418 2452 554 2525 Civibus,
568 2454 594 2514 si
612 2453 666 2533 qui
679 2452 790 2528 volent,
805 2453 933 2515 liberum
947 2454 986 2516 sit
1001 2454 1061 2514 alib
1072 2457 1280 2537 commigrare,
1294 2457 1373 2517 bona
1387 2456 1511 2516 interim

314 2572 369 2612 sua
381 2550 477 2611 cuivis
491 2550 576 2611 alteri
590 2551 710 2611 tradere
723 2559 873 2631 poterunt,
888 2552 979 2612 modo
994 2572 1048 2633 pro
1062 2562 1126 2615 rata
1138 2554 1339 2614 contribuant.

356 2647 418 2709 XI.
439 2647 580 2728 Denique
594 2647 697 2707 militis
712 2646 835 2708 licentia
851 2648 894 2709 ita
907 2650 1102 2725 coiircebitor,
1117 2660 1152 2709 nt
1168 2648 1324 2730 inquilinis
1337 2659 1397 2711 tam
1412 2650 1511 2711 eccle·

314 2746 452 2816 siasticis,
466 2744 559 2825 quiam
572 2742 775 2817 saecularibus,
790 2764 898 2805 nocere
911 2764 971 2806 non
985 2758 1177 2826 praesumant.

357 2844 470 2902 Actum
486 2840 627 2921 Budgem
642 2840 673 2898 in
686 2839 792 2899 castris
804 2840 953 2918 praetoriis
967 2844 1015 2901 26.
1028 2842 1052 2903 J
1054 2843 1170 2903 aunarii
1185 2842 1277 2903 Anno
1292 2844 1381 2905 1642.

357 2937 452 3008 Hinc,
476 2938 564 2997 rebus
585 2935 711 2997 feliciter
731 2935 833 3016 gestis,
858 2946 964 2996 octavo
987 2938 1105 2999 decimo
1127 2939 1242 3019 Aprilis
1263 2940 1398 3021 ejusdem
1422 2944 1507 3015 anni,

316 3034 635 3097 Gallo-Wimarienses
649 3033 793 3115 oppidum
817 3032 981 3108 Iecbnich,
1000 3054 1060 3095 non
1082 3036 1139 3097 nisi
1159 3036 1254 3097 tribus
1268 3037 1396 3099 Colonia
1414 3038 1509 3099 leucis

315 3132 465 3205 dissitum,
479 3130 576 3191 adorti
590 3140 661 3191 sunt
673 3150 710 3190 ac
719 3129 851 3190 sedecim
865 3131 1020 3191 tormentis
1034 3131 1148 3192 bellicis
1158 3152 1331 3215 oppugnare
1344 3150 1507 3215 ceperunt:

316 3248 371 3289 nec
392 3228 551 3308 quisquam
574 3226 715 3288 credebat
737 3225 786 3287 blo
806 3226 861 3287 diu
882 3226 1078 3288 detinendum
1101 3229 1283 3290 exercitum:
1311 3231 1383 3311 quia
1405 3240 1505 3293 mmen

316 3320 427 3402 oppido
446 3320 599 3401 provisum
620 3329 685 3380 erat
704 3318 743 3379 de
761 3318 938 3392 munitione,
960 3328 991 3379 et
1010 3318 1173 3381 sufficiente
1197 3321 1302 3393 milite,
1325 3334 1354 3383 et
1373 3334 1419 3384 sat
1438 3324 1506 3386 altis

315 3417 402 3478 fossis
415 3417 602 3499 cingebatur,
615 3434 774 3494 arcemque
788 3414 960 3495 contiguam
977 3414 1103 3477 habebat
1121 3417 1259 3479 similiter
1277 3420 1422 3481 munitam
1436 3440 1505 3481 cum

316 3518 385 3574 700.
407 3514 527 3575 circiter
544 3511 705 3594 peditibus,
724 3512 855 3573 dimissis
873 3512 990 3573 duobus
1007 3513 1141 3593 equitum
1164 3515 1435 3597 manipulis,un
1453 3537 1504 3577 suo

315 3610 450 3671 instituto
464 3612 568 3691 partlm
588 3608 681 3670 futuri
701 3618 799 3669 essent
813 3606 939 3689 proficui
954 3609 1020 3688 (qui
1035 3620 1134 3669 tamen
1151 3611 1187 3671 ab
1202 3612 1326 3673 obsessis
1340 3624 1442 3693 postea
1457 3632 1502 3674 re·
