3225 4700
319 310 381 373 122
719 300 1130 371 ‚ITINERARIUM

318 468 465 521 tormenta
477 456 587 519 bellico
598 456 724 538 majora,
738 474 865 536 quorum
877 453 1006 535 quodvis
1016 448 1147 535 globum*
1155 458 1223 509 octo
1238 446 1382 511 librarum
1402 444 1548 528 capiat,

320 574 392 616 uum
410 552 521 635 viginti
532 551 629 635 globis
642 552 818 632 duobusque
831 550 909 613 vasis
919 546 1104 613 tormentarii
1115 544 1245 629 pulveris
1257 564 1360 607 secum
1372 545 1550 611 abducat,

321 647 352 711 in
361 670 451 731 quem
467 649 560 711 finem
577 650 646 711 duae
663 648 731 709 alise
748 669 850 721 neres,
870 647 897 709 si
913 666 987 729 opus
1007 644 1108 718 fuerit,
1130 644 1307 717 Beruenses,
1327 649 1436 723 prester
1450 641 1550 720 jam

323 764 413 826 supra
426 764 580 807 concessas
595 744 796 819 Brimcenses,
811 744 971 805 dabuntur.

364 840 423 902 IV.
446 841 490 902 Ut
503 842 541 903 de
554 840 683 901 transitu
693 840 733 900 sd
746 838 947 921 Argentinsm
963 837 1113 898 Dominus
1128 835 1210 897 Baro
1219 834 1257 895 de
1269 832 1407 895 Reinach
1416 839 1549 892 certus

325 936 373 1011 sit,
389 936 497 1017 poterit
512 956 582 997 cum
598 935 692 997 literis
705 935 836 1015 aliquem
857 954 895 995 ex
911 934 972 995 suis
988 932 1085 995 lidum
1100 930 1300 1013 Argentinsm
1316 928 1446 1000 mittere,
1464 925 1546 1005 qui

326 1031 826 1112 decivitutisroluntateintelligat.
848 1030 940 1102 Quod
950 1030 976 1091 si
985 1029 1053 1091 istic
1064 1028 1203 1089 transitus
1212 1034 1380 1107 negaretur,
1389 1022 1548 1105 spondet

327 1126 537 1190 Wimarisnsis
552 1129 636 1203 Dux,
649 1146 681 1187 se
693 1146 763 1187 cum
777 1145 898 1186 suorum
910 1126 1040 1186 militum
1054 1124 1136 1185 salvo
1149 1123 1299 1185 conductu
1310 1120 1476 1195 facturum,
1496 1128 1547 1179 ut

328 1222 429 1285 omnis
445 1224 659 1303 impedimenta
672 1220 755 1281 salvs
767 1219 988 1302 Offeuburgum
999 1220 1195 1294 deducuntur,
1209 1227 1240 1279 et
1248 1238 1304 1298 pro
1315 1217 1429 1298 majore
1448 1235 1544 1276 cau-
1602 1212 1603 1293 l

328 1317 387 1379 telis
398 1339 452 1379 scu
464 1318 621 1379 securitate
634 1316 751 1377 obsides
764 1316 849 1377 dabit
864 1315 946 1377 dicto
961 1316 1106 1377 Reinach.
1602 1316 1603 1319 ’

368 1415 409 1475 V.
429 1412 611 1493 Transiugss
622 1412 669 1473 his
684 1412 778 1491 pactis
792 1410 966 1491 neutiquam
980 1411 1120 1473 concludi
1138 1410 1205 1471 vult
1220 1409 1304 1483 Dux,
1324 1406 1378 1469 ssd
1392 1426 1444 1469 sos
1460 1407 1539 1469 sibi
1602 1458 1603 1499 t

328 1508 427 1584 reddi,
436 1508 488 1587 qui
497 1507 567 1568 νεεδ
576 1508 656 1588 cepti
664 1504 1534 1589 duranteobsidioncsdpartosCessaresssetranstulcrunt,
1602 1520 1603 1555 1

329 1602 367 1664 iis
381 1602 508 1663 liberum
522 1603 579 1663 crit
591 1603 640 1664 vel
652 1603 761 1665 morari
776 1622 846 1663 cum
860 1600 919 1661 illis
932 1622 1002 1663 oum
1015 1602 1123 1683 quibus
1136 1611 1215 1678 suut,
1228 1601 1276 1661 vel
1290 1602 1330 1663 ad
1341 1621 1373 1662 se
1386 1600 1515 1663 reverti.

370 1697 430 1758 VI.
452 1696 646 1779 obligabitur
653 1700 720 1779 jam
732 1718 812 1779 saepe
825 1698 996 1759 nominatus
1011 1698 1093 1759 Baro
1105 1698 1144 1759 de
1157 1696 1305 1772 Rcinuoh,
1319 1696 1413 1759 uthis
1425 1696 1533 1775 puetis

330 1792 479 1855 conclusis
491 1793 613 1854 mandet
625 1794 702 1854 serid
716 1792 938 1855 commendanti
951 1794 983 1855 in
999 1794 1187 1869 Landskron,
1199 1802 1235 1855 ut
1244 1812 1343 1855 arcem
1356 1790 1534 1853 illsm'Wi·
1602 1808 1603 1811 ’

330 1888 469 1951 moriensi
482 1888 671 1951 Ducicedat.
716 1888 873 1953 Promittit
883 1891 954 1953 rerd
965 1891 1038 1951 Dux
1048 1910 1079 1951 se
1091 1890 1218 1951 militem
1226 1890 1293 1953 istic
1302 1888 1531 1969 praesidiarium

330 1984 379 2047 vel
392 1984 547 2066 Vilingam
559 1984 610 2046 rel
623 1983 856 2067 Offenburgum,
870 1988 952 2067 quod
965 1986 1087 2067 quidem
1098 1986 1161 2067 ipse
1170 1984 1299 2048 voluerit
1312 1982 1440 2059 salvum,
1456 1984 1528 2045 sine

332 2080 521 2141 ulluoffensa
534 2080 744 2141 deducturum.
1602 2038 1603 2133 l

372 2174 451 2235 VII.
478 2174 592 2235 Omnes
602 2175 714 2255 captivi
730 2185 793 2237 turn
807 2177 935 2249 BrisucI,
957 2196 1047 2257 quum
1064 2176 1096 2237 in
1118 2177 1294 2239 Landslsron
1311 2175 1436 2250 detenti,
1459 2175 1530 2237 sine

332 2269 402 2331 litro
414 2270 607 2331 restituantur
619 2270 770 2333 Winsario
779 2272 873 2334 DuoI.
902 2272 1067 2335 Pollicetur
1080 2273 1215 2335 slmiliter
1224 2273 1307 2349 Dux,
1323 2292 1354 2334 se
1367 2272 1528 2352 utriusque

333 2367 395 2429 loci
407 2367 541 2449 captivos
554 2367 758 2428 remissurum.

376 2462 477 2524 VIII.
501 2462 689 2524 Officislibus
699 2463 754 2544 qui
763 2485 811 2526 res
824 2463 960 2544 politices
973 2484 1026 2529 seu
1039 2465 1174 2527 Gamerae
1191 2463 1449 2540 administrarant,
1472 2484 1529 2526 seu

334 2559 387 2639 qui
401 2559 439 2620 de
450 2557 597 2639 regimine
613 2558 774 2620 Austriaco
789 2569 859 2620 ante
875 2559 930 2620 hac
938 2559 1069 2635 fuerunt,
1083 2569 1149 2640 post
1158 2560 1297 2622 bimestre
1305 2560 1439 2642 spacium
1448 2560 1528 2622 lihe-

335 2675 403 2716 rum
413 2654 470 2716 erit
479 2653 538 2714 alio
548 2653 755 2735 commigrare,
764 2653 885 2715 interim
896 2664 995 2716 tamen
1004 2675 1063 2716 non
1072 2665 1188 2716 tantum
1196 2665 1263 2716 scta
1269 2655 1529 2736 scriptsueomnia

337 2749 466 2810 fideliter
477 2748 613 2830 reddent,
623 2749 677 2810 sed
686 2757 716 2809 et
725 2749 919 2810 sufficientem
931 2750 1154 2812 instructionem
1164 2753 1204 2813 ud
1213 2751 1415 2833 cognitionem
1423 2772 1527 2812 rerum

337 2845 483 2920 omnium,
497 2845 535 2906 iis
545 2865 620 2924 quos
631 2845 704 2904 Dux
712 2845 924 2926 designaverit,
934 2846 1054 2908 facient.
1078 2846 1168 2908 Unde
1176 2856 1206 2908 et
1215 2847 1393 2927 quibusdam
1403 2847 1528 2926 poradt-

336 2941 411 3003 titur
424 2949 458 3001 ut
470 2960 517 3000 res
530 2960 597 3000 suas
612 2939 671 3000 und
683 2959 754 3000 cum
766 2939 883 3020 reliquo
896 2941 1001 3014 milite,
1015 2941 1073 3003 ulid
1087 2942 1119 3002 in
1132 2943 1241 3004 tutiora
1255 2942 1321 3005 locu
1335 2943 1525 3004 transferant.

390 3025 451 3096 IX.
473 3035 529 3098 Nil
551 3055 653 3096 eorum
675 3035 863 3116 scriptorum,
881 3035 1034 3112 librorum,
1056 3038 1109 3099 dcc.
1133 3058 1200 3119 quae
1223 3040 1263 3101 ad
1283 3039 1527 3120 Rempublicam,

340 3130 562 3210 Magistratum,
577 3123 805 3203 cancellariam,
825 3131 992 3208 Comatam,
1009 3133 1145 3196 ordinem
1162 3135 1362 3211 Teloniorum,
1381 3135 1527 3197 Rationes

340 3227 395 3286 loc.
410 3234 554 3304 spectant,
567 3226 732 3301 violabunt,
748 3237 800 3289 sut
813 3229 919 3309 quotis
931 3231 1022 3291 modo
1030 3231 1220 3307 mutilabunt,
1229 3231 1397 3313 quominus
1408 3232 1526 3294 admin-

339 3319 453 3382 istratio
465 3341 565 3384 rerum
578 3319 719 3382 hacteuus
732 3318 858 3399 servata,
871 3325 1070 3388 administrati
1088 3329 1190 3408 possit.
1231 3326 1416 3390 Conceditur
1426 3337 1525 3390 nmen

342 3415 485 3478 Generull
498 3416 537 3478 de
550 3417 698 3490 Reinach,
712 3428 747 3480 ut
756 3439 791 3480 ea
803 3420 914 3501 scriptu
926 3440 1028 3482 secum
1042 3433 1186 3504 exportet,
1201 3445 1269 3504 qne
1278 3423 1380 3486 abillo
1392 3432 1524 3504 tempora

341 3532 402 3594 quo
417 3510 480 3593 ipse
496 3511 556 3574 fuit
571 3513 768 3590 Gubernator,
782 3514 918 3578 bellicam
931 3517 1142 3598 provisionem,
1162 3529 1339 3584 thumum
1353 3518 1525 3600 aliquasque

341 3619 477 3692 sumptus
488 3607 631 3672 militares
642 3621 838 3674 concernunt.
