3225 4700
377 349 681 418 BENEVOLO
714 350 974 419 LECTORI.
1203 350 1264 415 301

73 498 150 558 dum
171 507 268 560 sector
287 499 320 560 in
337 499 502 564 calumnias
520 503 614 565 incidi
631 521 745 579 sorum,
764 503 874 584 quibus
892 502 990 585 profui
1005 503 1165 586 plurimum
1184 502 1269 563 obsni

71 615 250 676 numquam.
293 596 379 668 Quid
392 602 480 662 tum?
501 599 629 662 solennis
642 599 692 660 bic
705 609 750 662 est
761 599 881 662 virtutis
894 599 988 682 agari,
1003 601 1034 661 in
1048 620 1109 681 quo
1117 602 1183 682 jem
1197 599 1268 674 inde

70 711 91 751 s
109 693 210 772 primo
227 693 308 756 orbis
326 693 448 756 exordio
467 695 665 778 praeluserunt
681 697 817 759 veritatis
832 705 1076 780 propugnatores,
1094 698 1188 780 pressi
1201 696 1270 776 qui·

71 787 158 864 dem,
172 788 226 850 sed
238 808 384 870 nusquam
399 791 542 872 oppressi,
556 799 614 852 stet
625 790 715 852 firmo
732 791 810 872 pede
827 791 961 854 radicets
978 792 1069 854 semel
1087 793 1195 874 sepius
1212 792 1269 853 im·

70 892 210 965 pugnata
234 885 352 962 veritus,
375 905 432 947 neo
453 887 587 948 adversis
605 895 763 950 ventorum
786 888 956 949 turbinibus
975 888 1104 971 impulse
1122 898 1267 951 movetur.

72 979 176 1061 Cujus
189 979 356 1042 comtantia
367 982 522 1043 roboratur
534 981 665 1044 calamus
677 983 718 1044 ud
730 983 848 1044 tertiam
863 983 1036 1046 Historiolae
1048 1004 1123 1046 mese
1135 985 1270 1066 partitio

71 1095 148 1137 nem
161 1073 288 1138 fidenter
301 1077 420 1139 ucoedit
432 1077 464 1138 in
478 1097 538 1158 qua
549 1087 633 1160 gesta
644 1079 683 1139 eb
696 1081 788 1139 Anno
802 1079 975 1142 Christiano
992 1080 1146 1162 trigesimo
1161 1090 1269 1144 octevo

72 1192 169 1254 snprs
191 1171 398 1234 millensimum
424 1174 668 1236 sexcentesimum
688 1177 728 1238 sd
754 1195 868 1237 annum
890 1195 985 1256 nsque
1006 1175 1268 1258 quadragesimum

71 1268 217 1348 quintum
236 1277 305 1349 post
320 1269 502 1330 sedecimum
524 1268 667 1331 seculum
688 1270 939 1343 commemorabo,
961 1271 1114 1332 succincto
1133 1271 1266 1350 quidem,

73 1375 225 1446 quantum
237 1365 376 1448 temporis
389 1384 548 1447 rerumque
557 1366 634 1428 retio
646 1366 784 1449 patietur,
798 1368 853 1429 sed
865 1367 995 1430 candido
1007 1366 1094 1448 stylo.
1136 1367 1227 1439 Quod
1240 1368 1267 1429 si

75 1463 145 1544 quis
159 1471 266 1544 arguat
277 1461 416 1544 vulgares
429 1481 477 1524 me
491 1481 538 1524 res
551 1471 581 1524 et
593 1463 658 1524 orbi
676 1463 845 1525 notissimas
861 1483 1108 1536 commemorem
1128 1463 1222 1525 fateor
1234 1464 1268 1527 id
1312 1463 1317 1474 '

75 1559 228 1639 equidem,
244 1557 270 1619 si
280 1557 319 1619 ds
332 1557 449 1639 populis
462 1565 492 1620 et
503 1558 673 1620 notionibus
686 1578 782 1621 sermo
795 1559 835 1621 sit
852 1559 905 1640 qui
921 1569 1024 1622 nostro
1040 1559 1153 1621 climuti
1165 1561 1266 1642 subja-

74 1663 156 1715 cent
198 1653 271 1715 Non
284 1653 356 1716 item
368 1653 422 1734 qui
434 1653 591 1715 remotiore
608 1654 640 1715 in
656 1655 727 1716 orbe
745 1663 902 1717 versantur
913 1654 1021 1734 quibus
1039 1676 1123 1718 mens
1135 1657 1268 1719 calamus

75 1750 204 1832 perinde
217 1749 317 1811 servit
358 1749 524 1811 Scribimus
533 1749 598 1811 hmo
608 1769 681 1812 serae
691 1750 854 1832 posteritati
863 1750 903 1812 erl
912 1749 1109 1812 imitationem
1119 1752 1266 1833 majomm

75 1857 259 1919 nostrorum,
280 1847 334 1928 qui
356 1846 493 1908 historias
516 1865 570 1907 suo
590 1867 656 1908 aevo
675 1847 843 1908 notissimus
861 1846 1064 1908 subsecuturis
1085 1848 1267 1927 temporibus

75 1943 263 2025 antiquitatis
280 1942 387 2004 faciem
403 1950 549 2003 vetustate
566 1941 793 2004 oblittersndsm
811 1949 943 2024 repetere
959 1939 1137 2016 volentibus,
1157 1942 1267 2023 scripto

75 2043 257 2123 expresstre.
296 2038 397 2100 Nemo
408 2037 535 2100 miretur
547 2037 636 2100 flores
649 2048 792 2100 vernante
805 2059 885 2100 enno
893 2038 946 2119 qui
956 2038 1073 2120 copiam
1082 2039 1265 2120 protuberat,

77 2137 188 2218 volupe
201 2147 300 2198 nmen
313 2135 451 2196 omuibus
464 2143 508 2196 est
520 2133 602 2196 floris
613 2135 815 2196 emortuum
825 2143 958 2215 spectare
967 2133 1070 2196 adulti
1077 2134 1194 2214 hyeme.
1231 2133 1265 2198 si

78 2234 148 2316 quis
161 2233 236 2294 forts
249 2231 337 2310 hujus
349 2229 490 2312 temporis
503 2239 595 2313 gesta,
610 2230 659 2292 vel
672 2232 782 2294 otiosus
795 2239 943 2312 spectator
953 2230 1002 2292 vel
1012 2230 1174 2292 laboriosus
1183 2239 1266 2306 ector

77 2340 203 2393 nauseat
217 2327 299 2392 velut
311 2327 382 2390 trite
394 2335 425 2390 et
437 2326 534 2404 obvia,
549 2325 599 2389 ille
610 2326 766 2410 nepotibus
775 2326 837 2389 suis
846 2345 927 2389 seros
935 2335 1104 2407 mannos
1117 2327 1266 2390 exactoris

78 2434 111 2489 et
122 2434 252 2503 nostram
266 2423 453 2507 diligentiam
466 2423 676 2485 desidereturis
693 2422 965 2487 lucubratiunculas
981 2433 1096 2485 nostros
1112 2443 1172 2484 non
1186 2423 1264 2486 invi·

79 2524 160 2585 deut.
202 2516 320 2593 Quibus
332 2522 357 2581 si
370 2520 442 2581 olim
455 2518 605 2602 placuero,
617 2519 751 2601 precium
763 2538 862 2599 opere
875 2538 951 2581 meoe
960 2518 1063 2581 fecisse
1075 2518 1263 2597 existimab03

78 2618 305 2699 sidisplicnero,
316 2617 414 2679 leudis
420 2616 595 2679 existimabo
604 2613 759 2677 cumulum
769 2634 807 2675 ex
816 2613 928 2696 optimb
937 2613 1089 2677 voluntate
1098 2612 1165 2676 mel
1172 2615 1265 2697 scrip·

79 2714 157 2776 tioni
169 2714 240 2775 huic
253 2712 417 2775 secessime.
448 2710 518 2773 Hoc
532 2711 667 2791 estquod
677 2718 707 2771 te
719 2708 855 2772 volebnm
869 2708 997 2771 mndide
1008 2710 1113 2771 lector.
1142 2709 1192 2773 Do
1205 2730 1265 2773 cse-

80 2821 145 2873 tcro
158 2809 213 2873 tibi
224 2826 344 2872 omnem
356 2806 536 2871 faustitatem
549 2805 638 2889 pleno
651 2802 760 2867 affectu
768 2824 921 2886 upprecor.
947 2804 1064 2870 Viveet
1072 2804 1158 2869 Vale.
