3225 4700
350 337 416 402 tut
743 325 1168 396 ITINERARIUM.

353 488 602 561 accommodatas,
620 506 691 548 cum
708 483 849 547 omuibus
864 482 926 545 fere
940 482 1165 564 impedimentis
1181 502 1216 544 ao
1230 491 1398 544 commeatu
1412 482 1560 544 obtinuit.

355 587 471 649 Eadem
485 585 643 647 occasione
656 583 748 646 etiam
763 581 952 643 Meritorium
965 580 1207 642 Florentiuorum
1218 579 1357 662 potestati
1367 601 1397 641 se
1407 578 1562 660 permisit.

395 684 581 757 Quaerebant
593 680 741 764 pontificii
760 679 1016 760 opportunitatem
1028 678 1067 740 de
1083 676 1167 740 hoste
1180 697 1236 740 suo
1248 697 1280 738 se
1294 675 1473 738 vindicandi
1489 695 1561 756 quae

353 782 425 843 sane
439 801 500 841 non
515 780 569 840 diu
585 779 700 840 abfuit:
721 777 857 838 exierant
873 775 1040 836 Florentini
1057 774 1159 836 nescio
1175 775 1379 856 cujusductu,
1392 785 1427 836 ut
1439 773 1562 834 molen·

353 879 460 940 diuum
474 875 599 955 aliquod
612 875 695 955 quod
711 873 905 936 Montecorni
918 873 1081 943 visebatur,
1095 872 1258 935 diruerent.
1301 871 1393 944 Quod
1407 881 1443 932 ut
1457 871 1563 952 ponti·

352 972 416 1033 ficii
436 972 640 1052 explorarunt,
657 991 728 1032 cum
744 989 905 1032 numeroso
926 969 1021 1030 milite
1039 969 1194 1031 irruerunt
1208 991 1244 1030 sc
1261 979 1417 1030 sexcentos
1434 970 1563 1030 circiter

352 1079 554 1150 peremerunt,
569 1069 752 1149 quingentos
763 1067 835 1128 verb
849 1067 923 1127 alios
937 1067 967 1126 in
983 1065 1105 1128 vincula
1119 1066 1277 1141 dederunt,
1292 1087 1329 1128 ex
1345 1078 1412 1128 octo
1430 1067 1562 1148 iusuper

352 1166 610 1246 tormentisque
632 1164 799 1227 Florentiui
820 1163 1020 1238 adduxerant,
1034 1163 1227 1226 medietatem
1241 1164 1364 1226 omuino
1385 1165 1558 1246 intercepe-

352 1273 433 1324 runt.

392 1359 459 1421 Nec
469 1359 628 1440 iniquiore,
638 1358 773 1420 feliciore
786 1358 858 1418 saue
868 1355 970 1418 Marte
981 1365 1158 1438 pugnarunt
1166 1356 1251 1419 Galli
1264 1358 1304 1419 ad
1315 1356 1535 1418 Pontesturam
1548 1380 1557 1417 :

352 1465 507 1538 postquam
521 1455 603 1516 enim
618 1454 744 1516 Octobri
758 1475 860 1516 meuse
874 1453 956 1515 hunc
969 1453 1079 1524 locum,
1090 1473 1162 1516 oum
1173 1453 1316 1515 tredecim
1329 1453 1456 1516 millium
1469 1475 1561 1516 exer·

351 1554 414 1614 citu
435 1553 599 1614 cinxissent
618 1563 649 1613 et
667 1563 817 1614 tormenta
836 1551 967 1613 sedecim
989 1561 1034 1612 ter
1056 1551 1186 1633 gemnis
1206 1552 1315 1633 spaciis
1335 1551 1560 1624 discurrissent,

350 1649 484 1710 maximi
495 1650 616 1724 virtute,
629 1649 819 1712 etcontiuais
829 1657 1046 1710 tormentorum
1058 1647 1236 1729 impulsibus
1246 1649 1363 1711 connisi
1372 1660 1446 1711 suut
1453 1651 1560 1731 primo

352 1766 473 1827 quoque
488 1758 621 1827 ternpore
637 1748 822 1808 deditionem
842 1765 1013 1827 procurare,
1027 1745 1171 1806 videbant
1188 1746 1269 1807 euim
1290 1746 1362 1808 verb
1378 1747 1484 1827 quanti
1499 1769 1561 1808 sua

352 1843 517 1914 interesset,
529 1855 564 1904 ut
576 1844 689 1904 securis
702 1843 806 1905 liceret
821 1843 998 1914 Taurinum,
1018 1843 1183 1914 Cassalam,
1199 1854 1231 1904 et
1244 1843 1305 1904 alia
1322 1845 1437 1905 circum
1450 1844 1561 1905 vicina

350 1939 419 2000 loce
437 1959 615 2002 commeare.
657 1941 725 2001 Nec
742 1943 824 2002 uerte
838 1941 972 2002 consiliis
986 1940 1082 2002 defuit
1099 1940 1230 2016 fortuna,
1245 1941 1324 2002 iutra
1343 1961 1455 2021 paucos
1468 1941 1560 2001 enim

350 2036 417 2098 dies
426 2037 466 2097 sd
477 2037 556 2117 ipsus
567 2057 661 2118 usque
671 2037 765 2098 fossas
780 2047 984 2118 penetrarunt,
999 2047 1089 2119 atque
1102 2037 1173 2098 hinc
1187 2037 1282 2099 latum
1297 2059 1350 2119 per
1361 2038 1473 2099 moeuis
1487 2040 1561 2100 adi·

351 2143 418 2195 tum
431 2134 633 2214 adpsrusrunt
645 2134 689 2195 ita
702 2145 736 2194 ut
748 2134 859 2196 obsessi
873 2135 935 2197 suis
947 2135 1064 2196 viribus
1077 2135 1179 2209 diffisi,
1195 2135 1226 2196 iu
1240 2155 1339 2196 amem
1358 2156 1390 2198 se
1408 2135 1562 2215 colligere
1600 2143 1601 2160 ¹

351 2230 449 2291 coacti
468 2229 589 2291 fuerint.
634 2230 699 2291 Ubi
717 2231 856 2311 equidem
878 2252 940 2293 non
959 2231 1105 2294 defuisset
1120 2232 1239 2294 animus
1261 2231 1408 2313 Hispanis
1425 2231 1563 2293 viriliter
1600 2231 1601 2278 l

351 2347 441 2409 porro
451 2327 626 2399 obsistendi,
638 2328 729 2389 modb
742 2327 792 2389 vel
804 2327 957 2391 levissima
970 2328 1099 2391 subsidii
1111 2349 1178 2411 spes
1191 2327 1361 2406 affulsisset,
1375 2349 1465 2410 quern
1481 2329 1563 2411 quia

350 2426 470 2506 penitus
489 2426 645 2487 evanuisse
666 2425 810 2496 sciebant,
825 2446 893 2487 cum
916 2425 1016 2488 Gallis
1037 2428 1159 2489 taudem
1178 2427 1291 2508 pacisci
1309 2448 1341 2487 se
1354 2425 1557 2489 resolverunt.

352 2522 566 2603 Sedquoniam
577 2533 663 2603 pacta
672 2533 877 2603 protraxerant
886 2523 1014 2593 diutule,
1024 2523 1200 2585 immitiores
1209 2532 1383 2604 repererunt
1392 2520 1556 2583 Gallorum

350 2618 530 2693 voluntates,
546 2639 602 2679 nec
615 2620 697 2680 enim
711 2620 794 2681 aliud
810 2621 969 2702 impetrare
984 2629 1155 2702 potuerunt,
1169 2620 1261 2701 quam
1278 2630 1312 2682 ut
1327 2640 1398 2682 cum
1412 2618 1483 2680 solis
1497 2642 1554 2681 eu·

249 2752 256 2760 ·
350 2714 434 2776 sibus
456 2714 681 2796 egrederentur.
723 2716 915 2798 Repererunt
943 2718 1133 2781 Pontesturae
1154 2718 1283 2779 viatores
1306 2716 1469 2779 duodecim
1490 2728 1555 2777 tor-

353 2824 454 2873 menta
467 2814 656 2893 campestris,
670 2814 801 2875 ducenta
812 2814 935 2896 pulvere
950 2816 1059 2877 referta
1069 2815 1209 2888 vasa,.bis
1223 2813 1305 2875 mille
1315 2813 1420 2896 globos
1430 2814 1556 2885 ferreos,

349 2919 551 2969 commeatum
563 2909 593 2970 in
605 2920 734 2990 quatuor
744 2930 861 2972 menses
869 2911 1076 2985 sufficientem,
1086 2912 1195 2973 exinde
1204 2932 1235 2973 se
1245 2910 1328 2973 Galli
1341 2910 1491 2992 bipartitis
1499 2932 1554 2993 ag·

351 3004 483 3065 minibus
491 3004 670 3080 diviserunt,
681 3027 750 3087 pars
757 3007 881 3086 quidem
886 3007 979 3069 aliam
986 3008 1172 3069 obsidionem
1178 3007 1282 3069 molita
1289 3018 1344 3081 est,
1354 3028 1423 3088 pars
1430 3009 1502 3069 verb
1510 3008 1553 3069 ad

349 3101 468 3183 praedas
478 3122 531 3184 per
542 3102 803 3165 Mediolanensem
815 3114 845 3167 et
856 3104 1076 3167 Navarreusem
1092 3105 1275 3178 districtum,
1286 3125 1369 3165 more
1382 3104 1506 3167 militari
1518 3126 1552 3165 se
1597 3166 1598 3181 q

1554 14 1601 220 l

1586 342 1592 418 ι

349 3197 468 3261 effudit.
511 3199 764 3281 Gallicsquoque
778 3201 810 3261 iu
824 3201 1089 3264 Catalauuiscum
1104 3202 1250 3284 Hispanis
1263 3202 1388 3263 dissidia
1401 3202 1553 3263 ferventer
1593 3244 1597 3271 .

349 3296 525 3357 continuata
537 3308 609 3358 sunt
658 3297 868 3360 Numerabaut
881 3297 908 3358 in
924 3319 979 3359 suo
992 3299 1125 3361 exercitu
1141 3299 1273 3380 Hispani
1287 3320 1395 3361 novem
1413 3300 1551 3379 peditum

348 3401 380 3453 et
394 3394 452 3453 triu
466 3393 600 3473 equitum
615 3415 677 3455 uon
692 3394 822 3476 amplius
842 3396 948 3471 millia,
964 3416 1034 3457 oum
1055 3397 1165 3476 quibus
1186 3395 1414 3477 Balsquierium
1428 3408 1550 3459 tentare

348 3490 578 3565 constituerant,
595 3490 644 3551 fisi
661 3490 745 3555 Galli
765 3493 925 3574 cujusdam
942 3493 1047 3555 militis
1064 3493 1163 3556 serbis
1182 3513 1252 3555 cum
1268 3512 1329 3572 quo
1346 3494 1547 3575 proditionem

348 3587 534 3670 pepigerunt.
576 3589 618 3650 Et
631 3589 703 3652 licet
714 3590 765 3651 hic
783 3604 852 3653 ante
867 3591 928 3673 ipse
947 3590 1083 3670 proditus
1097 3589 1198 3663 fuerit,
1212 3600 1243 3651 et
1256 3590 1287 3651 in
1302 3589 1426 3653 vincula
1438 3590 1547 3671 impor-

347 3683 420 3743 tune
434 3684 597 3765 conjectus,
609 3688 699 3765 quam
715 3706 762 3747 res
774 3684 915 3748 effectum
929 3686 1096 3762 sortiretur,
1111 3694 1210 3748 tamen
1220 3686 1370 3770 progressi
1380 3698 1462 3751 sunt.
1484 3689 1546 3751 Sed

1586 3796 1596 3855 t
