<?xml version="1.0" encoding="UTF-8"?>
<!DOCTYPE html PUBLIC "-//W3C//DTD XHTML 1.0 Transitional//EN"
    "http://www.w3.org/TR/xhtml1/DTD/xhtml1-transitional.dtd">
<html xmlns="http://www.w3.org/1999/xhtml" xml:lang="en" lang="en">
 <head>
  <title>
</title>
<meta http-equiv="Content-Type" content="text/html;charset=utf-8" />
  <meta name='ocr-system' content='tesseract 3.04.00' />
  <meta name='ocr-capabilities' content='ocr_page ocr_carea ocr_par ocr_line ocrx_word'/>
</head>
<body>
  <div class='ocr_page' id='page_1' title='image "./itinerariumthom00kerngoog_0060.png"; bbox 0 0 3225 4700; ppageno 0'>
   <div class='ocr_carea' id='block_1_1' title="bbox 1480 786 2212 863">
    <p class='ocr_par' dir='ltr' id='par_1_1' title="bbox 1480 786 2212 863">
     <span class='ocr_line' id='line_1_1' title="bbox 1480 786 2212 863; baseline 0.001 -2"><span class='ocrx_word' id='word_1_1' title='bbox 1480 786 1898 862; x_wconf 89' lang='lat' dir='ltr'>CAPUT</span> <span class='ocrx_word' id='word_1_2' title='bbox 1967 788 2212 863; x_wconf 89' lang='lat' dir='ltr'><strong>VIII.</strong></span> 
     </span>
    </p>
   </div>
   <div class='ocr_carea' id='block_1_2' title="bbox 687 1013 3051 1209">
    <p class='ocr_par' dir='ltr' id='par_1_2' title="bbox 687 1013 3051 1209">
     <span class='ocr_line' id='line_1_2' title="bbox 687 1013 3051 1108; baseline 0.003 -32"><span class='ocrx_word' id='word_1_3' title='bbox 687 1013 938 1080; x_wconf 77' lang='lat' dir='ltr'>Butleri</span> <span class='ocrx_word' id='word_1_4' title='bbox 966 1028 1110 1083; x_wconf 77' lang='lat' dir='ltr'>ante</span> <span class='ocrx_word' id='word_1_5' title='bbox 1145 1015 1400 1082; x_wconf 81' lang='lat' dir='ltr'>Obitum</span> <span class='ocrx_word' id='word_1_6' title='bbox 1428 1018 1673 1084; x_wconf 72' lang='lat' dir='ltr'>heroica</span> <span class='ocrx_word' id='word_1_7' title='bbox 1713 1018 1921 1084; x_wconf 84' lang='lat' dir='ltr'>Facta</span> <span class='ocrx_word' id='word_1_8' title='bbox 1950 1029 2010 1084; x_wconf 83' lang='lat' dir='ltr'>et</span> <span class='ocrx_word' id='word_1_9' title='bbox 2039 1019 2289 1107; x_wconf 77' lang='lat' dir='ltr'>egregia</span> <span class='ocrx_word' id='word_1_10' title='bbox 2318 1042 2467 1108; x_wconf 84' lang='lat' dir='ltr'>erga</span> <span class='ocrx_word' id='word_1_11' title='bbox 2504 1018 2802 1085; x_wconf 74' lang='lat' dir='ltr'>Coesarem</span> <span class='ocrx_word' id='word_1_12' title='bbox 2837 1017 3051 1083; x_wconf 67' lang='lat' dir='ltr'>Ftdes.</span> 
     </span>
     <span class='ocr_line' id='line_1_3' title="bbox 946 1117 2767 1209; baseline 0.001 -26"><span class='ocrx_word' id='word_1_13' title='bbox 946 1117 1229 1183; x_wconf 64' lang='lat' dir='ltr'>Maxim&amp;</span> <span class='ocrx_word' id='word_1_14' title='bbox 1253 1119 1400 1184; x_wconf 74' lang='lat' dir='ltr'>ver-d</span> <span class='ocrx_word' id='word_1_15' title='bbox 1427 1143 1560 1206; x_wconf 62' lang='grc' dir='ltr'>φησι</span> <span class='ocrx_word' id='word_1_16' title='bbox 1592 1119 1999 1207; x_wconf 76' lang='lat' dir='ltr'>Francqfurti</span> <span class='ocrx_word' id='word_1_17' title='bbox 2025 1122 2113 1185; x_wconf 87' lang='lat' dir='ltr'>ad</span> <span class='ocrx_word' id='word_1_18' title='bbox 2142 1119 2412 1186; x_wconf 81' lang='lat' dir='ltr'>Oderam</span> <span class='ocrx_word' id='word_1_19' title='bbox 2441 1119 2767 1209; x_wconf 54' lang='lat' dir='ltr'>contigere.</span> 
     </span>
    </p>
   </div>
   <div class='ocr_carea' id='block_1_3' title="bbox 684 1304 1117 1590">
    <p class='ocr_par' dir='ltr' id='par_1_3' title="bbox 684 1304 1117 1590">
     <span class='ocr_line' id='line_1_4' title="bbox 684 1304 1117 1590; baseline 0 -36"><span class='ocrx_word' id='word_1_20' title='bbox 684 1304 1117 1590; x_wconf 95' lang='lat' dir='ltr'>   </span> 
     </span>
    </p>
   </div>
   <div class='ocr_carea' id='block_1_4' title="bbox 936 1312 3054 1577">
    <p class='ocr_par' dir='ltr' id='par_1_4' title="bbox 936 1312 3054 1551">
     <span class='ocr_line' id='line_1_5' title="bbox 936 1312 3054 1480; baseline 0.002 -56.2"><span class='ocrx_word' id='word_1_21' title='bbox 936 1312 1185 1480; x_wconf 56' lang='grc' dir='ltr'><em>ᾗ</em></span> <span class='ocrx_word' id='word_1_22' title='bbox 1209 1367 1632 1440; x_wconf 79' lang='lat' dir='ltr'><strong>OSTQUAM</strong></span> <span class='ocrx_word' id='word_1_23' title='bbox 1667 1390 1741 1431; x_wconf 63' lang='grc' dir='ltr'>ει</span> <span class='ocrx_word' id='word_1_24' title='bbox 1776 1369 2011 1452; x_wconf 70' lang='lat' dir='ltr'>legione</span> <span class='ocrx_word' id='word_1_25' title='bbox 2044 1370 2282 1432; x_wconf 72' lang='lat' dir='ltr'>Butleri</span> <span class='ocrx_word' id='word_1_26' title='bbox 2323 1369 2769 1432; x_wconf 65' lang='lat' dir='ltr'>mustrissimus</span> <span class='ocrx_word' id='word_1_27' title='bbox 2809 1365 3054 1447; x_wconf 75' lang='lat' dir='ltr'>Tynius</span> 
     </span>
     <span class='ocr_line' id='line_1_6' title="bbox 1089 1463 3052 1577; baseline -0.014 -25.386"><span class='ocrx_word' id='word_1_28' title='bbox 1089 1472 1169 1548; x_wconf 53' lang='grc' dir='ltr'>ἰθ</span> <span class='ocrx_word' id='word_1_29' title='bbox 1243 1484 1444 1524; x_wconf 83' lang='lat' dir='ltr'>secum</span> <span class='ocrx_word' id='word_1_30' title='bbox 1471 1465 1724 1526; x_wconf 81' lang='lat' dir='ltr'>abduxit</span> <span class='ocrx_word' id='word_1_31' title='bbox 1748 1467 1899 1527; x_wconf 88' lang='lat' dir='ltr'>duos</span> <span class='ocrx_word' id='word_1_32' title='bbox 1925 1466 2187 1528; x_wconf 88' lang='lat' dir='ltr'>militum</span> <span class='ocrx_word' id='word_1_33' title='bbox 2224 1466 2580 1577; x_wconf 79' lang='lat' dir='ltr'>manipulos,</span> <span class='ocrx_word' id='word_1_34' title='bbox 2611 1463 2823 1544; x_wconf 83' lang='lat' dir='ltr'><strong>reliqui</strong></span> <span class='ocrx_word' id='word_1_35' title='bbox 2856 1463 3052 1524; x_wconf 87' lang='lat' dir='ltr'>Fran-</span> 
     </span>
    </p>
   </div>
   <div class='ocr_carea' id='block_1_5' title="bbox 673 1577 3052 3746">
    <p class='ocr_par' dir='ltr' id='par_1_5' title="bbox 708 1577 3005 1805">
     <span class='ocr_line' id='line_1_7' title="bbox 944 1577 1117 1745; baseline 0 -136"><span class='ocrx_word' id='word_1_36' title='bbox 944 1577 1117 1745; x_wconf 49' lang='grc' dir='ltr'>Γ,</span> 
     </span>
     <span class='ocr_line' id='line_1_8' title="bbox 820 1577 3046 1805; baseline 0 -94"><span class='ocrx_word' id='word_1_37' title='bbox 820 1713 832 1725; x_wconf 30' lang='grc' dir='ltr'><strong><em>ᾗ</em></strong></span> <span class='ocrx_word' id='word_1_38' title='bbox 928 1577 1189 1805; x_wconf 52' lang='lat' dir='ltr'>Q</span> <span class='ocrx_word' id='word_1_39' title='bbox 1249 1651 1464 1726; x_wconf 81' lang='lat' dir='ltr'>relicti,</span> <span class='ocrx_word' id='word_1_40' title='bbox 1518 1651 1693 1713; x_wconf 59' lang='lat' dir='ltr'>{amis</span> <span class='ocrx_word' id='word_1_41' title='bbox 1745 1662 1807 1714; x_wconf 91' lang='lat' dir='ltr'>et</span> <span class='ocrx_word' id='word_1_42' title='bbox 1874 1653 2090 1714; x_wconf 82' lang='lat' dir='ltr'>inedioe</span> <span class='ocrx_word' id='word_1_43' title='bbox 2158 1653 2417 1735; x_wconf 84' lang='lat' dir='ltr'>perpessi</span> <span class='ocrx_word' id='word_1_44' title='bbox 2484 1663 2625 1713; x_wconf 83' lang='lat' dir='ltr'>sunt</span> <span class='ocrx_word' id='word_1_45' title='bbox 2676 1650 3046 1731; x_wconf 88' lang='lat' dir='ltr'>plurimum·</span> 
     </span>
    </p>

    <p class='ocr_par' dir='ltr' id='par_1_6' title="bbox 673 1741 3052 3746">
     <span class='ocr_line' id='line_1_9' title="bbox 688 1741 3051 1830; baseline 0.001 -24"><span class='ocrx_word' id='word_1_46' title='bbox 688 1776 690 1781; x_wconf 35' lang='lat' dir='ltr'>v</span> <span class='ocrx_word' id='word_1_47' title='bbox 752 1757 776 1785; x_wconf 68' lang='grc'>-’</span> <span class='ocrx_word' id='word_1_48' title='bbox 809 1769 812 1770; x_wconf 60' lang='grc'>’</span> <span class='ocrx_word' id='word_1_49' title='bbox 1035 1741 1105 1765; x_wconf 52' lang='lat'>&#39;³‘</span> <span class='ocrx_word' id='word_1_50' title='bbox 1244 1747 1460 1826; x_wconf 88' lang='lat' dir='ltr'>quibus</span> <span class='ocrx_word' id='word_1_51' title='bbox 1493 1758 1560 1809; x_wconf 90' lang='lat' dir='ltr'>ut</span> <span class='ocrx_word' id='word_1_52' title='bbox 1593 1752 1925 1830; x_wconf 72' lang='lat' dir='ltr'>opportune</span> <span class='ocrx_word' id='word_1_53' title='bbox 1972 1759 2340 1810; x_wconf 80' lang='lat' dir='ltr'>succurreret</span> <span class='ocrx_word' id='word_1_54' title='bbox 2380 1748 2687 1820; x_wconf 75' lang='lat' dir='ltr'>Butler-us,</span> <span class='ocrx_word' id='word_1_55' title='bbox 2726 1748 3051 1809; x_wconf 74' lang='lat' dir='ltr'>comitatus</span> 
     </span>
     <span class='ocr_line' id='line_1_10' title="bbox 678 1772 3048 1927; baseline 0.002 -27"><span class='ocrx_word' id='word_1_56' title='bbox 678 1772 1020 1922; x_wconf 84' lang='lat' dir='ltr'>vigiliarum</span> <span class='ocrx_word' id='word_1_57' title='bbox 1070 1841 1367 1904; x_wconf 82' lang='lat' dir='ltr'>Praefecto</span> <span class='ocrx_word' id='word_1_58' title='bbox 1407 1844 1487 1904; x_wconf 87' lang='lat' dir='ltr'>ad</span> <span class='ocrx_word' id='word_1_59' title='bbox 1526 1845 1812 1925; x_wconf 79' lang='lat' dir='ltr'>Tyllium,</span> <span class='ocrx_word' id='word_1_60' title='bbox 1848 1845 1956 1925; x_wconf 87' lang='lat' dir='ltr'>qui</span> <span class='ocrx_word' id='word_1_61' title='bbox 1999 1855 2142 1906; x_wconf 86' lang='lat' dir='ltr'>tunc</span> <span class='ocrx_word' id='word_1_62' title='bbox 2185 1844 2673 1927; x_wconf 83' lang='lat' dir='ltr'>Magdeburgum</span> <span class='ocrx_word' id='word_1_63' title='bbox 2716 1842 3048 1919; x_wconf 81' lang='lat' dir='ltr'>obsidebat,</span> 
     </span>
     <span class='ocr_line' id='line_1_11' title="bbox 678 1938 3052 2022; baseline 0.001 -25"><span class='ocrx_word' id='word_1_64' title='bbox 678 1938 978 2017; x_wconf 85' lang='lat' dir='ltr'>profectus</span> <span class='ocrx_word' id='word_1_65' title='bbox 1020 1946 1129 2009; x_wconf 88' lang='lat' dir='ltr'>est,</span> <span class='ocrx_word' id='word_1_66' title='bbox 1171 1939 1521 2020; x_wconf 77' lang='lat' dir='ltr'>monuitque</span> <span class='ocrx_word' id='word_1_67' title='bbox 1563 1941 1640 2000; x_wconf 89' lang='lat' dir='ltr'>de</span> <span class='ocrx_word' id='word_1_68' title='bbox 1682 1940 1981 2022; x_wconf 89' lang='lat' dir='ltr'>periculis,</span> <span class='ocrx_word' id='word_1_69' title='bbox 2018 1941 2313 2022; x_wconf 86' lang='lat' dir='ltr'>simulque</span> <span class='ocrx_word' id='word_1_70' title='bbox 2340 1940 2577 2022; x_wconf 79' lang='lat' dir='ltr'>rogavit</span> <span class='ocrx_word' id='word_1_71' title='bbox 2616 1948 2685 1999; x_wconf 87' lang='lat' dir='ltr'>ut</span> <span class='ocrx_word' id='word_1_72' title='bbox 2723 1950 2784 2000; x_wconf 91' lang='lat' dir='ltr'>et</span> <span class='ocrx_word' id='word_1_73' title='bbox 2821 1939 2959 2000; x_wconf 87' lang='lat' dir='ltr'>urbi</span> <span class='ocrx_word' id='word_1_74' title='bbox 2987 1950 3052 2000; x_wconf 89' lang='lat' dir='ltr'>et</span> 
     </span>
     <span class='ocr_line' id='line_1_12' title="bbox 678 2033 3049 2117; baseline 0.001 -25"><span class='ocrx_word' id='word_1_75' title='bbox 678 2033 859 2094; x_wconf 89' lang='lat' dir='ltr'>militi</span> <span class='ocrx_word' id='word_1_76' title='bbox 900 2033 1138 2095; x_wconf 63' lang='lat' dir='ltr'>annona</span> <span class='ocrx_word' id='word_1_77' title='bbox 1189 2045 1668 2096; x_wconf 79' lang='lat' dir='ltr'>succurreretur:</span> <span class='ocrx_word' id='word_1_78' title='bbox 1728 2036 1955 2097; x_wconf 89' lang='lat' dir='ltr'>interea</span> <span class='ocrx_word' id='word_1_79' title='bbox 2003 2037 2309 2098; x_wconf 77' lang='lat' dir='ltr'>Gustavus</span> <span class='ocrx_word' id='word_1_80' title='bbox 2354 2035 2671 2117; x_wconf 85' lang='lat' dir='ltr'>Adolphus</span> <span class='ocrx_word' id='word_1_81' title='bbox 2714 2036 3049 2096; x_wconf 80' lang='lat' dir='ltr'>Succorum</span> 
     </span>
     <span class='ocr_line' id='line_1_13' title="bbox 680 2126 3050 2212; baseline 0.002 -24"><span class='ocrx_word' id='word_1_82' title='bbox 680 2126 815 2188; x_wconf 85' lang='lat' dir='ltr'>Rex</span> <span class='ocrx_word' id='word_1_83' title='bbox 849 2131 1175 2191; x_wconf 85' lang='lat' dir='ltr'>exercitum</span> <span class='ocrx_word' id='word_1_84' title='bbox 1208 2151 1382 2192; x_wconf 87' lang='lat' dir='ltr'>suum</span> <span class='ocrx_word' id='word_1_85' title='bbox 1418 2131 1799 2193; x_wconf 85' lang='lat' dir='ltr'>Francofurti</span> <span class='ocrx_word' id='word_1_86' title='bbox 1837 2133 2133 2206; x_wconf 83' lang='lat' dir='ltr'>admovet,</span> <span class='ocrx_word' id='word_1_87' title='bbox 2173 2152 2313 2192; x_wconf 86' lang='lat' dir='ltr'>cum</span> <span class='ocrx_word' id='word_1_88' title='bbox 2367 2132 2560 2212; x_wconf 84' lang='lat' dir='ltr'>pridie</span> <span class='ocrx_word' id='word_1_89' title='bbox 2613 2133 2944 2212; x_wconf 70' lang='lat' dir='ltr'>opportune</span> <span class='ocrx_word' id='word_1_90' title='bbox 2986 2141 3050 2192; x_wconf 86' lang='lat' dir='ltr'>et</span> 
     </span>
     <span class='ocr_line' id='line_1_14' title="bbox 679 2224 3045 2308; baseline 0.001 -24"><span class='ocrx_word' id='word_1_91' title='bbox 679 2224 1060 2306; x_wconf 78' lang='lat' dir='ltr'>dispositione</span> <span class='ocrx_word' id='word_1_92' title='bbox 1101 2225 1278 2306; x_wconf 70' lang='lat' dir='ltr'>plane</span> <span class='ocrx_word' id='word_1_93' title='bbox 1313 2227 1521 2288; x_wconf 65' lang='lat' dir='ltr'>divina</span> <span class='ocrx_word' id='word_1_94' title='bbox 1549 2226 1983 2288; x_wconf 85' lang='lat' dir='ltr'>Mareschallus</span> <span class='ocrx_word' id='word_1_95' title='bbox 2018 2227 2094 2288; x_wconf 87' lang='lat' dir='ltr'>de</span> <span class='ocrx_word' id='word_1_96' title='bbox 2121 2226 2503 2288; x_wconf 85' lang='lat' dir='ltr'>Tieffenbach</span> <span class='ocrx_word' id='word_1_97' title='bbox 2535 2227 2832 2308; x_wconf 85' lang='lat' dir='ltr'>ingressus</span> <span class='ocrx_word' id='word_1_98' title='bbox 2867 2235 3045 2302; x_wconf 86' lang='lat' dir='ltr'>esset,</span> 
     </span>
     <span class='ocr_line' id='line_1_15' title="bbox 678 2320 3049 2404; baseline 0.001 -23"><span class='ocrx_word' id='word_1_99' title='bbox 678 2320 1105 2402; x_wconf 87' lang='lat' dir='ltr'>reperissetque</span> <span class='ocrx_word' id='word_1_100' title='bbox 1139 2321 1204 2384; x_wconf 87' lang='lat' dir='ltr'>in</span> <span class='ocrx_word' id='word_1_101' title='bbox 1229 2342 1300 2383; x_wconf 89' lang='lat' dir='ltr'>eo</span> <span class='ocrx_word' id='word_1_102' title='bbox 1339 2322 1617 2402; x_wconf 81' lang='lat' dir='ltr'>praesidio</span> <span class='ocrx_word' id='word_1_103' title='bbox 1646 2322 2296 2385; x_wconf 84' lang='lat' dir='ltr'>Vice-Mareschallum</span> <span class='ocrx_word' id='word_1_104' title='bbox 2329 2321 2760 2404; x_wconf 84' lang='lat' dir='ltr'>Thambrougk</span> <span class='ocrx_word' id='word_1_105' title='bbox 2792 2321 3049 2384; x_wconf 89' lang='lat' dir='ltr'>militem</span> 
     </span>
     <span class='ocr_line' id='line_1_16' title="bbox 677 2418 3046 2502; baseline 0.001 -25"><span class='ocrx_word' id='word_1_106' title='bbox 677 2418 823 2478; x_wconf 67' lang='lat' dir='ltr'>sane</span> <span class='ocrx_word' id='word_1_107' title='bbox 876 2418 1106 2479; x_wconf 84' lang='lat' dir='ltr'>meliori</span> <span class='ocrx_word' id='word_1_108' title='bbox 1148 2418 1382 2479; x_wconf 61' lang='lat' dir='ltr'>fortuna</span> <span class='ocrx_word' id='word_1_109' title='bbox 1424 2419 1867 2502; x_wconf 84' lang='lat' dir='ltr'>dignissimum,</span> <span class='ocrx_word' id='word_1_110' title='bbox 1904 2418 2245 2481; x_wconf 88' lang='lat' dir='ltr'>Colonellos</span> <span class='ocrx_word' id='word_1_111' title='bbox 2290 2418 2522 2479; x_wconf 91' lang='lat' dir='ltr'>Behem</span> <span class='ocrx_word' id='word_1_112' title='bbox 2561 2428 2621 2479; x_wconf 90' lang='lat' dir='ltr'>et</span> <span class='ocrx_word' id='word_1_113' title='bbox 2657 2418 3046 2494; x_wconf 83' lang='lat' dir='ltr'>Fernamont,</span> 
     </span>
     <span class='ocr_line' id='line_1_17' title="bbox 676 2513 3049 2596; baseline 0.001 -23"><span class='ocrx_word' id='word_1_114' title='bbox 676 2532 932 2592; x_wconf 87' lang='lat' dir='ltr'>quorum</span> <span class='ocrx_word' id='word_1_115' title='bbox 968 2514 1262 2575; x_wconf 85' lang='lat' dir='ltr'>exercitus</span> <span class='ocrx_word' id='word_1_116' title='bbox 1295 2516 1673 2576; x_wconf 79' lang='lat' dir='ltr'>excrescebat</span> <span class='ocrx_word' id='word_1_117' title='bbox 1709 2516 1789 2576; x_wconf 86' lang='lat' dir='ltr'>ad</span> <span class='ocrx_word' id='word_1_118' title='bbox 1820 2516 2028 2576; x_wconf 90' lang='lat' dir='ltr'>decem</span> <span class='ocrx_word' id='word_1_119' title='bbox 2067 2518 2251 2596; x_wconf 72' lang='lat' dir='ltr'>prope</span> <span class='ocrx_word' id='word_1_120' title='bbox 2295 2514 2504 2575; x_wconf 84' lang='lat' dir='ltr'>millia.</span> <span class='ocrx_word' id='word_1_121' title='bbox 2590 2513 2712 2586; x_wconf 82' lang='lat' dir='ltr'>Qui</span> <span class='ocrx_word' id='word_1_122' title='bbox 2766 2524 2833 2575; x_wconf 87' lang='lat' dir='ltr'>ut</span> <span class='ocrx_word' id='word_1_123' title='bbox 2874 2514 3049 2576; x_wconf 76' lang='lat' dir='ltr'>vide-</span> 
     </span>
     <span class='ocr_line' id='line_1_18' title="bbox 676 2608 3051 2692; baseline 0.001 -23"><span class='ocrx_word' id='word_1_124' title='bbox 676 2620 818 2670; x_wconf 88' lang='lat' dir='ltr'>runt</span> <span class='ocrx_word' id='word_1_125' title='bbox 848 2608 1174 2670; x_wconf 81' lang='lat' dir='ltr'>Succorum</span> <span class='ocrx_word' id='word_1_126' title='bbox 1203 2608 1435 2692; x_wconf 86' lang='lat' dir='ltr'>Regem</span> <span class='ocrx_word' id='word_1_127' title='bbox 1461 2610 1764 2691; x_wconf 85' lang='lat' dir='ltr'>applicare</span> <span class='ocrx_word' id='word_1_128' title='bbox 1791 2611 1927 2671; x_wconf 87' lang='lat' dir='ltr'>urbi</span> <span class='ocrx_word' id='word_1_129' title='bbox 1955 2611 2110 2672; x_wconf 79' lang='lat' dir='ltr'>vires</span> <span class='ocrx_word' id='word_1_130' title='bbox 2137 2631 2293 2685; x_wconf 82' lang='lat' dir='ltr'>suas,</span> <span class='ocrx_word' id='word_1_131' title='bbox 2325 2610 2663 2690; x_wconf 87' lang='lat' dir='ltr'>conjunctis</span> <span class='ocrx_word' id='word_1_132' title='bbox 2689 2609 2905 2670; x_wconf 86' lang='lat' dir='ltr'>animis</span> <span class='ocrx_word' id='word_1_133' title='bbox 2938 2632 3051 2691; x_wconf 89' lang='lat' dir='ltr'>per</span> 
     </span>
     <span class='ocr_line' id='line_1_19' title="bbox 677 2706 3049 2787; baseline 0 -21"><span class='ocrx_word' id='word_1_134' title='bbox 677 2706 884 2767; x_wconf 86' lang='lat' dir='ltr'>urbem</span> <span class='ocrx_word' id='word_1_135' title='bbox 912 2706 1376 2786; x_wconf 75' lang='lat' dir='ltr'>circumquaque</span> <span class='ocrx_word' id='word_1_136' title='bbox 1413 2707 1749 2768; x_wconf 85' lang='lat' dir='ltr'>diviserunt</span> <span class='ocrx_word' id='word_1_137' title='bbox 1782 2708 2034 2770; x_wconf 84' lang='lat' dir='ltr'>militem</span> <span class='ocrx_word' id='word_1_138' title='bbox 2062 2728 2259 2781; x_wconf 87' lang='lat' dir='ltr'>suum,</span> <span class='ocrx_word' id='word_1_139' title='bbox 2288 2707 2352 2767; x_wconf 90' lang='lat' dir='ltr'>in</span> <span class='ocrx_word' id='word_1_140' title='bbox 2380 2726 2499 2786; x_wconf 86' lang='lat' dir='ltr'>qua</span> <span class='ocrx_word' id='word_1_141' title='bbox 2537 2706 2851 2787; x_wconf 77' lang='lat' dir='ltr'>partitione</span> <span class='ocrx_word' id='word_1_142' title='bbox 2877 2706 3049 2766; x_wconf 76' lang='lat' dir='ltr'>wal-</span> 
     </span>
     <span class='ocr_line' id='line_1_20' title="bbox 676 2800 3047 2885; baseline 0.001 -23"><span class='ocrx_word' id='word_1_143' title='bbox 676 2801 843 2863; x_wconf 82' lang='lat' dir='ltr'>thero</span> <span class='ocrx_word' id='word_1_144' title='bbox 870 2800 1087 2863; x_wconf 88' lang='lat' dir='ltr'>Butler</span> <span class='ocrx_word' id='word_1_145' title='bbox 1117 2821 1255 2862; x_wconf 91' lang='lat' dir='ltr'>cum</span> <span class='ocrx_word' id='word_1_146' title='bbox 1292 2801 1527 2885; x_wconf 83' lang='lat' dir='ltr'>legione</span> <span class='ocrx_word' id='word_1_147' title='bbox 1573 2803 1683 2864; x_wconf 66' lang='lat' dir='ltr'>sust</span> <span class='ocrx_word' id='word_1_148' title='bbox 1727 2803 1940 2864; x_wconf 88' lang='lat' dir='ltr'>ultima</span> <span class='ocrx_word' id='word_1_149' title='bbox 1973 2823 2077 2863; x_wconf 90' lang='lat' dir='ltr'>seu</span> <span class='ocrx_word' id='word_1_150' title='bbox 2117 2803 2341 2863; x_wconf 81' lang='lat' dir='ltr'>extima</span> <span class='ocrx_word' id='word_1_151' title='bbox 2373 2802 2628 2884; x_wconf 84' lang='lat' dir='ltr'>contigit</span> <span class='ocrx_word' id='word_1_152' title='bbox 2674 2821 2812 2881; x_wconf 85' lang='lat' dir='ltr'>pars</span> <span class='ocrx_word' id='word_1_153' title='bbox 2856 2820 3047 2881; x_wconf 87' lang='lat' dir='ltr'>eaque</span> 
     </span>
     <span class='ocr_line' id='line_1_21' title="bbox 674 2897 3046 2981; baseline 0.001 -23"><span class='ocrx_word' id='word_1_154' title='bbox 674 2898 1000 2959; x_wconf 81' lang='lat' dir='ltr'>admodum</span> <span class='ocrx_word' id='word_1_155' title='bbox 1025 2897 1305 2973; x_wconf 81' lang='lat' dir='ltr'>infirma3</span> <span class='ocrx_word' id='word_1_156' title='bbox 1348 2898 1445 2959; x_wconf 89' lang='lat' dir='ltr'>cui</span> <span class='ocrx_word' id='word_1_157' title='bbox 1471 2898 1631 2959; x_wconf 88' lang='lat' dir='ltr'>malo</span> <span class='ocrx_word' id='word_1_158' title='bbox 1666 2906 1735 2959; x_wconf 88' lang='lat' dir='ltr'>ut</span> <span class='ocrx_word' id='word_1_159' title='bbox 1765 2899 2125 2979; x_wconf 81' lang='lat' dir='ltr'>provideret,</span> <span class='ocrx_word' id='word_1_160' title='bbox 2154 2907 2373 2959; x_wconf 82' lang='lat' dir='ltr'>terram</span> <span class='ocrx_word' id='word_1_161' title='bbox 2412 2898 2473 2958; x_wconf 86' lang='lat' dir='ltr'>in</span> <span class='ocrx_word' id='word_1_162' title='bbox 2504 2897 2764 2959; x_wconf 88' lang='lat' dir='ltr'>minores</span> <span class='ocrx_word' id='word_1_163' title='bbox 2796 2918 3046 2981; x_wconf 81' lang='lat' dir='ltr'>aggeres</span> 
     </span>
     <span class='ocr_line' id='line_1_22' title="bbox 675 2993 3045 3075; baseline 0.001 -23"><span class='ocrx_word' id='word_1_164' title='bbox 675 2993 851 3067; x_wconf 87' lang='lat' dir='ltr'>eruit,</span> <span class='ocrx_word' id='word_1_165' title='bbox 873 3004 1006 3074; x_wconf 89' lang='lat' dir='ltr'>post</span> <span class='ocrx_word' id='word_1_166' title='bbox 1032 3014 1180 3074; x_wconf 88' lang='lat' dir='ltr'>quos</span> <span class='ocrx_word' id='word_1_167' title='bbox 1207 3015 1281 3056; x_wconf 84' lang='lat' dir='ltr'>ex</span> <span class='ocrx_word' id='word_1_168' title='bbox 1307 2994 1540 3055; x_wconf 86' lang='lat' dir='ltr'>insidiis</span> <span class='ocrx_word' id='word_1_169' title='bbox 1567 2995 1804 3057; x_wconf 83' lang='lat' dir='ltr'>abdidit</span> <span class='ocrx_word' id='word_1_170' title='bbox 1836 2993 2249 3075; x_wconf 86' lang='lat' dir='ltr'>Sclopetarios‚</span> <span class='ocrx_word' id='word_1_171' title='bbox 2280 2994 2575 3075; x_wconf 83' lang='lat' dir='ltr'>simulque</span> <span class='ocrx_word' id='word_1_172' title='bbox 2600 2994 2709 3054; x_wconf 88' lang='lat' dir='ltr'>sub</span> <span class='ocrx_word' id='word_1_173' title='bbox 2737 3014 3045 3073; x_wconf 82' lang='lat' dir='ltr'>vesperam</span> 
     </span>
     <span class='ocr_line' id='line_1_23' title="bbox 676 3087 3047 3173; baseline 0.001 -24"><span class='ocrx_word' id='word_1_174' title='bbox 676 3087 1053 3149; x_wconf 88' lang='lat' dir='ltr'>Colonellum</span> <span class='ocrx_word' id='word_1_175' title='bbox 1087 3090 1514 3173; x_wconf 85' lang='lat' dir='ltr'>Thambrougk</span> <span class='ocrx_word' id='word_1_176' title='bbox 1555 3091 1824 3165; x_wconf 87' lang='lat' dir='ltr'>accessit,</span> <span class='ocrx_word' id='word_1_177' title='bbox 1870 3090 2311 3171; x_wconf 83' lang='lat' dir='ltr'>explicavitque</span> <span class='ocrx_word' id='word_1_178' title='bbox 2353 3090 2683 3173; x_wconf 83' lang='lat' dir='ltr'>periculum</span> <span class='ocrx_word' id='word_1_179' title='bbox 2737 3090 3047 3170; x_wconf 81' lang='lat' dir='ltr'>intercipi-</span> 
     </span>
     <span class='ocr_line' id='line_1_24' title="bbox 676 3184 3046 3268; baseline 0.001 -25"><span class='ocrx_word' id='word_1_180' title='bbox 676 3184 849 3243; x_wconf 85' lang='lat' dir='ltr'>endae</span> <span class='ocrx_word' id='word_1_181' title='bbox 884 3184 1066 3258; x_wconf 85' lang='lat' dir='ltr'>urbis,</span> <span class='ocrx_word' id='word_1_182' title='bbox 1099 3185 1217 3246; x_wconf 88' lang='lat' dir='ltr'>nisi</span> <span class='ocrx_word' id='word_1_183' title='bbox 1251 3185 1355 3246; x_wconf 68' lang='lat' dir='ltr'>illa</span> <span class='ocrx_word' id='word_1_184' title='bbox 1394 3194 1585 3261; x_wconf 89' lang='lat' dir='ltr'>nocte,</span> <span class='ocrx_word' id='word_1_185' title='bbox 1632 3196 1951 3267; x_wconf 85' lang='lat' dir='ltr'>antequam</span> <span class='ocrx_word' id='word_1_186' title='bbox 1996 3206 2207 3247; x_wconf 81' lang='lat' dir='ltr'>succus</span> <span class='ocrx_word' id='word_1_187' title='bbox 2242 3206 2368 3247; x_wconf 87' lang='lat' dir='ltr'>sese</span> <span class='ocrx_word' id='word_1_188' title='bbox 2410 3184 2618 3247; x_wconf 59' lang='lat' dir='ltr'>effossa</span> <span class='ocrx_word' id='word_1_189' title='bbox 2656 3184 2814 3247; x_wconf 58' lang='lat' dir='ltr'>terra</span> <span class='ocrx_word' id='word_1_190' title='bbox 2852 3187 3046 3268; x_wconf 87' lang='lat' dir='ltr'>magis</span> 
     </span>
     <span class='ocr_line' id='line_1_25' title="bbox 673 3280 3045 3363; baseline 0.001 -23"><span class='ocrx_word' id='word_1_191' title='bbox 673 3280 955 3355; x_wconf 85' lang='lat' dir='ltr'>muniret,</span> <span class='ocrx_word' id='word_1_192' title='bbox 985 3281 1048 3340; x_wconf 90' lang='lat' dir='ltr'>in</span> <span class='ocrx_word' id='word_1_193' title='bbox 1085 3281 1277 3361; x_wconf 90' lang='lat' dir='ltr'>ipsum</span> <span class='ocrx_word' id='word_1_194' title='bbox 1310 3283 1599 3363; x_wconf 87' lang='lat' dir='ltr'>impetum</span> <span class='ocrx_word' id='word_1_195' title='bbox 1646 3283 1932 3356; x_wconf 85' lang='lat' dir='ltr'>facerent,</span> <span class='ocrx_word' id='word_1_196' title='bbox 1976 3291 2037 3343; x_wconf 92' lang='lat' dir='ltr'>et</span> <span class='ocrx_word' id='word_1_197' title='bbox 2078 3282 2240 3343; x_wconf 75' lang='lat' dir='ltr'>virili</span> <span class='ocrx_word' id='word_1_198' title='bbox 2276 3281 2582 3361; x_wconf 88' lang='lat' dir='ltr'>eruptione</span> <span class='ocrx_word' id='word_1_199' title='bbox 2619 3280 2695 3341; x_wconf 88' lang='lat' dir='ltr'>ab</span> <span class='ocrx_word' id='word_1_200' title='bbox 2736 3281 3045 3343; x_wconf 80' lang='lat' dir='ltr'>obsidione</span> 
     </span>
     <span class='ocr_line' id='line_1_26' title="bbox 675 3375 3043 3459; baseline 0.001 -23"><span class='ocrx_word' id='word_1_201' title='bbox 675 3375 1072 3437; x_wconf 82' lang='lat' dir='ltr'>deterrerent:</span> <span class='ocrx_word' id='word_1_202' title='bbox 1143 3376 1450 3438; x_wconf 79' lang='lat' dir='ltr'>infamiam</span> <span class='ocrx_word' id='word_1_203' title='bbox 1493 3388 1780 3459; x_wconf 86' lang='lat' dir='ltr'>praeterea</span> <span class='ocrx_word' id='word_1_204' title='bbox 1819 3397 2001 3458; x_wconf 83' lang='lat' dir='ltr'>quam</span> <span class='ocrx_word' id='word_1_205' title='bbox 2049 3398 2123 3438; x_wconf 87' lang='lat' dir='ltr'>ex</span> <span class='ocrx_word' id='word_1_206' title='bbox 2160 3376 2463 3439; x_wconf 86' lang='lat' dir='ltr'>deditione</span> <span class='ocrx_word' id='word_1_207' title='bbox 2503 3377 2808 3458; x_wconf 86' lang='lat' dir='ltr'>accepturi</span> <span class='ocrx_word' id='word_1_208' title='bbox 2849 3387 3043 3439; x_wconf 83' lang='lat' dir='ltr'>essent</span> 
     </span>
     <span class='ocr_line' id='line_1_27' title="bbox 673 3471 3041 3554; baseline 0.001 -23"><span class='ocrx_word' id='word_1_209' title='bbox 673 3472 1040 3552; x_wconf 76' lang='lat' dir='ltr'>apertissime</span> <span class='ocrx_word' id='word_1_210' title='bbox 1088 3471 1354 3553; x_wconf 88' lang='lat' dir='ltr'>pluribus</span> <span class='ocrx_word' id='word_1_211' title='bbox 1406 3474 1717 3554; x_wconf 83' lang='lat' dir='ltr'>exposuit3</span> <span class='ocrx_word' id='word_1_212' title='bbox 1775 3474 1949 3554; x_wconf 85' lang='lat' dir='ltr'>petiit</span> <span class='ocrx_word' id='word_1_213' title='bbox 1988 3493 2223 3554; x_wconf 88' lang='lat' dir='ltr'>quoque</span> <span class='ocrx_word' id='word_1_214' title='bbox 2267 3493 2398 3533; x_wconf 79' lang='lat' dir='ltr'>eam</span> <span class='ocrx_word' id='word_1_215' title='bbox 2442 3472 2558 3533; x_wconf 87' lang='lat' dir='ltr'>sibi</span> <span class='ocrx_word' id='word_1_216' title='bbox 2604 3472 3041 3554; x_wconf 83' lang='lat' dir='ltr'>expeditionem</span> 
     </span>
     <span class='ocr_line' id='line_1_28' title="bbox 675 3568 3042 3651; baseline 0.001 -23"><span class='ocrx_word' id='word_1_217' title='bbox 675 3568 968 3630; x_wconf 82' lang='lat' dir='ltr'>committi</span> <span class='ocrx_word' id='word_1_218' title='bbox 993 3589 1131 3629; x_wconf 90' lang='lat' dir='ltr'>cum</span> <span class='ocrx_word' id='word_1_219' title='bbox 1157 3568 1421 3649; x_wconf 87' lang='lat' dir='ltr'>quinque</span> <span class='ocrx_word' id='word_1_220' title='bbox 1440 3570 1732 3650; x_wconf 88' lang='lat' dir='ltr'>equitum,</span> <span class='ocrx_word' id='word_1_221' title='bbox 1761 3569 2127 3650; x_wconf 88' lang='lat' dir='ltr'>totidemque</span> <span class='ocrx_word' id='word_1_222' title='bbox 2152 3568 2665 3651; x_wconf 82' lang='lat' dir='ltr'>cataphractorum</span> <span class='ocrx_word' id='word_1_223' title='bbox 2682 3568 3042 3644; x_wconf 86' lang='lat' dir='ltr'>cohortibus,</span> 
     </span>
     <span class='ocr_line' id='line_1_29' title="bbox 673 3664 3043 3746; baseline 0.001 -22"><span class='ocrx_word' id='word_1_224' title='bbox 673 3666 874 3726; x_wconf 74' lang='lat' dir='ltr'>sancte</span> <span class='ocrx_word' id='word_1_225' title='bbox 902 3665 1248 3746; x_wconf 87' lang='lat' dir='ltr'>promittens</span> <span class='ocrx_word' id='word_1_226' title='bbox 1275 3685 1338 3725; x_wconf 86' lang='lat' dir='ltr'>se</span> <span class='ocrx_word' id='word_1_227' title='bbox 1372 3685 1512 3727; x_wconf 91' lang='lat' dir='ltr'>cum</span> <span class='ocrx_word' id='word_1_228' title='bbox 1547 3666 1707 3727; x_wconf 89' lang='lat' dir='ltr'>bono</span> <span class='ocrx_word' id='word_1_229' title='bbox 1752 3665 1889 3727; x_wconf 87' lang='lat' dir='ltr'>Deo</span> <span class='ocrx_word' id='word_1_230' title='bbox 1920 3674 2080 3727; x_wconf 84' lang='lat' dir='ltr'>certo</span> <span class='ocrx_word' id='word_1_231' title='bbox 2110 3664 2339 3727; x_wconf 84' lang='lat' dir='ltr'>hostem</span> <span class='ocrx_word' id='word_1_232' title='bbox 2372 3666 2630 3727; x_wconf 87' lang='lat' dir='ltr'>externis</span> <span class='ocrx_word' id='word_1_233' title='bbox 2675 3665 3043 3746; x_wconf 84' lang='lat' dir='ltr'>internisque</span> 
     </span>
    </p>
   </div>
  </div>
 </body>
</html>
