3225 4700
487 326 514 391 I
518 324 802 392 TINERARI
809 324 894 392 ΠΜ.
1210 325 1272 390 401

43 487 292 554 persenserunt.
336 479 396 541 His
409 501 471 542 nou
484 481 680 556 obstantibus,
692 481 907 541 continuarunt
916 477 1000 540 Galli
1011 478 1204 561 pertinaciter
1217 480 1270 539 ob·

39 572 218 636 sidionem
231 596 361 657 quorum
375 578 558 661 gubernator
576 578 636 640 loci
654 577 855 640 constantiam
870 575 989 650 videns,
1007 596 1077 638 cnm
1100 595 1155 637 nec
1175 576 1270 637 subsi·
1339 587 1343 595 '

41 669 156 732 dium
169 692 288 752 sperare
307 682 406 754 posset
423 695 479 735 uec
499 675 623 737 haberet
634 675 717 736 unde
734 695 823 754 porro
840 673 996 735 obsisteret
1009 673 1174 752 (defecerat
1187 674 1267 734 enim

42 768 245 845 praesidium
260 789 322 830 una
334 791 404 832 cum
420 771 544 852 pulvere
562 771 663 853 pyrio)
677 770 861 833 deditionem
877 770 975 831 facere
994 782 1115 833 coactus
1133 780 1186 832 est.
1229 770 1268 831 In

43 864 249 945 vigesimum
260 865 355 949 igitur
363 868 523 949 septimum
535 869 719 951 Septembris
727 889 881 951 egressum
890 866 1017 927 liberum
1031 877 1061 929 et
1070 867 1268 930 honorificum

45 973 176 1040 pactus
197 971 242 1024 est
263 982 426 1045 secumque
447 963 600 1025 Vercellas
622 963 749 1025 abduxit
768 960 918 1044 quidquid
943 959 1048 1023 babuit
1069 962 1268 1042 impedimen·

49 1067 180 1134 torum,
195 1079 231 1121 ac
244 1060 368 1140 insuper
379 1070 509 1142 quatuor
521 1069 671 1122 tormenta
687 1080 788 1121 secum
802 1059 919 1121 eduxit.
955 1057 1040 1120 Galli
1053 1061 1124 1123 verb
1143 1061 1270 1142 ingressi

49 1167 149 1232 sunt,
165 1178 201 1219 ac
215 1167 373 1239 postquam
387 1159 561 1220 necessariis
575 1158 664 1220 rebus
679 1157 879 1220 munitionem
898 1156 1108 1218 instruxissent
1123 1156 1183 1217 alib
1197 1178 1268 1219 con·

49 1253 135 1313 silia
148 1263 179 1315 et
192 1254 248 1315 iter
262 1255 447 1317 direxerunt.

107 1351 219 1412 Mense
233 1350 360 1413 Octobri
378 1351 536 1434 pontificia
547 1373 632 1414 arma
644 1354 685 1415 ad
703 1352 903 1436 Pitiglianam
922 1351 1120 1414 munitionem
1142 1351 1268 1413 fortissi-

55 1467 149 1508 mam
169 1449 293 1510 admota
308 1460 379 1510 sunt
396 1450 573 1530 obsidioque
590 1450 668 1510 scrib
685 1461 827 1533 suscepta
847 1471 883 1512 nc
898 1450 1016 1533 magnis
1030 1449 1144 1511 viribus
1157 1449 1267 1510 labori·

55 1546 184 1626 busque
204 1557 350 1628 promota,
370 1547 562 1627 quantumvis
581 1545 756 1608 Colouellus
776 1547 938 1609 Grisonius
956 1546 1016 1608 loci
1036 1548 1218 1630 gubernator
1237 1568 1269 1608 se

59 1641 229 1704 fortissime
239 1653 413 1725 opponeret.
454 1644 609 1706 Videbunt
626 1645 740 1705 interea
759 1644 926 1706 Florentini
945 1653 1091 1725 quantum
1105 1645 1167 1705 suis
1181 1644 1269 1706 rebus

62 1739 224 1801 commodi
237 1740 406 1815 decederet,
420 1742 447 1802 si
460 1742 589 1804 munitio
601 1741 654 1802 illa
666 1741 697 1802 in
712 1750 891 1823 potestatem
905 1740 1132 1822 pontificiorum
1142 1741 1266 1803 veniret.

63 1837 263 1918 Quapropter
274 1838 330 1897 sub
343 1836 500 1900 Oolonello
513 1837 628 1899 Stroazi
642 1837 701 1899 duo
711 1838 849 1918 peditum
859 1836 955 1899 millia
968 1847 997 1898 et
1010 1848 1122 1918 septem
1134 1837 1267 1919 equitnm

63 1932 219 2013 manipuli
226 1934 382 1995 confestim
394 1933 525 1996 Seanum
537 1935 621 1996 missi
630 1944 702 1996 sunt
708 1945 743 1997 ut
750 1955 787 1996 ex
795 1936 898 1997 vicino
906 1935 1142 2016 specularentur,
1152 1933 1212 2016 qub
1222 1955 1268 1996 ra·

61 2030 749 2115 tioneobsidionissuccessusimpediriethosti
759 2033 859 2093 clades
868 2031 971 2094 inferri
980 2041 1089 2113 posset.
1112 2032 1269 2094 Ncoccrtb

64 2125 167 2188 multo
180 2137 248 2208 post
260 2127 419 2195 commoda
431 2150 495 2190 sese
513 2130 623 2192 obtulit
641 2139 745 2192 contra
758 2129 929 2212 pontificios
942 2129 1034 2191 eundi
1045 2129 1171 2202 occasio,
1187 2150 1269 2190 com-

65 2235 211 2307 pererant
220 2227 303 2286 enim
312 2225 479 2287 Florentini
489 2227 588 2289 hostes
597 2248 665 2289 suos
673 2247 792 2308 passum
803 2227 1019 2288 Castonensem
1030 2226 1171 2298 insidere,
1183 2248 1269 2310 mag·

66 2343 206 2404 numque
214 2333 416 2385 commeatum
425 2343 481 2405 pro
492 2325 624 2387 exercitu
633 2323 791 2408 colligere:
806 2323 878 2385 illuc
890 2323 1002 2385 Strozzi
1012 2322 1171 2405 exploratis
1183 2325 1270 2386 rebus

66 2420 219 2502 proemisit
231 2420 381 2500 equitatus
398 2420 446 2481 sui
461 2433 587 2503 partem,
602 2422 726 2504 ipseque
738 2441 809 2481 mox
825 2440 895 2482 cum
909 2422 968 2480 200
986 2420 1136 2501 peditibus
1151 2430 1271 2483 secutus

68 2529 127 2589 est,
141 2538 271 2599 cumque
282 2516 382 2578 hostes
399 2518 601 2600 eximproviso
620 2519 827 2601 impetivisset,
843 2518 941 2600 prima
958 2518 1058 2579 statim
1076 2518 1271 2599 impressione

13 2628 15 2641 “
68 2617 244 2702 pontificios
273 2616 411 2679 nonnihil
438 2617 651 2690 consternavit,
683 2617 737 2697 qui
765 2626 865 2677 tamen
893 2614 1056 2695 prudenter
1085 2614 1271 2676 dissimulato

67 2727 155 2778 metu
173 2736 257 2776 arma
275 2715 493 2797 corripuerunt,
510 2713 565 2773 sed
584 2732 655 2773 mox
675 2713 695 2772 a
713 2712 866 2795 proposito
886 2711 1069 2773 remittentes
1086 2711 1271 2774 deditionem

68 2813 118 2872 sui
138 2831 320 2891 suorumque
338 2810 464 2883 faciunt,
485 2814 577 2871 vitam
597 2811 800 2893 paciscuntur,
819 2830 854 2871 ac
869 2810 906 2870 de
920 2820 1027 2870 caetero
1041 2808 1187 2871 voluntati
1207 2811 1271 2871 vic-

68 2921 170 2971 torum
188 2930 250 2970 sese
270 2908 459 2969 submittunt.
501 2908 657 2989 Cepernut
672 2908 730 2967 hue
749 2907 937 2989 expeditione
955 2906 1120 2967 Florentini
1142 2910 1195 2967 100
1213 2908 1272 2968 cir-

12 3066 22 3093 ,
69 3007 148 3068 citer
161 3006 287 3087 pedites,
307 3004 497 3086 manipulum
516 3024 610 3065 unum
630 3004 776 3086 equitum,
791 3016 822 3065 et
834 3003 959 3066 alterum
976 3004 1165 3085 manipulum
1180 3026 1271 3087 equo·

13 3103 20 3170 ³,
54 3102 255 3185 ¹pedestrium
269 3122 344 3183 qnos
357 3123 461 3164 omnes
475 3103 537 3163 uni
550 3122 619 3163 cum
634 3102 719 3162 vario
731 3112 762 3164 et
777 3122 936 3163 numeroso
949 3102 1047 3162 omnis
1059 3104 1177 3185 generis
1191 3124 1273 3165 com·

15 3231 26 3258 ·
69 3210 173 3260 meatu
183 3199 316 3260 etnobili
326 3210 473 3281 apparatu
482 3198 601 3267 bellico.
611 3218 715 3259 secum
724 3198 757 3259 in
767 3218 908 3260 securum
918 3200 1092 3275 abducunt;
1114 3198 1172 3262 hoc
1180 3212 1215 3263 ut
1227 3202 1273 3261 in·

68 3297 170 3357 notuit
186 3296 343 3377 pontificio
358 3295 502 3358 Generali
518 3295 612 3370 Oddi,
626 3316 696 3357 cum
717 3306 846 3376 quatuor
860 3296 992 3358 millibus
1005 3297 1141 3379 peditum
1160 3307 1190 3358 et
1206 3318 1273 3358 sex·

69 3394 167 3455 centis
175 3393 299 3454 omuino
305 3393 457 3474 equitibus
465 3393 607 3474 omnique
616 3392 765 3454 instructu
777 3393 891 3454 Martio
899 3392 1016 3455 deserti
1027 3393 1106 3455 ultro
1116 3394 1272 3455 obsidione

69 3489 252 3563 retrocessit,
276 3490 365 3572 cujus
388 3489 517 3573 vestigia
538 3489 557 3549 a
576 3499 662 3572 tergo
683 3510 822 3570 premens
841 3510 911 3551 cum
933 3490 994 3551 suis
1020 3490 1135 3553 Stroazi
1162 3500 1272 3573 praeter

69 3588 217 3669 plurimos
229 3608 324 3650 casos
333 3598 364 3648 et
373 3597 476 3668 captos
490 3586 596 3648 decem
609 3586 780 3668 capitaneos
792 3586 962 3668 multosque
978 3588 1119 3650 officiales
1135 3588 1273 3660 abduxit,

12 3667 20 3698 ⁷
69 3706 121 3747 sex
135 3685 258 3766 insuper
271 3685 386 3767 majora
394 3693 544 3746 tormenta
554 3692 585 3745 et
594 3683 728 3765 quinque
741 3683 814 3745 alias
828 3684 983 3749 machinas
994 3686 1113 3768 ignibus
1121 3685 1273 3767 jaciendis

647 3783 665 3841 3
680 3802 697 3842 r
