3225 4700
344 341 408 406 246
734 333 1136 403 ITINERARIUM.

385 487 425 547 In
448 504 508 566 quo
529 484 765 566 omnipotentem
789 483 891 545 Deum
916 482 1088 564 placabunt,
1109 501 1147 542 ae
1170 477 1414 562 promovebunt
1439 475 1546 556 Imperii

345 601 502 643 commune
515 581 640 654 bonum,
653 582 817 644 tuebuntur
828 581 956 662 patriam
969 581 1008 641 ab
1021 580 1150 640 instante
1162 578 1268 651 ruina,
1285 593 1448 653 suamque
1460 573 1548 634 Casa

345 699 426 740 ream
445 677 636 758 Majestutem
652 691 775 760 paterna
792 678 944 740 voluntate
962 697 999 740 sc
1016 677 1153 738 Cesarea
1171 673 1277 756 gratia
1290 672 1357 733 sibi
1371 671 1547 741 devincieut,

345 795 413 856 quae
427 773 612 855 paratissima
625 786 669 836 est
686 774 769 835 omni
792 784 902 836 conatu
923 775 1054 854 arripere
1074 784 1106 834 et
1122 771 1269 833 effectum
1289 770 1387 840 dare,
1409 769 1549 848 quidquid

345 871 384 932 atl
393 871 524 933 Romani
531 869 658 950 Imperii
669 870 909 932 restaurationem
920 879 951 932 et
960 871 1112 951 privatum
1122 870 1275 950 cujusque
1284 865 1425 927 membri
1435 865 1545 940 bonurn

344 967 418 1028 utile
436 975 467 1028 et
486 965 654 1048 proficuum
671 986 734 1028 esee
747 968 921 1047 judicatum
938 967 1040 1029 fuerit
1081 969 1197 1028 Actrrm
1210 965 1245 1026 in
1261 964 1419 1026 Goesarea
1431 972 1463 1022 et
1474 961 1546 1022 Sacri

345 1063 476 1126 Romani
489 1062 615 1144 Imperii
628 1063 721 1124 libera
735 1064 809 1124 urbe
823 1063 1044 1138 Ratisbouensi,
1059 1062 1190 1124 incuria
1205 1061 1345 1136 ibidem,
1366 1061 1405 1118 13
1421 1057 1543 1139 Septen·

343 1161 416 1235 bris,
430 1161 523 1222 Anno
537 1157 730 1221 M.D0.XL.

825 1256 931 1317 Vidit:
1213 1254 1271 1332 (L.
1288 1253 1342 1329 S.)

704 1351 933 1414 Fsauausunus
946 1352 1055 1414 Cossus
1068 1352 1192 1414 Koara.

1038 1465 1062 1527 J
1064 1485 1183 1527 osrrrrss
1197 1466 1368 1540 Semnan,
1384 1461 1507 1526 Doctor.

387 1645 465 1707 Haec
479 1645 641 1727 propositio
653 1647 727 1708 dum
740 1647 891 1730 legeretur
904 1646 1011 1730 legati
1025 1647 1197 1709 Electorum
1214 1649 1249 1709 iu
1265 1648 1427 1712 consuetis
1439 1643 1540 1708 subsel-

345 1743 394 1804 liis
414 1743 565 1818 sederunt,
583 1753 614 1804 et
632 1744 747 1824 quoties
765 1745 865 1806 Secrae
885 1744 1031 1806 cesaree
1055 1745 1226 1825 Majestatis
1247 1746 1373 1807 mentio
1395 1746 1473 1804 facts
1491 1751 1537 1814 est,

345 1859 408 1901 aese
421 1849 589 1911 erexerunt,
604 1841 821 1921 decentemque
834 1840 1033 1902 reverentiam
1050 1841 1230 1922 Imperatori
1244 1842 1464 1914 exhibuerunt,
1477 1838 1534 1898 reli·

345 1936 398 2016 qui
411 1945 471 1996 tam
492 1935 696 1998 Ecclesiastici
710 1958 800 2017 quam
816 1938 983 1999 Saeculares
1001 1939 1170 2019 Principes,
1185 1939 1425 2019 absentiumque
1439 1935 1535 1997 Consi·

345 2032 424 2093 liarii
438 2041 467 2092 et
481 2031 587 2114 Legati
601 2042 664 2093 toto
677 2044 810 2113 tempore
823 2035 914 2095 erecti
927 2043 1082 2095 steterunt.

387 2128 478 2190 lecta
491 2129 691 2210 propositione
705 2128 768 2189 Sua
778 2129 916 2191 Caesares
927 2129 1072 2210 Mujestas
1081 2131 1202 2190 brevem
1212 2130 1347 2210 quidem
1361 2129 1416 2190 sed
1426 2127 1534 2209 elegun-

344 2233 405 2287 tem
425 2235 456 2286 et
475 2244 635 2285 nervosum
654 2225 772 2286 addidit
790 2225 954 2307 epilogum,
976 2238 1043 2305 post
1062 2246 1153 2305 quem
1174 2225 1357 2288 Electorum
1378 2226 1481 2307 Legati
1498 2223 1531 2282 ad

345 2322 497 2385 sinistrum
511 2320 589 2383 latus
601 2322 746 2395 coierunt,
761 2320 869 2402 reliqui
881 2341 952 2383 vero
970 2320 1130 2403 Principes
1141 2331 1203 2385 tam
1218 2323 1434 2385 Ecclesiastici
1452 2340 1529 2402 quam

347 2417 510 2480 Saeculares
524 2419 555 2479 iu
571 2420 669 2481 medio
682 2418 759 2480 aulae
773 2439 804 2479 se
817 2418 1013 2501 collegerunt,
1023 2420 1246 2501 sententiasque
1262 2416 1529 2497 contuleruntquid

347 2514 416 2576 Suse
437 2515 591 2595 Majeststi
611 2526 687 2577 esset
703 2515 964 2595 respondendum:
984 2515 1100 2577 collatis
1119 2517 1251 2577 consiliis
1268 2518 1394 2577 nomine
1407 2514 1527 2575 omniun

345 2609 589 2692 Moguntiuensis
609 2612 757 2673 Electoris
770 2611 966 2673 Consiliariue
980 2624 1011 2673 et
1023 2612 1196 2694 Collegatus
1216 2614 1375 2674 Dominus
1396 2610 1526 2673 Nicolaus

346 2707 495 2789 Georgius
513 2707 746 2789 Reigersperger
762 2709 917 2790 utriusque
941 2710 965 2771 J
966 2709 1028 2771 uris
1048 2710 1176 2783 Doctor,
1190 2710 1302 2771 eodem
1316 2710 1384 2772 loco
1404 2708 1456 2789 qui
1469 2706 1526 2767 ee-

344 2823 445 2865 sareus
459 2802 642 2863 secretarius
655 2802 784 2864 Aulicus
797 2805 1029 2886 propositionem
1040 2806 1226 2888 praelegerat,
1240 2806 1282 2868 de
1296 2806 1444 2867 memoris
1455 2803 1525 2862 bunc

343 2901 376 2960 iu
390 2898 512 2960 modum
527 2899 686 2980 peroravit.

382 2995 462 3057 Cum
487 2995 582 3057 debiti
608 2994 729 3055 honoris
758 2998 976 3077 subjectissime
1001 2998 1224 3081 significatione
1252 3008 1435 3082 acceperunt
1460 2996 1520 3057 Sue

345 3091 489 3154 Cesarea
497 3092 666 3173 Majestatis
671 3094 865 3174 propositum,
872 3094 1101 3177 praelectamque
1111 3097 1345 3179 propositionem
1356 3090 1520 3158 obedientie

344 3188 420 3247 simo
433 3198 568 3270 respectu
581 3188 792 3251 intellexerunt
807 3191 892 3252 Sacri
906 3192 1036 3253 Romani
1056 3193 1181 3275 Imperii
1196 3195 1360 3269 Electores,
1376 3188 1519 3267 Principes

344 3290 437 3344 status
450 3284 676 3365 absentiumque
691 3285 865 3348 consiliarii
879 3308 914 3349 ac
929 3288 1053 3371 Legati:
1075 3290 1284 3373 Praeterquam
1298 3291 1381 3372 quod
1395 3287 1518 3349 universo

344 3378 409 3439 orbi
423 3399 483 3459 qua
496 3379 553 3441 late
566 3390 647 3461 patet
660 3382 785 3444 minime
798 3384 934 3466 ignotum
947 3396 1000 3446 ost.
1037 3387 1198 3459 Quomodo
1210 3409 1271 3449 non
1281 3397 1397 3450 tautum
1407 3386 1515 3462 Angul-

343 3474 466 3537 tissimae
487 3479 637 3537 memorie
659 3478 886 3541 Fanniusunus
906 3480 952 3540 II.
974 3491 1106 3563 tempore
1126 3484 1353 3547 laudatissimae
1372 3481 1515 3544 Guberffl·

343 3571 434 3633 tionis
447 3592 520 3645 suae,
534 3574 630 3634 sedet
648 3574 715 3656 ipsa
726 3595 809 3635 nunc
823 3576 962 3639 Praesens
975 3578 1113 3640 Caesarea
1127 3582 1283 3663 Majestas,
1297 3580 1371 3642 nibil
1384 3570 1511 3659 potimiss

343 3667 482 3731 Romano
497 3668 629 3751 Imperio
641 3671 803 3752 spectarint
821 3673 1007 3754 ampliusque
1023 3677 1202 3754 curaverint,
1218 3700 1273 3739 nec
1287 3679 1441 3741 etiamnum
1454 3672 1510 3729 ΛΠ·
