3225 4700
368 323 387 387 8
744 316 1162 386 ITINERARIUM.

365 469 481 551 Tyllius
494 471 614 532 demum
629 468 796 552 intelligens
805 472 898 552 quam
911 471 996 531 vanis
1009 469 1082 531 illuc
1095 488 1188 549 usque
1200 466 1307 548 spebus
1319 463 1446 527 Ιεοωωι
1458 473 1555 538 esset,

366 569 406 629 ad
422 567 551 648 Lipsiam
565 567 726 628 exercitum
740 567 884 642 admovit,
899 568 1061 646 urbemque
1074 565 1164 648 (citra
1176 584 1276 625 arcem
1288 563 1401 635 nmen)
1414 561 1554 643 subegit.

368 665 487 725 Interea
501 664 580 725 Saxo
594 664 761 745 conjunctis
775 685 844 724 cum
859 664 955 725 Sneco
968 663 1070 733 armis,
1083 661 1165 742 quod
1178 661 1232 721 diu
1239 669 1352 720 tectum
1358 661 1412 720 sub
1426 667 1556 738 pectore

366 762 478 822 foverat
492 761 606 834 odium,
615 781 677 821 uno
691 760 804 841 impetu
814 761 846 820 in
859 760 1007 822 Caesarem
1020 769 1051 819 et
1064 758 1256 819 Cesareanos
1265 755 1406 827 evomuit,
1417 755 1556 815 instruc·

366 867 453 937 taque
468 858 543 931 acie,
562 857 593 916 in
613 855 755 916 latissimi
769 856 850 917 cirea
867 855 1000 935 lipsiam
1018 853 1141 934 planitie
1158 851 1342 913 adversarios
1361 850 1393 909 in
1406 848 1555 930 praelium

366 953 514 1014 invitavit.
556 952 639 1026 Quid
652 952 702 1012 hle
721 951 832 1014 faceret
847 951 996 1012 masculus
1013 949 1105 1029 Tyllii
1122 949 1217 1022 miles,
1232 966 1365 1029 pugnam
1381 946 1555 1008 detrectare

366 1059 411 1110 tot
424 1048 556 1110 victoriis
570 1048 667 1110 clarus
679 1049 743 1110 sine
756 1049 844 1110 fama
857 1047 968 1129 injurii
977 1067 1037 1107 non
1050 1055 1175 1126 poterat,
1188 1045 1340 1105 decertare
1353 1061 1423 1102 cum
1431 1040 1556 1120 duplici

367 1145 449 1207 hoste
471 1166 508 1206 ne
531 1145 729 1206 cordatissimi
752 1145 875 1225 quidem
897 1142 1038 1204 Herculis
1061 1161 1124 1203 esse
1143 1141 1234 1223 probe
1250 1139 1380 1211 videbat,
1397 1156 1555 1218 opponere

366 1253 465 1304 mmen
479 1243 565 1323 signa
578 1261 631 1302 sua
643 1241 797 1302 hostilibus
817 1240 924 1301 maluit
941 1238 1033 1319 quam
1047 1246 1161 1298 metum
1180 1236 1315 1317 prodere,
1329 1235 1440 1296 coactis
1453 1234 1556 1314 igitur

366 1339 398 1400 in
422 1337 576 1399 cumulum
599 1336 779 1418 agminibus,
803 1335 931 1397 fidenter
956 1334 1069 1395 hostem
1093 1331 1277 1415 aggreditur.
1320 1330 1371 1391 Fit
1397 1329 1552 1411 praelium,

367 1435 537 1516 praeludunt
553 1438 667 1518 majora
689 1437 839 1517 utrimque
861 1443 1009 1497 tormenta
1028 1432 1147 1494 bellica.
1187 1429 1351 1493 Oaesariani
1374 1429 1449 1490 dum
1469 1427 1553 1488 forte

355 1527 499 1611 'pluribus
513 1531 644 1594 victoriis
657 1543 761 1594 contra
775 1532 884 1592 Dauiae
898 1531 1025 1612 Regem,
1040 1528 1189 1590 Comitem
1203 1527 1386 1601 Palatinum,
1401 1533 1432 1587 et
1441 1526 1554 1585 Mans·

366 1627 502 1702 seldium,
531 1629 661 1709 aliosque
690 1628 815 1709 Imperii
842 1627 938 1688 hostes
958 1647 990 1686 se
1010 1625 1078 1706 plus
1099 1623 1237 1698 efferunt,
1259 1622 1351 1702 quim
1376 1621 1445 1702 plus
1470 1631 1551 1695 erat,

365 1723 506 1783 victorias
525 1723 598 1784 alias
617 1733 715 1805 partas
729 1722 891 1784 foedissimi
902 1727 999 1803 strage
1013 1720 1214 1782 miserandum
1227 1720 1259 1780 in
1272 1719 1397 1778 modum
1416 1737 1552 1778 comma·

366 1817 515 1879 culdrunt.
558 1818 676 1880 Discite
693 1819 812 1894 milites,
830 1818 928 1878 alieni
944 1818 1030 1878 clade
1048 1817 1139 1892 docti,
1159 1835 1306 1896 nusquam
1323 1813 1438 1874 hostem
1449 1834 1552 1893 quan-

366 1915 477 1975 tumvis
500 1914 650 1975 imbellem
677 1934 739 1975 esse
773 1915 1003 1994 aspernandum,
1032 1912 1131 1974 induit
1155 1930 1369 1991 nonnunquam
1394 1910 1552 1989 trepidans

366 2010 456 2070 etiam
479 2010 600 2071 damula
621 2009 787 2084 audaciam,
809 2009 891 2069 etin
912 2009 1097 2070 adversarios
1120 2007 1263 2068 insultum
1284 2015 1379 2088 parat,
1397 2013 1431 2065 ut
1445 2006 1471 2064 si
1487 2023 1551 2084 qua

365 2105 430 2185 ipsa
442 2107 512 2166 vitae
527 2106 687 2166 discrimen
701 2105 828 2166 evadere
839 2104 1018 2184 aequantia
1029 2105 1155 2165 eandem
1163 2103 1267 2164 saltem
1279 2101 1442 2182 perniciem
1454 2101 1548 2161 simul

366 2200 479 2262 hostem
494 2200 635 2282 impellet.
658 2201 725 2262 ,Ao
746 2201 818 2262 licet
840 2203 938 2281 prima
955 2219 1065 2281 pugnae
1083 2199 1215 2280 auspicia
1230 2197 1434 2279 Imperatoriis
1452 2198 1550 2278 copiis

366 2296 506 2359 favissent
526 2297 675 2377 hostisque
697 2297 783 2379 gravi
804 2305 902 2379 strage
923 2295 1045 2376 accepti
1067 2296 1195 2369 cederet,
1221 2295 1273 2356 ubi
1292 2303 1392 2355 tamen
1413 2293 1492 2355 vidit
1515 2315 1549 2355 se

366 2396 476 2454 temerc
502 2402 714 2473 contemptum,
745 2393 932 2472 militemque
959 2392 1131 2453 Caesareum
1159 2392 1270 2471 partim
1301 2392 1410 2471 praedoe
1437 2391 1549 2470 partim

228 2490 234 2511 ⁸
366 2488 459 2568 quieti
480 2489 638 2561 intentum,
662 2497 784 2550 revocat
807 2489 839 2549 in
860 2488 998 2569 praelium
1015 2488 1140 2561 animos,
1164 2496 1337 2566 nostrosque
1357 2487 1547 2562 incautiores,

367 2604 422 2644 nec
437 2583 495 2644 tale
509 2584 583 2669 quid
593 2584 755 2665 cogitantes
769 2585 921 2666 opprimit,
935 2584 1071 2663 foedeque
1083 2583 1193 2644 fundit.
1234 2583 1297 2644 Hic
1310 2584 1384 2645 dum
1396 2583 1549 2645 animosus

367 2680 605 2743 Caesarianornm
628 2681 746 2742 Ductor
768 2681 895 2762 Tyllius,
916 2681 947 2741 iu
969 2678 1067 2762 primi
1086 2680 1150 2739 acie
1173 2680 1336 2760 obequitat,
1363 2699 1490 2760 suosqoe
1513 2680 1548 2739 in

365 2776 480 2838 hostem
493 2775 554 2857 qud
567 2798 652 2838 verso
666 2778 726 2858 qud
734 2778 815 2838 fecto
823 2778 945 2852 animat,
959 2775 1080 2859 globulo
1093 2775 1231 2856 plumbeo
1243 2776 1375 2857 graviter
1386 2776 1547 2848 sauciatur,

366 2873 530 2952 vidensque
548 2872 668 2934 hostilia
687 2873 848 2953 praevalere
865 2891 958 2946 arma,
974 2873 1127 2933 honestam
1145 2871 1249 2954 sugam
1268 2872 1402 2933 ulteriori
1415 2871 1547 2932 militum

366 2967 445 3029 cladi
462 2970 633 3049 preposuit,
645 2968 815 3048 relictisque
827 2977 895 3049 post
909 2989 941 3030 se
955 2968 1107 3030 tormentis
1119 2968 1397 3049 impedimentisque
1409 2968 1547 3029 omnibus

366 3064 397 3123 in
412 3064 520 3123 tutiora
532 3084 563 3124 se
577 3064 643 3125 loca
655 3064 815 3126 transtulit.
857 3063 993 3146 Contigit
1004 3063 1070 3125 hac
1084 3065 1115 3124 in
1128 3064 1219 3145 opina
1231 3065 1330 3125 clades
1344 3065 1416 3125 aliis
1430 3084 1547 3145 semper

366 3158 483 3219 Victori
509 3158 638 3221 hostium
666 3159 764 3239 Tyllio
787 3180 866 3221 suno
892 3170 985 3241 partae
1012 3160 1116 3222 salutis
1142 3181 1232 3242 supra
1257 3160 1546 3241 sesquimillesimum

367 3255 530 3315 centesimo
542 3256 691 3317 tricesimo
705 3255 813 3336 primo,
827 3257 937 3317 mensis
948 3257 1078 3339 Augusti
1091 3257 1140 3318 die
1150 3266 1233 3318 sexto
1245 3257 1372 3317 decimo.

408 3350 478 3413 Htc
499 3352 625 3413 victorid
644 3360 769 3431 uterque
790 3351 883 3413 hostis
899 3352 1023 3413 erectior
1044 3354 1165 3437 agmina
1182 3353 1321 3434 bipartito
1336 3352 1455 3414 dividit.
1504 3354 1546 3413 Et

368 3448 519 3508 Gustavus
533 3448 655 3527 quidem
668 3468 756 3509 suum
768 3448 894 3508 militem
908 3468 961 3528 per
975 3447 1119 3509 Misniam
1133 3449 1165 3510 iu
1183 3449 1380 3509 Frauooniam
1392 3469 1428 3509 ac
1445 3458 1546 3529 postea

367 3542 398 3604 in
414 3544 709 3626 Archicplscopatum
724 3543 988 3625 Mogontinensem
1001 3544 1098 3620 duxit,
1106 3545 1159 3605 ubi
1171 3544 1264 3606 veluti
1277 3544 1437 3627 desperatis
1449 3546 1544 3605 omni-

366 3639 420 3701 bus
436 3639 593 3722 Principes
604 3639 708 3723 fugam
721 3640 883 3721 arriputre,
898 3639 1003 3703 relictd
1014 3640 1114 3721 opimi
1126 3641 1204 3705 hosti
1218 3641 1331 3723 preda,
1345 3662 1436 3722 quam
1449 3644 1544 3705 amico
