3225 4700
483 282 906 385 rsruausaro'rr
1228 321 1288 387 155

60 460 184 521 omnia
200 473 336 545 gravata
347 463 460 527 inerim
471 466 539 528 telis
551 468 777 549 preciosissimis
789 478 821 531 et
837 470 1092 611 peristromatibus
1109 470 1149 533 ad
1166 490 1285 535 omnem

62 557 279 638 majestatem
292 559 464 624 luculentis.

107 652 186 715 Pro
201 657 317 718 Abaco
328 658 504 721 commodas
516 660 756 740 disposituserat
769 661 864 735 locus,
879 663 1023 743 adquam
1037 606 1191 775 Principis
1209 683 1285 744 pen·

65 849 215 911 visendo
239 851 348 913 ordine
370 871 462 913 suma
482 861 683 935 argenteaque
706 802 814 935 pocula
835 856 957 931 fusoria,
980 856 1127 935 libatoria,
1150 858 1282 935 aemuia,

67 947 249 1027 potatoris,
262 946 400 1029 pollubra
412 949 485 1011 item
496 959 528 1011 et
541 949 647 1030 scyphi
660 950 884 1032 elegantissimi.
917 952 1041 1015 Circum
1051 955 1133 1015 eirca
1142 953 1283 1015 conclave

67 1043 193 1104 sedilia
206 1054 242 1105 et
253 1044 406 1107 cathedras
423 1047 674 1108 commodissima
688 1048 835 1110 ordinata
850 1058 946 1119 erant,
962 1047 1066 1111 lectuli
1079 1069 1197 1131 quoque
1212 1070 1284 1132 ope-

68 1160 148 1201 roso
169 1141 266 1203 cultu
285 1142 382 1218 strati,
402 1164 460 1204 noc
478 1144 594 1205 minore
614 1164 726 1206 measa
748 1146 877 1227 maJ‘ores
901 1146 1090 1228 minoresque
1112 1163 1203 1207 aurea
1225 1147 1286 1208 tela

67 1246 178 1299 tecta.
228 1238 385 1323 (lonclare
399 1240 553 1322 Principis
564 1239 669 1302 aulaeis
684 1241 910 1321 preciosissimis
922 1243 1167 1305 circundabatur.
1208 1242 1284 1304 Pre-

71 1335 163 1396 cium
188 1336 303 1397 decem
325 1336 423 1399 millia
443 1346 652 1399 coronatorum
674 1338 834 1401 excessisse
858 1340 999 1401 creditur.
1039 1339 1155 1414 Verb03
1184 1338 1285 1399 omnia

71 1434 314 1513 respondebant
323 1433 443 1495 excelso
457 1422 611 1517 Principis
623 1435 725 1495 animo
736 1434 769 1495 in
785 1436 938 1516 prefossam
955 1434 1199 1518 prodigalitatem
1217 1454 1286 1516 pro·

73 1530 278 1609 pensissimo,
298 1530 385 1611 cujus
403 1530 612 1593 liberalitatem
627 1531 678 1593 vel
695 1532 766 1593 inde
787 1532 911 1614 colligas
931 1532 1012 1607 licet,
1030 1526 1114 1613 quod
1135 1532 1168 1591 in
1189 1531 1285 1596 solam

74 1645 137 1686 acu
150 1626 321 1707 pictoriam
333 1626 441 1689 Βοωω
454 1628 630 1709 expenderit
642 1627 707 1689 siae
720 1628 926 1690 materialibus
941 1628 1007 1691 aliis
1022 1629 1176 1711 octoginta
1188 1628 1284 1689 millis

78 1732 315 1785 coronatorum.

122 1820 197 1880 Sub
208 1837 366 1901 vesperam
378 1840 483 1882 omnes
495 1820 633 1881 fenestrae
645 1820 812 1882 innumeris
822 1840 912 1902 prope
922 1822 1064 1882 facibuse
1075 1840 1143 1882 cera
1154 1820 1284 1882 candida

80 1936 140 1976 seu
165 1916 288 1999 virgine
309 1916 492 1978 collustrata
515 1927 596 1990 suut,
622 1937 662 1978 ne
685 1918 769 1978 nocti
791 1915 886 1979 libera
909 1927 985 1979 esset
1010 1924 1138 1998 potestas
1165 1936 1283 1977 omnem

82 2012 284 2092 splendorem
301 2015 434 2075 tenebris
448 2014 637 2075 involvendi.
678 2014 796 2075 Audita
814 2033 934 2095 quoque
954 2014 985 2075 in
1011 2014 1145 2075 adultam
1166 2020 1285 2073 noctem

84 2109 264 2190 Tmpana,
278 2110 411 2185 Fistula,
427 2110 582 2183 Sambuei,
595 2111 689 2172 Tuboe
705 2110 993 2192 artificiosoramque
1008 2111 1126 2193 ignium
1140 2110 1283 2192 fragores.

85 2205 184 2267 Nulli
202 2208 428 2271 &venantium
448 2208 480 2269 in
502 2208 602 2270 aulem
618 2208 724 2270 vinum
741 2208 918 2290 negabatur,
938 2208 1015 2269 nulli
1036 2208 1132 2289 epulas
1150 2207 1223 2269 fami
1240 2227 1285 2268 se·

85 2303 203 2366 danda
227 2304 361 2367 deerant.
411 2305 606 2387 Tandemque
627 2305 691 2387 ipsc
711 2305 777 2367 dies
799 2305 923 2387 opipsro
944 2313 974 2367 et
996 2324 1065 2367 vere
1092 2303 1284 2386 Imperialem

84 2401 279 2484 majestatem
292 2403 418 2464 decente
433 2403 552 2464 clausus
567 2412 612 2464 est
630 2403 781 2464 convivio.
825 2404 1011 2482 Posteroquc
1030 2400 1080 2462 die
1098 2399 1221 2462 alteram
1238 2401 1284 2462 in·

87 2517 180 2579 super
193 2499 319 2581 epulum
332 2500 492 2580 praebitum
504 2509 559 2575 est,
574 2499 614 2560 ad
626 2500 709 2581 quod
721 2500 864 2580 cuiquam
878 2499 1048 2560 liberrimus
1066 2497 1124 2557 tuit
1140 2515 1283 2556 accessus.

127 2596 249 2658 Paucis
271 2607 340 2677 post
362 2597 467 2657 diebus
491 2595 715 2657 Illustrissimus
740 2596 889 2676 Princeps
910 2595 1004 2656 alium
1026 2592 1166 2654 adornari
1188 2589 1284 2652 voluit

87 2691 261 2773 ingressum
288 2693 321 2753 in
348 2692 514 2754 Pallotium
540 2692 656 2754 scilicet
678 2692 888 2774 Apostolicum
915 2691 996 2772 quod
1022 2691 1205 2751 Vaticanum
1231 2709 1283 2769 ap·

88 2789 217 2868 pellant,
238 2789 296 2850 rubi
318 2809 439 2851 causam
462 2789 510 2850 sui
533 2789 681 2851 adventus
701 2799 733 2850 et
753 2789 910 2873 legationis
932 2807 1078 2871 exponere
1100 2788 1281 2848 decreverat.

92 2884 154 2946 Hic
177 2906 245 2947 non
266 2885 382 2947 minore
403 2896 526 2967 sumptu
550 2887 717 2967 aequalique
739 2906 850 2968 pompa
873 2886 1027 2947 institutus
1044 2893 1099 2947 est.
1143 2883 1283 2944 Primum

90 2982 232 3044 ordinem
254 2983 406 3044 ducebant
427 2983 542 3063 equites
565 2983 698 3062 quinque
720 2983 881 3043 'l'ubicines
905 2980 1058 3061 Principis
1085 2980 1174 3061 nigro
1198 2979 1282 3040 bolo·
1353 3001 1356 3009 ·

91 3079 187 3142 sedeo
216 3079 340 3142 suffulto
363 3079 443 3141 bisso
469 3079 560 3154 flava,
586 3078 797 3159 fimbriathue
825 3079 924 3140 limbis
950 3078 1057 3152 eu'reis‚
1082 3075 1191 3152 vestiti,
1219 3076 1284 3155 qui·

92 3175 146 3236 bus
178 3177 364 3240 succedebat
397 3177 489 3258 pedes
517 3175 736 3258 armigerorum
767 3185 877 3250 turma,
909 3176 974 3256 pari
1005 3175 1114 3236 vestitu
1152 3172 1283 3248 exculta,

93 3276 294 3353 sequebantur
321 3275 392 3336 dum
419 3272 554 3354 equitum
581 3282 690 3334 turma
720 3293 790 3334 cam
818 3273 946 3354 quardia
975 3292 1029 3334 seu
1058 3270 1194 3332 custodie
1223 3288 1286 3331 suae

96 3367 279 3447 Sanctitatis,
312 3371 404 3433 aulici
433 3390 555 3452 quoque
585 3369 709 3452 plurimi
740 3369 1053 3432 Eminentissimorum
1086 3367 1287 3429 Dominorum

97 3465 316 3538 Gordinalium,
338 3468 519 3551 legatorum
540 3466 720 3549 Principum
737 3466 860 3549 ipsaque
881 3464 1019 3526 nobilitas
1040 3464 1189 3540 Romana,
1209 3462 1287 3522 inter

96 3583 171 3641 quos
183 3567 270 3627 ibant
281 3564 484 3647 Tymenistoe
496 3563 589 3626 urbis.
622 3562 690 3624 Hos
703 3563 893 3645 excipiebant
903 3559 974 3622 Itali
987 3561 1157 3642 Principes,
1171 3559 1284 3631 Duces,

101 3657 304 3736 Marcbiones,
315 3662 459 3736 Comites,
474 3660 609 3723 Berones
622 3680 683 3721 non
697 3659 874 3741 explicando
886 3676 1029 3734 namer03
1052 3659 1205 3720 Germana
1215 3671 1288 3732 quo-
