3225 4700
18 3781 20 3828 l

472 322 882 393 1T1NERAR1UM.
1208 329 1273 394 alo

57 476 174 537 cessit
216 474 438 537 Litoineritium
456 494 575 556 quoqne
594 476 776 539 Banuiriani
795 476 932 539 deserere
949 476 1045 539 coacti
1063 483 1135 538 suut
1154 475 1273 539 deiectu

57 593 215 646 aruncum,
237 572 269 633 in
290 572 423 635 discam
444 572 515 635 inde
530 582 656 654 pontem
676 572 812 655 ligneum
832 572 957 635 incendi
980 572 1076 634 voluit
1096 572 1273 646 Banmrim,

59 669 245 750 multosque
260 668 428 751 praecipuae·
435 668 621 732 auctoritatis
633 668 714 732 uiros
727 679 789 732 tam
803 669 1034 731 Ecclesiasticus
1044 689 1136 751 quam
1147 670 1274 731 moula-

62 786 121 827 res
134 766 272 847 captivos
285 765 419 826 abduci
404 764 507 846 Jnssit.

115 862 227 925 Mense
249 861 364 925 Martio
383 870 447 923 tota
465 881 557 943 prope
579 862 702 942 Europa
720 862 873 943 tympanis
893 871 924 923 et
940 862 1020 923 tubis
1031 802 1274 975 perstrepebant,

61 980 131 1020 nec
146 966 214 1020 eret
228 977 319 1039 prope
333 957 464 1040 angulus
479 958 529 1019 ubi
544 958 584 1019 ad
597 978 681 1019 arma
694 979 754 1019 non
770 958 1022 1031 conclamabatur
1035 958 1170 1020 univer-ar
1160 959 1277 1021 Prin·

64 1056 161 1137 cipes
179 1056 219 1116 ad
233 1054 339 1117 bella
330 1074 361 1115 ru
381 1055 549 1135 proximam
563 1064 697 1117 aesteoem
708 1075 830 1117 summa
847 1076 917 1117 oum
929 1074 1005 1116 cura
1021 1075 1054 1117 se
1068 1055 1275 1136 disponebant.

65 1150 195 1234 Anglia
218 1170 288 1213 oum
312 1149 415 1211 Scotia
433 1150 521 1233 sigua
544 1149 679 1213 conferre
707 1153 843 1233 parebat,
870 1152 1023 1234 Hispania
1047 1150 1224 1214 Hollaudiae
1238 1162 1276 1216 et

66 1247 205 1309 Francis
216 1246 360 1309 obsistere
373 1248 425 1327 qul
439 1256 538 1328 posset
554 1248 632 1309 serio
651 1247 861 1311 meditabatur.
902 1247 1032 1310 Francia
1043 1270 1137 1311 noras
1149 1250 1273 1330 expedi-

67 1344 173 1405 tiones
186 1344 218 1405 in
234 1344 356 1423 Italiam
370 1343 559 1415 moliebatur,
573 1354 766 1424 reteresqua;
788 1364 843 1425 per
862 1344 1057 1407 Germaniam
1077 1346 1180 1427 copias
1193 1366 1276 1408 novo

67 1439 212 1503 subsidio
229 1460 340 1522 augere
361 1439 490 1501 uolebat.
532 1440 677 1522 Belgium
701 1450 734 1502 ut
759 1440 986 1503 Hollaudorum
1011 1442 1124 1505 infecte
1150 1440 1277 1504 consilia

68 1545 224 1599 everteret
233 1537 432 1611 consultabat,
450 1536 1017 1618 HollandiaOlaesempropitiisrentis
1027 1540 1276 1601 committendum

70 1634 298 1707 concinnabat3
319 1652 449 1709 summa,
462 1652 567 1695 omnes
581 1632 778 1715 cogitationes
790 1633 823 1693 in
840 1632 874 1694 id
891 1654 986 1695 unum
1003 1634 1222 1716 dirigebantur,
1243 1645 1277 1698 ut

71 1732 206 1812 quisque
220 1730 298 1792 hosti
311 1749 366 1791 suo
378 1729 514 1811 superior
527 1728 703 1801 efficeretur,
719 1750 756 1791 aa
773 1727 918 1811 preclara
930 1730 971 1791 de
986 1728 1117 1791 inimicis
1134 1740 1279 1794 statueret

70 1827 224 1909 trophea.
269 1826 378 1891 Gallus
397 1826 519 1908 iusuper
539 1826 678 1889 omnibus
699 1826 899 1888 Generalibus
913 1846 950 1887 ao
971 1825 1179 1887 Mareschallis
1197 1828 1277 1889 serio

73 1934 275 2005 praeceperat,
297 1944 351 2005 per
371 1932 466 1985 totam
488 1922 649 1985 Franciam
672 1944 863 1986 numerosum
883 1922 1069 1984 conscribere
1083 1922 1223 1995 militem,
1245 1931 1280 1986 ut

72 2030 210 2083 exeunte
223 2040 292 2083 uero
312 2040 382 2081 cum
401 2030 529 2101 quatuor
547 2019 655 2081 validis
672 2018 853 2081 exercitibus
870 2019 951 2081 exiro
963 2019 998 2081 iu
1014 2039 1155 2101 campum
1168 2031 1278 2101 posset.

75 2117 152 2179 Nec
175 2116 233 2179 sibi
254 2117 373 2198 suisque
393 2118 482 2179 rebus
502 2118 607 2180 deerat
626 2116 659 2179 iu
680 2116 771 2179 Italia
792 2117 861 2178 Rex
881 2116 1069 2191 Catholicae,
1089 2114 1205 2198 quippe
1224 2115 1279 2196 qui

72 2233 141 2275 non
157 2222 221 2275 erat
232 2212 362 2289 nescius,
376 2213 440 2275 illio
453 2212 512 2275 sibi
524 2213 674 2294 subjectas
686 2222 780 2274 terras
793 2212 940 2275 bellorum
952 2212 1033 2274 mole
1041 2212 1197 2294 petendas,
1209 2222 1240 2274 et
1252 2212 1279 2274 si
1409 2195 1413 2205 ¹

74 2330 141 2391 qua
152 2308 219 2372 fieri
233 2318 332 2393 posset
345 2309 524 2384 obruendas,
539 2308 577 2371 de
586 2308 763 2372 ,defensione
778 2308 942 2392 plurimum
955 2317 1021 2372 erro
1033 2306 1190 2381 sollicitae,
1199 2328 1279 2389 prar-

75 2406 169 2488 cipue
189 2416 292 2468 tamen
313 2407 488 2488 providebat
507 2405 755 2490 lunenburgensi
777 2406 923 2481 Ducatui,
944 2405 977 2467 in
995 2425 1057 2486 quo
1074 2404 1282 2485 suspicabatur

77 2503 187 2566 Gallos
204 2503 363 2584 perdidam
379 2523 475 2583 nuper
493 2499 1281 2585 tensumesmgeglorumquaesimros,1='lmdrie

77 2620 202 2681 quoque
216 2609 246 2662 et
257 2599 432 2662 Brabantioe
445 2598 607 2680 duplIcatis
619 2599 732 2679 ubique
746 2599 895 2681 praesidiis
909 2597 1118 2680 prospiciebat,
1130 2596 1199 2657 loca
1208 2595 1281 2658 bine

78 2698 154 2758 iude
173 2697 286 2779 injuria
302 2696 370 2758 coeli
391 2695 497 2758 vitium
518 2715 612 2777 peasa,
633 2697 831 2769 restaurabat,
849 2695 940 2776 idque
957 2695 1014 2757 boc
1033 2693 1197 2768 mdentius,
1219 2713 1282 2773 quo

78 2793 205 2854 videbat
219 2792 392 2855 Hollandos
409 2792 598 2856 conscribere
617 2792 730 2873 cepisse
748 2801 858 2873 praeter
870 2791 1037 2854 ordinarias
1054 2788 1208 2871 cepiasad
1221 2789 1282 2850 huo

79 2889 189 2952 decem
204 2889 336 2952 militum
351 2887 458 2962 millia,
474 2897 505 2950 et
516 2887 543 2949 si
556 2887 588 2948 in
602 2907 691 2969 quem
705 2887 798 2950 finem
812 2887 957 2950 nesciret-
1119 2909 1122 2915 ’

124 2987 192 3048 Rex
206 2986 316 3048 Daniae
328 2985 469 3048 similiter
481 3005 552 3048 cum
565 2984 772 3047 selectissimas
785 2985 887 3067 copias
899 2985 972 3046 binc
991 2984 1063 3048 inde
1080 2985 1206 3067 sparsim
1219 2986 1282 3048 ool-

80 3083 215 3166 legisset,
234 3089 375 3162 tutusque
392 3082 466 3144 satis
485 3081 516 3142 in
535 3080 617 3144 sicco
632 3079 697 3142 solo
716 3101 779 3142 esse
792 3080 947 3143 rideretur
963 3081 1088 3142 ausim
1104 3101 1225 3163 quoque
1239 3083 1280 3145 ad

82 3179 223 3242 revelem
236 3179 402 3242 exercitum
418 3176 588 3261 cogendum
602 3177 715 3260 adjecit
727 3179 875 3253 animm,
887 3197 925 3254 ac
938 3198 1009 3239 mox
1026 3177 1172 3259 plurimas
1187 3200 1282 3242 naves

84 3275 192 3336 Albim
217 3274 434 3358 Visurgimque
460 3293 614 3355 pererrare
639 3275 744 3349 uoluit,
773 3295 842 3355 qum
869 3275 1058 3336 occurrentia
1081 3286 1282 3339 mercamrum

82 3371 210 3454 navigia
222 3391 385 3452 eorumque
401 3391 515 3434 merces
528 3371 634 3434 sedulo
648 3371 866 3447 examinarent,
879 3371 1049 3452 teloniaqua
1061 3386 1264 3455 exposcerem.

125 3468 177 3530 Ita
191 3467 284 3550 igitur
301 3469 390 3530 rebus
403 3468 538 3548 undique
552 3469 678 3530 turbatis
691 3469 755 3530 sole
768 3489 860 3550 prope
875 3468 985 3530 Suecia
997 3469 1030 3529 in
1041 3469 1187 3532 altissima
1200 3471 1284 3533 rire-

84 3566 136 3626 bet
149 3585 234 3646 pace,
250 3565 473 3646 plurimumque
487 3565 639 3647 gaudebat
651 3574 682 3626 ct
693 3565 900 3628 delectabatur
911 3573 974 3626 tam
989 3567 1139 3648 opuleut'm
1155 3567 1284 3628 Germa·

85 3665 146 3730 aire
166 3665 324 3742 theseum
345 3675 471 3749 argento
491 3685 565 3726 auro
581 3663 829 3748 supellectilaqua
846 3665 978 3748 preciosa
997 3676 1169 3729 amarorum
1185 3677 1233 3729 ter
1252 3675 1284 3729 et
