3225 4700
493 343 519 408 I
525 341 810 410 TINERARI
814 344 902 412 ΠΜ.
1229 343 1293 408 387

76 493 296 576 grediendum
309 514 372 556 esse
387 495 534 576 usquead
546 515 658 578 pagum
673 495 852 572 Newkirch,
863 494 944 558 nude
958 495 1121 556 emiserunt
1132 492 1248 575 aliquos
1258 503 1291 555 ut

76 591 229 671 captivos
241 591 358 672 aliquot
370 592 565 667 adducerent,
581 612 618 652 ex
636 593 747 673 quibus
759 601 919 674 postquam
933 601 1140 674 coguoverunt
1152 591 1229 652 nihil
1241 593 1288 652 in·

75 687 227 749 notuisse
245 687 285 748 de
304 688 437 749 adventu
453 687 828 750 BavamCoesariauorum
846 689 878 750 in
899 689 1003 750 castris
1021 689 1210 760 adversariis,
1225 689 1289 770 ipsa

77 783 235 865 praetoria
248 792 347 845 castra
360 785 456 866 primi
469 784 605 846 omnium
617 785 825 867 aggredienda
843 784 1050 860 decreverunt,
1065 785 1147 866 quod
1161 785 1289 846 feliciter

77 893 120 943 ct
133 881 257 943 nemine
269 901 388 962 prorsus
401 881 576 943 advertente
587 882 723 964 contigit
766 881 921 944 Werthius
932 903 1002 944 eum
1013 882 1180 963 prodromis
1193 883 1288 963 copiis

77 979 225 1060 primum
239 979 328 1039 duxit
339 998 447 1060 agmen
462 998 592 1059 quocum
603 987 685 1041 recta
694 979 734 1040 ad
747 979 814 1061 ipsa
825 989 974 1042 tormenta
987 978 1106 1041 hostilia
1125 980 1285 1061 promovit,

78 1077 190 1158 iisque
202 1077 313 1158 potitus
326 1084 382 1148 est,
396 1076 534 1138 omnibus
547 1075 619 1150 illis,
633 1076 686 1157 qui
699 1077 738 1138 sd
749 1077 804 1139 illa
813 1077 1011 1149 excubabant,
1025 1077 1129 1152 coesis5
1151 1077 1286 1158 reliquus

79 1172 215 1234 interim
234 1173 383 1234 exercitus
403 1171 577 1255 Tutlingam
600 1172 705 1249 cinxit,
727 1183 757 1236 et
776 1172 967 1256 generalibus
987 1171 1127 1234 omuibus
1145 1173 1198 1253 qui
1218 1173 1286 1235 istic

81 1280 296 1332 couvenerant
308 1289 461 1352 egressum
474 1269 622 1350 praecidit.

133 1365 215 1428 Haec
228 1366 331 1427 omnin
342 1364 415 1426 licet
425 1366 490 1426 siue
502 1385 614 1448 magno
623 1366 756 1428 tumultu
768 1367 948 1448 gerebantur
962 1386 1022 1427 uon
1033 1374 1171 1448 poteraut
1184 1375 1285 1428 temen

82 1465 147 1526 din
160 1462 252 1524 latere
266 1460 447 1524 Generalem
460 1461 543 1522 Rosa
554 1461 608 1541 qui
620 1482 691 1522 cnm
705 1462 874 1543 aliquorum
887 1472 1104 1525 tormentorum
1117 1464 1284 1544 strepitum,

83 1580 161 1641 quar
175 1561 214 1622 de
228 1559 385 1621 Bavaricis
395 1559 520 1639 quidam
532 1559 649 1640 injussu
662 1559 775 1620 ducum
789 1559 960 1640 importune
973 1571 1204 1623 exoneraverant
1217 1581 1285 1642 per-

83 1657 229 1738 cepisset,
251 1675 425 1737 progressus
447 1655 569 1734 quidem
591 1653 693 1736 aliquo
715 1674 810 1735 usque
831 1675 902 1717 cum
922 1656 984 1718 suis
1003 1657 1096 1739 copiis
1116 1673 1150 1720 ut
1169 1659 1286 1721 videret

84 1754 169 1836 quid
183 1763 330 1835 ageretur,
343 1751 397 1813 sed
406 1761 441 1812 ut
453 1749 577 1832 plenum
589 1750 720 1813 hostium
733 1772 857 1813 suorum
869 1771 977 1834 agmen
991 1751 1023 1814 in
1034 1754 1148 1836 campis
1158 1759 1284 1833 notavit,

85 1851 191 1912 noluit
207 1850 269 1912 suis
286 1849 375 1910 rebus
393 1849 506 1922 deesse,
520 1847 625 1930 fugam
638 1848 766 1930 arripuit
784 1859 815 1910 et
828 1848 860 1909 iu
874 1859 974 1910 tutum
987 1869 1019 1910 se
1033 1852 1241 1932 comportavit,
1255 1862 1286 1914 et

86 1949 163 2009 licet
182 1945 372 2007 Hatafeldius
389 1945 539 2024 equitatus
556 1953 672 2025 partem
689 1944 808 2026 insequi
823 1943 957 2026 jusserit,
980 1963 1040 2004 nou
1060 1954 1105 2005 est
1124 1957 1282 2008 assecutus.

87 2044 218 2107 Meliori
236 2043 356 2104 somnne
374 2038 539 2122 Sporckius
552 2041 699 2122 pugnavit
715 2050 822 2102 contra
833 2041 939 2101 decem
956 2037 1088 2120 legiones
1102 2041 1284 2105 Wimarien·

84 2163 154 2203 ses:
186 2140 362 2222 Moringam
380 2137 441 2198 illae
454 2138 663 2218 properabant,
677 2136 709 2197 in
722 2157 796 2217 quas
813 2135 974 2218 majoribus
987 2135 1095 2197 animis
1108 2157 1198 2218 quam
1212 2139 1285 2201 viri·

85 2241 147 2301 bus
169 2237 266 2312 irruit,
287 2247 317 2297 et
336 2233 521 2316 potissimam
541 2243 657 2314 partem
680 2232 791 2294 cecidit
813 2231 942 2294 obtentis
961 2232 1079 2294 vexillis
1098 2237 1284 2315 equestribus

87 2352 170 2411 octo,
184 2335 383 2415 omnibusque
395 2329 625 2414 impedimentis.

130 2433 283 2515 Tutlingae
303 2432 405 2510 itaque
421 2448 525 2490 omues
545 2426 699 2509 generales
719 2427 843 2507 dempto
860 2426 942 2488 Rosa
961 2428 1118 2511 intercepti
1131 2437 1210 2503 sunt,
1229 2429 1282 2490 ob·

88 2542 176 2592 teuta
192 2527 303 2590 vexilla
322 2526 462 2608 plurima,
484 2522 701 2605 impedimenta
720 2542 812 2603 prope
836 2524 937 2584 omnia
956 2524 1017 2585 und
1040 2545 1110 2586 cum
1131 2534 1283 2587 menstruo

88 2626 240 2707 stipendio
251 2624 343 2686 totius
352 2621 501 2683 exercitus
514 2630 545 2681 et
554 2628 697 2701 argentea
705 2618 911 2700 suppellectile
923 2631 1043 2682 centum
1056 2622 1188 2683 millibus
1198 2642 1283 2683 coro-

90 2732 233 2783 natorum
250 2720 397 2781 aestimata
414 2736 450 2778 ac
469 2727 552 2777 veste
572 2715 670 2776 omnis
690 2714 809 2797 generis
826 2717 970 2797 preciosa.
1013 2717 1191 2779 Occisorum
1212 2717 1283 2779 iniri

89 2840 151 2880 non
165 2818 263 2900 potuit
275 2835 426 2886 numerus,
440 2823 511 2875 sunt
520 2824 619 2875 tamen
632 2814 686 2893 qni
700 2813 850 2874 aestiment
861 2814 1034 2875 occubuisse
1045 2814 1133 2875 facile
1144 2814 1283 2876 termille

90 2916 292 2998 quingentos;
324 2934 361 2973 ac
383 2912 463 2973 inter
483 2909 537 2971 hos
560 2910 635 2970 duas
658 2908 792 2991 legiones
817 2908 1018 2971 Roberianam
1038 2920 1068 2972 et
1092 2909 1281 2972 Mazurinam

89 3013 210 3094 penitus
229 3010 373 3073 concisas.
414 3007 613 3088 Captivorum
633 3025 792 3066 numerum
813 3024 865 3066 sex
883 3005 979 3066 millia
996 3026 1147 3087 superasse
1165 3018 1282 3088 putant,

89 3119 201 3193 prater
213 3108 449 3190 quadringentos
461 3103 566 3186 magni
579 3102 711 3163 nominis
724 3112 755 3162 et
766 3101 931 3163 nobilitatis
944 3102 1024 3163 viros
1038 3104 1070 3163 in
1084 3102 1191 3183 quibus
1208 3104 1283 3165 duos

90 3206 170 3268 filios
185 3203 378 3267 Mareschalli
392 3202 430 3263 de
441 3200 521 3263 Vitri
531 3198 623 3260 fuisse
637 3207 783 3274 asserunt,
794 3198 847 3279 qui
858 3198 962 3279 praelio
975 3198 1145 3261 adfuerunt.
1188 3199 1284 3262 Haud

91 3304 243 3386 ingratum
257 3302 320 3363 sore
333 3298 436 3382 putavi
449 3298 476 3359 si
488 3297 548 3359 buc
562 3307 751 3358 conecterem
761 3296 980 3378 praecipuorum
992 3295 1180 3377 captivorum
1193 3297 1283 3379 sylla·

90 3404 174 3463 bum.

127 3498 175 3559 Ex
189 3494 390 3559 Ranzovianis
407 3493 501 3577 igitur
519 3499 625 3573 captus
638 3501 683 3553 est
697 3491 761 3573 ipse
776 3489 925 3572 imprimis
943 3490 1150 3571 campiductor
1164 3491 1283 3553 Ranzo·

90 3597 156 3656 vius
172 3594 220 3657 vir
236 3613 359 3675 corpore
376 3590 500 3673 quidem
517 3587 634 3662 mutilo,
653 3587 765 3669 quippe
783 3588 837 3667 qui
857 3587 947 3648 unico
967 3596 1085 3649 tentum
1103 3588 1200 3664 oculo,
1223 3608 1284 3649 uno

92 3691 213 3753 brachio
226 3700 256 3752 et
271 3710 331 3751 uuo
343 3689 420 3769 pede
434 3686 529 3748 utitur
538 3685 593 3747 sed
604 3683 705 3746 animo
719 3685 836 3768 integro
849 3694 880 3745 et
889 3684 1023 3755 militari,
1040 3684 1121 3746 Baro
1134 3684 1171 3747 de
1181 3684 1283 3765 Syrol,
