3225 4700
489 333 514 400 l
519 330 576 400 TI
580 327 800 402 NERARI
810 333 896 401 UM.
1236 345 1291 405 101

68 483 192 544 voluit.
238 482 366 545 Interim
386 482 605 545 Mureschallus
623 484 708 567 Ligae
722 484 745 546 J
746 504 857 547 oannes
876 486 957 548 thz
973 486 1159 571 landgravii
1175 488 1297 551 Hessiae

69 580 265 651 exereitum,
279 582 386 642 tamin
401 580 596 661 Westphaliae
613 602 702 662 quam
718 581 838 644 Hassioe
853 583 966 645 finibus
979 586 1055 645 adeo
1068 585 1247 659 debilitavit,
1262 593 1298 646 ut

70 676 233 757 primores
245 677 405 739 Ostiorum
418 698 555 758 proceres
573 679 611 739 de
624 698 698 759 paee
714 698 784 739 eum
798 678 918 741 Caesare
931 680 1125 743 restaurandi
1140 681 1296 762 militeque

74 773 281 848 dimittendo,
304 773 431 836 consilia
452 782 579 835 tractare
602 774 746 856 ceperint.
790 774 861 836 Hoc
885 775 947 837 iere
971 778 1076 839 eodem
1100 786 1234 858 tempora
1257 778 1296 839 de

76 880 211 932 centum
223 881 255 932 et
267 870 487 952 quinquaginta
500 869 632 932 bostium
648 872 787 947 navibus,
803 872 835 932 in
849 872 951 934 nescio
967 894 1057 954 quam
1074 874 1296 954 expeditionem

78 967 274 1049 praeparatis,
288 967 374 1029 nobis
392 967 562 1041 nunciatur,
578 968 610 1027 iu
624 987 699 1048 quas
717 988 788 1029 oum
807 969 901 1031 nostri
914 970 1027 1039 edalo,
1036 971 1236 1046 intenderent,
1251 970 1297 1031 nil

78 1063 259 1145 quidquem
272 1074 347 1126 tune
360 1063 485 1144 quidem
501 1062 696 1125 attentirunt.
1040 1120 1045 1127 .

127 1162 200 1223 Nee
212 1162 245 1221 in
255 1160 374 1223 Alsatid
383 1161 513 1221 minores
524 1160 688 1242 progressis
703 1170 775 1222 tunc
789 1161 898 1244 egebat
906 1161 1043 1223 Joaunes
1057 1161 1213 1224 Wertbius
1226 1182 1297 1225 con·

78 1266 133 1319 tra
157 1257 409 1319 Wimariensium
432 1256 606 1317 audaciam:
639 1278 709 1319 oum
733 1258 842 1338 quibus
868 1259 1052 1339 quotidianis
1075 1257 1297 1320 velitationibus

81 1354 244 1437 agendm
255 1362 329 1415 erat.
366 1352 516 1415 Emiserat
526 1353 600 1413 Dux
611 1353 785 1416 Bernardus
796 1354 982 1437 Magistrum
995 1356 1146 1436 quendem
1161 1355 1297 1435 equitnm

83 1472 159 1512 cum
172 1450 326 1532 octoginta
336 1450 508 1530 Equitibus,
519 1460 554 1511 ut
567 1450 605 1511 de
614 1448 745 1511 bostium
756 1452 988 1513 commoratione
998 1461 1028 1513 et
1038 1451 1172 1513 consiliis
1182 1451 1297 1532 disqui-

83 1557 181 1623 reret,
196 1548 251 1629 qui
269 1568 339 1608 oum
358 1546 546 1627 aliquantum
567 1546 695 1627 amplius
713 1566 887 1629 progressus
899 1548 1004 1610 fnisset
1019 1548 1111 1629 quim
1124 1548 1296 1622 debebutd

86 1644 188 1705 tribus
207 1644 390 1726 legionibus
404 1642 589 1704 Werthienis
610 1642 754 1725 cingitur,
774 1642 895 1725 ipseque
913 1665 984 1705 cum
1001 1645 1158 1726 sexaginta
1177 1644 1297 1725 Equiti·

87 1740 148 1801 bus
169 1740 298 1821 capitur.
350 1738 454 1821 Hujus
476 1739 572 1801 eladis
592 1740 698 1801 nuncii
720 1759 790 1801 eum
809 1738 919 1819 reliqui
937 1740 1046 1821 viginti
1062 1740 1103 1801 ed
1124 1750 1222 1801 eastre
1243 1760 1297 1801 sua

88 1836 272 1912 rediissent,
289 1837 413 1918 jubetur
430 1835 588 1897 confestim
603 1835 778 1897 Oolouellus
792 1836 860 1896 Noa
873 1855 943 1897 cnm
958 1835 1054 1897 tribus
1066 1836 1175 1897 turmis
1192 1846 1298 1898 contra

89 1934 241 1995 Caesarios
257 1930 373 2015 egredi,
392 1932 446 1994 sed
465 1940 495 1995 et
514 1931 547 1993 hi
567 1932 585 1993 d
603 1930 860 2013 cataphractorum
878 1932 1012 2013 quinque
1031 1932 1141 1993 turmis
1159 1932 1296 2013 dissipati

90 2042 175 2101 sunt,
186 2029 220 2090 in
232 2049 360 2111 quorum
370 2049 544 2090 succursum
559 2030 664 2091 decem
676 2035 788 2088 turmas
799 2027 950 2110 ablegavit
959 2028 1178 2103 Wimariensis,
1189 2037 1219 2090 et
1232 2030 1296 2110 ipse

90 2146 131 2187 ex
146 2124 405 2188 Bottendorffiani
414 2124 533 2209 legione
542 2124 730 2207 manipulum
740 2124 855 2198 eduxit,
865 2125 919 2186 sed
927 2144 998 2186 eum
1010 2124 1201 2187 Cesareanos
1210 2127 1296 2188 vide·

92 2234 140 2285 ret
157 2224 279 2285 strenue
298 2232 329 2284 et
347 2224 460 2303 ubsque
480 2222 542 2283 ullo
557 2232 640 2284 metu
657 2221 689 2282 in
711 2241 780 2283 suos
798 2221 854 2295 ire,
875 2221 1053 2283 retrocessit.
1094 2222 1200 2302 quue
1218 2233 1297 2285 tem·

91 2340 166 2402 pore
177 2318 358 2396 Werthiani,
369 2328 471 2401 erepto
484 2339 545 2380 uno
557 2318 644 2402 signo
657 2316 798 2400 Equestri
811 2318 963 2400 captisque
973 2339 1034 2380 uno
1048 2317 1190 2400 prefecto
1202 2320 1297 2402 Equi·

93 2429 161 2478 tum
173 2426 204 2478 et
216 2417 333 2478 duobus
345 2415 614 2478 locumtenentibus
631 2435 701 2476 eum
718 2415 919 2497 quadraginta
937 2414 1109 2496 Equitibus,
1123 2416 1298 2479 cecideruut

95 2514 317 2596 quinquaginta
331 2511 586 2574 Wimariensinm.

136 2609 308 2672 Accersitus
325 2620 369 2672 est
387 2611 442 2672 sub
460 2609 526 2670 bueo
544 2617 678 2691 tempora
692 2609 710 2670 d
725 2607 896 2670 Galliarum
911 2608 998 2691 Rege
1014 2609 1228 2671 Serenissimus
1244 2610 1299 2672 Sa·

94 2707 215 2770 bandiee
230 2706 304 2768 Dux
316 2706 424 2768 Victor
437 2707 611 2782 Amedaeus,
627 2705 772 2781 Parisios,
786 2713 821 2766 nt
836 2705 1006 2787 conjunctis
1021 2705 1155 2766 consiliis
1168 2707 1207 2768 de
1220 2707 1298 2770 bello

95 2815 202 2866 contre
211 2803 362 2885 Hispanos
375 2804 407 2864 in
419 2801 508 2864 Italia
521 2803 724 2884 promovendo
737 2809 932 2878 tractaretur3
954 2802 1025 2881 qub,
1037 2803 1134 2885 magis
1146 2805 1179 2864 in
1189 2825 1296 2885 pacem

96 2901 187 2981 qnam
200 2901 279 2961 bella
291 2920 414 2981 pronus,
427 2901 558 2982 optimus
573 2900 656 2971 Dux,
667 2919 729 2960 uua
741 2919 812 2958 eum
822 2897 941 2960 Comite
955 2900 993 2959 de
1004 2899 1108 2960 Verua
1120 2899 1206 2961 abiit.
1236 2900 1298 2963 Sed

98 3017 157 3058 non
170 2997 265 3058 multo
276 3005 342 3079 post
352 3016 423 3057 oum
438 2997 560 3057 domum
572 2995 707 3058 rediisset
720 3014 757 3056 ex
767 2993 916 3075 insperato
929 2994 991 3055 und
1002 3015 1072 3056 cum
1085 2996 1168 3057 dieto
1178 2996 1298 3059 Comite

98 3115 151 3156 suo
164 3105 298 3154 mortuus
314 3103 358 3154 est
374 3113 502 3173 eumque
516 3093 635 3174 jndicio
652 3093 840 3154 medicorum
857 3111 936 3152 mors
954 3091 1006 3151 illa
1023 3093 1171 3155 medicato
1188 3093 1299 3175 poculo

99 3191 326 3266 adscriberetur,
341 3189 471 3270 suspicio
485 3189 543 3251 fine
556 3189 627 3270 ipsis
640 3189 718 3250 inter
732 3188 838 3249 Gallos
848 3208 997 3249 venenum
1010 3187 1102 3250 fuisse
1115 3189 1245 3251 dilutum
1259 3211 1296 3251 ec

99 3287 298 3368 propinatum.
354 3285 474 3347 Infeliei
497 3305 616 3366 quoque
637 3293 746 3346 eventu
767 3294 895 3365 quatuor
920 3285 1127 3366 Hispanorum
1148 3287 1244 3347 millia
1265 3287 1298 3347 in

101 3383 215 3444 Gallias
233 3383 413 3464 irruperunt,
431 3403 468 3444 ex
486 3382 604 3464 quibus,
619 3382 765 3444 sexcentis
779 3381 885 3462 captis,
900 3381 1013 3442 relictis
1026 3393 1093 3463 post
1109 3403 1141 3444 se
1159 3385 1300 3445 omnibus

101 3479 322 3561 impedimentis
342 3488 373 3540 et
390 3479 547 3561 sexaginta
566 3479 721 3541 tormentis
744 3477 916 3554 metallinis,
938 3497 974 3539 ae
996 3479 1170 3559 quindecim
1190 3479 1298 3561 signis,

100 3576 207 3656 reliqui
220 3578 300 3659 aegre
313 3577 353 3637 ad
365 3597 434 3638 snos
448 3576 573 3638 eredere
586 3583 756 3656 potuerunt.

142 3671 221 3735 Haee
235 3673 309 3736 dum
322 3674 360 3736 ab
369 3674 436 3736 eliis
449 3673 521 3736 alibi
534 3681 674 3756 aguntur,
686 3672 781 3736 nostri
793 3671 914 3735 interim
928 3671 961 3734 in
972 3671 1152 3736 Pomeranii
1165 3692 1227 3733 non
1240 3671 1297 3734 oti-
