3225 4700
259 687 319 714 ,
476 599 523 724 ²2¹
580 621 707 728 ’ᾖξε
845 600 893 728 ³2²
1031 628 1078 733 121
1187 610 1221 714 9.

523 914 713 990 CAPUT
748 916 842 993 LII.

366 1088 467 1159 Initia
485 1090 689 1161 Comitiomr'n
705 1094 986 1164 Rctiebonenrium.

78 1299 85 1358 ,ς
241 1313 332 1494 ἢ
362 1276 528 1340 IXIMUS
549 1278 684 1359 superius
699 1278 828 1359 paucula
846 1279 997 1360 quaedam,
1011 1299 1080 1363 qnae
1094 1281 1133 1343 de
1154 1281 1277 1347 Noricis

314 1517 345 1558 3
379 1470 412 1530 in
432 1470 541 1553 vulgus
559 1471 750 1551 prodierunt:
771 1472 825 1531 ubi
845 1491 964 1555 quoqne
983 1474 1176 1535 meminimus
1192 1476 1275 1555 qnod

296 1521 325 1646 „h
381 1565 603 1629 invictissimus
623 1566 828 1629 Romanorum
857 1569 1024 1650 Imperator
1046 1571 1275 1635 Fannnunuus

330 1691 333 1698 =
380 1661 447 1723 III.
472 1664 510 1724 de
533 1662 593 1724 alio
615 1674 765 1725 conventu
786 1664 865 1725 serio
888 1665 1070 1741 deliberarit,
1094 1687 1129 1728 ac
1151 1668 1275 1731 tandem

85 1753 109 1778 “’
144 1759 152 1768 '
184 1747 188 1762 ¹
221 1739 250 1764 ”’
332 1745 339 1790 Q
378 1757 557 1821 concluserit
570 1759 763 1820 Ratisbonam
774 1780 879 1821 omnes
893 1760 1046 1822 Electores
1058 1782 1094 1823 ac
1107 1765 1274 1845 praecipuos

70 1854 207 1935 Imperii
222 1854 382 1937 Principes
396 1874 432 1916 ao
445 1864 539 1917 status
549 1855 587 1931 (ai
601 1853 724 1935 quidem
737 1855 768 1917 id
781 1856 845 1917 ullo
857 1856 947 1917 modo
960 1855 1027 1916 fieri
1040 1861 1150 1938 posset)
1163 1859 1195 1919 in
1204 1880 1274 1940 per-

69 1951 150 2011 sond
170 1952 292 2033 proprii
308 1952 419 2034 scripto
440 1970 575 2026 evocare,
594 1951 675 2033 quod
697 1951 805 2013 Mense
826 1953 850 2015 J
853 1952 915 2014 ulio
938 1953 1060 2014 tandem
1081 1972 1272 2036 progressum

70 2046 193 2120 habuit,
209 2066 245 2107 ac
257 2047 321 2128 ipse
335 2046 505 2128 imperator
515 2047 593 2109 inter
606 2046 716 2128 primos
724 2048 846 2109 Vienna
858 2048 935 2110 istuc
948 2068 980 2111 se
993 2048 1128 2110 conferre
1142 2069 1202 2110 non
1216 2051 1273 2112 dn·

71 2142 197 2217 bitavit,
211 2143 290 2205 unde
309 2152 339 2204 et
355 2146 457 2205 omnia
474 2143 607 2205 ordinari
624 2142 803 2225 disponique
817 2145 935 2206 curavit
951 2145 1025 2206 dum
1038 2144 1089 2206 alii
1112 2144 1272 2227 Principes

73 2239 282 2301 convenirent.
323 2239 425 2301 Tertia
442 2240 543 2320 itaque
559 2239 583 2301 J
585 2238 640 2300 ulii
661 2239 859 2323 Magistratus
877 2241 998 2302 urbicus
1011 2240 1195 2316 Ratisbonae,
1210 2260 1271 2303 una

75 2355 149 2397 cum
169 2335 285 2398 civibus
306 2335 483 2418 Imperatori
502 2334 687 2418 homagium,
704 2338 845 2418 praestitit
860 2358 896 2399 ac
916 2339 1017 2399 sancte
1037 2336 1129 2399 fidem
1141 2338 1270 2419 juravit,

75 2443 182 2494 contra
194 2453 265 2495 vero
280 2432 448 2514 Imperator
461 2432 636 2494 Camarario
651 2434 733 2495 urbis
752 2454 806 2515 per
824 2434 1084 2495 commendantem
1102 2434 1269 2497 Dominum

79 2530 118 2590 de
138 2527 274 2590 Reinach
293 2529 393 2591 claves
411 2530 498 2591 reddi
513 2529 616 2610 jussit,
630 2549 734 2592 omnes
748 2549 868 2611 quoquc
886 2529 1041 2591 Electores
1055 2551 1108 2612 per
1130 2530 1270 2613 legatos,

79 2634 145 2686 tum
162 2623 209 2685 rel
227 2625 375 2705 imprimis
394 2625 564 2688 Electorern
584 2623 734 2687 Saxonem
753 2645 806 2706 per
828 2624 1004 2706 Principem
1018 2626 1057 2688 de
1076 2625 1269 2689 Iockhowits

84 2721 122 2782 ad
141 2721 259 2782 comitia
278 2721 502 2803 perhumaniter
519 2719 669 2782 invitavit.
711 2721 803 2784 Circa
816 2723 921 2784 eadem
934 2723 996 2783 fera
1009 2731 1144 2804 tempora
1157 2723 1269 2785 Iotha·

81 2816 184 2898 ringiae
199 2817 282 2893 Dux,
297 2827 327 2879 et
340 2817 445 2900 legati
460 2817 557 2878 Ducis
572 2815 836 2900 Brandcnburgici
851 2818 1046 2880 Ratisbonam
1060 2820 1257 2881 advenerunt.

122 2912 231 2984 Quarta
252 2914 275 2977 J
278 2913 332 2974 ulii
353 2913 549 2995 Magistratus
573 2915 799 2978 Ratisbonensis
823 2916 924 2976 Sacrae
942 2915 1088 2978 Caesareae
1113 2914 1269 2995 Majestati

84 3008 217 3090 poculum
228 3029 353 3072 aureum
363 3030 452 3072 aurea
461 3023 582 3076 moneta
595 3031 753 3096 pregnans,
762 3031 825 3073 una
835 3031 906 3072 cum
914 3011 1031 3072 duobus
1041 3011 1105 3073 vini
1116 3010 1268 3085 Rhenani,

85 3115 113 3168 et
125 3105 187 3168 aliis
198 3106 311 3168 duobus
324 3107 389 3167 vini
409 3107 567 3170 Malvatici
587 3109 685 3183 doliis,
701 3107 818 3170 dnobus
831 3106 903 3168 item
917 3106 1056 3167 curribus
1069 3127 1165 3168 arena
1176 3127 1266 3169 onus·

86 3202 131 3277 tis,
140 3203 297 3284 peregrinis
306 3224 424 3286 quoque
434 3213 464 3264 et
474 3204 609 3266 delicatis
618 3203 750 3284 piscibus
758 3201 878 3276 obtulit,
888 3222 945 3263 nec
955 3203 1055 3263 minus
1066 3202 1268 3265 Marsschallo

89 3297 204 3379 Imperii
215 3321 283 3362 cum
297 3300 427 3362 sedecim
441 3301 505 3362 vini
524 3301 628 3383 optimi
646 3300 806 3376 cantharis,
828 3319 936 3361 currus
952 3318 1055 3360 avenae
1071 3309 1268 3381 presentatus

90 3405 138 3456 est.

127 3493 288 3574 Antequam
308 3514 378 3554 vcro
401 3513 486 3556 sacra
502 3494 642 3557 Cesarea
664 3494 809 3576 Majestas
827 3492 1022 3554 Ratisbonam
1042 3493 1168 3577 appulit,
1188 3494 1269 3557 Con·

91 3598 184 3650 ventus
197 3589 402 3672 Norimbergae
416 3611 470 3672 per
484 3591 613 3673 legatos
626 3589 779 3651 institutus
797 3589 942 3670 paulatim
959 3590 999 3651 ad
1016 3589 1108 3651 finem
1123 3590 1266 3661 decurrit,

94 3684 120 3745 in
138 3705 192 3770 qno
210 3695 314 3767 practer
334 3686 507 3748 Electornm
528 3688 694 3769 deputatos,
708 3687 815 3748 horum
830 3707 949 3769 quoque
963 3685 1144 3769 Principum
1160 3689 1267 3770 legati

637 3805 658 3842 ιι
671 3804 691 3842 ιι
