3225 4700
506 298 910 404 rr'rnununrurr.
1254 346 1313 409 179

97 482 188 543 riam
200 483 286 544 urbis
294 484 464 548 Ecclesiam
474 496 542 548 octo
552 488 721 569 Cepitsuei,
732 491 786 571 qui
796 490 887 552 funus
901 493 917 553 ὲ
932 512 1023 555 curru
1035 504 1220 571 exemerunt,
1231 517 1268 558 sc
1279 498 1312 558 in

98 576 232 639 flocello
247 581 379 660 quodum
396 582 541 663 tantisper
558 585 772 665 deposuerunt,
792 587 890 649 donec
907 588 995 670 copia
1012 588 1097 651 fieret
1110 590 1257 653 sreheudi
1272 593 1311 655 ed

97 694 181 736 eum
189 676 289 737 locum
301 677 354 738 ubi
364 676 676 741 Saxo-Wimarieuses
683 682 803 763 sepeliri
815 693 1040 747 consueverant.
1070 686 1146 747 Mox
1155 687 1309 749 Concioue

99 771 167 851 ipsi
183 772 381 833 Parentotum
396 774 516 835 estsine
530 774 599 837 ullis
615 776 695 838 ultro
711 779 899 853 ceremoniis,
922 780 1115 861 nequeenim
1130 782 1308 845 Luthersnis

103 868 257 929 Sectoriis
269 869 313 929 fas
325 880 370 931 est
382 870 457 931 alies
474 872 615 952 exequias
632 872 792 948 celebrare,
813 874 924 955 quippe
943 876 996 955 qui
1015 877 1065 957 pie
1083 897 1138 958 pro
1158 878 1308 939 defunctis

102 962 257 1046 suffiugis
277 966 315 1026 eb
332 967 415 1027 omui
436 976 516 1029 retro
532 968 702 1049 posteritate
715 969 734 1029 d
747 969 995 1051 Religiosissimis
1016 972 1178 1053 majoribus
1198 973 1308 1035 uostris

102 1060 231 1136 usitate,
245 1062 283 1122 ub
300 1082 378 1123 nove
392 1063 529 1126 Ecclesia
542 1085 598 1127 suc
614 1075 760 1127 ueternum
778 1066 1028 1147 proscripserunt,
1046 1082 1207 1131 asserentes
1223 1070 1307 1133 nullo

103 1156 262 1218 defunctis
273 1157 293 1218 l
305 1158 477 1221 viventibus
490 1160 625 1223 exsoluta
636 1171 707 1223 vote
718 1163 870 1244 prodesse,
884 1163 1005 1223 credam
1023 1164 1057 1224 id
1074 1165 1214 1244 equidem
1228 1166 1254 1227 si
1267 1166 1308 1228 de

104 1252 260 1317 lraereticis
272 1256 306 1316 id
319 1264 464 1332 asserem,
477 1278 586 1341 negem
599 1278 672 1320 vero
684 1258 711 1320 si
723 1259 762 1321 de
775 1258 951 1321 orthodoxis
963 1280 1062 1321 sermo
1073 1260 1122 1323 sit.

145 1350 302 1413 Vicesime
312 1352 473 1435 hujusdem
484 1362 696 1416 testamentum
708 1375 761 1417 seu
772 1354 882 1417 ultime
893 1356 1031 1419 voluntas
1046 1356 1144 1417 Ducis
1157 1355 1307 1439 resignato

101 1456 162 1520 est,
176 1467 238 1529 qus
250 1446 370 1530 legobet
381 1448 540 1512 colonello
553 1449 683 1512 Oeheim
699 1459 735 1512 ut
754 1451 906 1513 Directori
925 1454 1073 1515 exercitus
1092 1460 1123 1515 et
1140 1452 1307 1536 Rehlingio

102 1564 164 1605 ceu
178 1545 330 1607 Anemuri
343 1546 470 1629 siugulis
482 1546 590 1608 vicena
602 1547 698 1609 millis
711 1547 929 1629 Impericlium.
951 1548 1065 1611 comiti
1076 1548 1224 1611 Nassovio
1233 1568 1306 1610 vero

101 1660 164 1703 cen
177 1641 335 1719 Geuemli,
354 1642 497 1705 Erlschio
513 1653 544 1705 et
561 1644 653 1707 Rosae
670 1644 780 1725 cuique
798 1645 937 1707 duodeno
956 1644 1053 1707 millis
1072 1643 1302 1726 Imperiolium:

104 1737 294 1800 Proedicsnti
307 1759 362 1799 suo
373 1747 520 1820 quaterne
531 1740 629 1801 millio
642 1740 873 1822 Imperinlium3
894 1740 1013 1803 Aulicis
1023 1742 1095 1803 item
1108 1761 1163 1822 pro
1174 1760 1228 1804 suo
1238 1740 1304 1803 cui·

101 1854 166 1915 que
182 1853 307 1897 munere
326 1844 439 1897 certum
459 1838 597 1919 pecunie
618 1858 778 1901 summum.
821 1838 933 1901 Debita
950 1837 989 1919 (si
1006 1857 1076 1919 quor
1093 1836 1204 1913 forent)
1224 1836 1301 1899 solvi

101 1930 203 1993 voluit
224 1952 263 1992 ex
284 1931 422 2013 cymeliis
444 1934 593 2015 rebusque
614 1933 768 2016 preciosis.
810 1932 947 2016 Singulis
970 1933 1043 1995 item
1065 1930 1230 1993 Colouellis
1250 1952 1303 1994 sex

103 2026 205 2089 millis
224 2028 433 2109 Imperislium
456 2030 564 2092 eodem
583 2040 760 2092 testamento
783 2030 1006 2093 tmuscribebut.
1049 2027 1192 2091 Geuemli
1212 2048 1302 2110 porro

103 2123 279 2206 vigiliarum
290 2124 440 2188 Praelecto
453 2126 606 2198 Erlschio‚
619 2127 700 2188 sicut
711 2135 742 2187 et
757 2124 922 2189 colonellis
939 2124 1078 2200 Oeheim,
1098 2125 1130 2187 N
1131 2126 1256 2202 essoris,
1272 2136 1303 2189 et

104 2222 197 2284 Ruso
208 2222 374 2284 exmcitum
387 2243 458 2284 cum
471 2223 597 2305 imperio
612 2222 848 2294 commendavit,
861 2222 961 2303 quood
979 2221 1117 2285 Francius
1131 2232 1162 2284 et
1183 2222 1300 2285 Sueciae

104 2319 206 2404 Reges
217 2320 258 2382 de
275 2328 347 2404 opto
362 2340 489 2402 persono
505 2321 547 2383 cd
565 2319 781 2383 Generulotum
798 2318 1004 2402 providerent,
1025 2316 1135 2398 quibus
1152 2328 1183 2382 et
1197 2318 1301 2382 moxi

101 2425 167 2478 toto
178 2417 312 2478 exercitu
320 2417 468 2498 juratum,
478 2417 628 2497 militique
637 2416 821 2498 stipendium
831 2424 1017 2478 menstruum
1028 2414 1167 2477 solutum.
1181 2416 1298 2478 Eodem

101 2521 237 2594 temporo
256 2512 339 2575 misit
360 2512 544 2575 Francorum
563 2513 631 2574 Rex
650 2513 798 2594 Legatum
823 2511 994 2586 Brisscnm‚
1013 2512 1066 2591 qui
1086 2531 1238 2592 supremos
1259 2512 1300 2575 sd

102 2610 250 2672 unitatem
262 2608 477 2683 cohortaretur,
487 2609 736 2692 pollicereturque
745 2608 925 2670 sufficientis
933 2607 1047 2670 auxilia
1056 2616 1161 2670 contre
1170 2606 1297 2686 hostem,

102 2717 166 2767 tam
178 2706 210 2767 iu
224 2727 257 2768 re
269 2707 442 2789 pecuniaria
453 2726 545 2788 quem
562 2705 767 2780 frumentario,
785 2725 821 2766 uc
843 2705 923 2766 iutra
939 2715 1080 2786 quartum
1098 2713 1128 2766 et
1145 2704 1297 2766 decimum

102 2802 185 2863 diem
201 2812 324 2864 centum
340 2823 498 2866 aureorum
514 2802 612 2865 millis
626 2810 731 2884 purete
748 2800 878 2883 pecunie
890 2800 1087 2874 numerando,
1102 2800 1297 2880 promitteret.

102 2899 190 2962 Mors
210 2899 276 2961 hmo
294 2899 393 2962 Ducis
411 2921 554 2983 maguum
573 2899 728 2962 tristitiem
746 2907 777 2960 et
794 2897 940 2979 plurimos
962 2905 1059 2958 motus
1078 2896 1214 2958 causavit
1234 2904 1295 2958 tem

101 2996 181 3058 iuter
195 2996 306 3058 milites
321 3006 351 3059 et
364 2996 438 3058 fidei
453 3005 617 3071 consortes,
632 3015 723 3075 quem
741 2995 820 3055 inter
838 2992 1040 3055 confoderent
1053 2991 1164 3054 Gullioe
1177 3001 1207 3053 et
1221 2992 1295 3055 Sue-

101 3093 159 3154 ciae
175 3113 277 3175 regns.
319 3093 541 3157 Rex-Francius
561 3113 632 3156 cum
652 3090 803 3154 tou'auls
818 3089 902 3172 pullo
919 3089 1030 3151 amictu
1047 3088 1295 3158 interitumtanti

101 3197 221 3271 temque
241 3191 299 3253 sibi
315 3189 445 3273 proficui
464 3187 725 3271 Principieluxit,
744 3186 885 3267 misitque
904 3184 1020 3246 nobiles
1038 3183 1194 3265 seriesque
1212 3185 1293 3269 lege·

102 3286 197 3350 tiones
208 3288 248 3351 de
260 3289 349 3351 rebm
361 3286 470 3350 summi
483 3285 627 3349 momenti
640 3303 710 3347 cum
724 3281 974 3344 Wimarieusibns
986 3279 1180 3344 consulturos.
