3225 4700
490 316 890 386 ITINERARIUM.
1220 317 1283 382 409

59 469 193 549 primis
206 470 290 532 tonis
302 480 333 531 et
345 471 514 546 bellicosus,
528 470 581 550 qui
595 470 784 532 edoctorum
798 473 950 534 decimum
973 472 1054 534 Maii
1067 471 1211 534 inclinato
1218 471 1283 552 jam

63 567 120 627 ad
144 587 287 628 occasum
308 568 358 628 die
382 567 588 649 Hispanorum
610 567 751 629 stationes
770 569 901 649 primbm
924 577 969 631 est
990 589 1148 653 aggressus
1172 586 1282 648 magno

62 664 189 724 animo
204 673 233 724 et
245 663 421 726 fortitudine
435 664 576 740 mirabili,
591 665 643 726 sed
658 664 756 726 Ducis
768 665 807 726 de
824 665 907 727 Melo
919 666 1068 729 industria
1081 675 1111 727 et
1124 663 1283 726 commoda

65 759 283 842 dispositione
303 760 412 843 magni
435 761 595 823 Gallorum
619 761 706 824 clade
726 762 862 842 repulsus
883 772 936 824 est.
976 763 1046 824 Non
1073 763 1140 822 ideo
1166 759 1282 822 destitit

65 857 234 938 gloriosus
246 857 462 940 Campiductor
473 859 675 940 Angninreus,
689 859 864 938 quinorum
878 859 1100 942 impressionem
1115 858 1216 919 animo
1229 877 1277 918 co-

67 955 208 1034 quebat,
222 975 312 1037 quam
325 966 442 1037 postero
457 956 507 1018 die
523 966 557 1017 ut
569 956 701 1037 primum
714 955 897 1018 dilucescere
912 957 1004 1037 coepit
1016 956 1072 1017 sub
1085 955 1202 1017 tertiam
1216 974 1278 1015 rna·

68 1052 225 1127 tntinam,
239 1061 344 1113 auctus
360 1053 446 1114 novis
459 1052 565 1134 copiis,
579 1052 744 1134 majoribus
756 1072 847 1132 quam
862 1072 994 1133 unquam
1010 1061 1079 1113 anto
1094 1053 1203 1113 animis
1216 1071 1278 1112 sns-

69 1150 175 1229 cepit,
191 1160 220 1210 et
233 1149 379 1230 impetum
400 1150 557 1211 renovavit
574 1161 634 1212 tom
648 1149 728 1211 felici
744 1169 883 1212 successu
900 1162 933 1212 ut
953 1159 982 1211 et
997 1150 1023 1210 si
1040 1149 1198 1210 fortissime
1218 1167 1281 1208 sese

71 1256 271 1326 opponerent
290 1246 432 1328 Hispani,
450 1256 548 1308 tamon
569 1248 675 1309 cedere
692 1247 813 1308 tandem
835 1247 930 1307 coacti
950 1247 1021 1320 sint,
1043 1265 1079 1306 ec
1100 1243 1276 1306 effusissimd

70 1342 158 1424 fugi
171 1343 275 1405 dilabi.
311 1345 519 1425 Sequebantur
528 1343 676 1426 fugientes
686 1343 785 1405 hostes
796 1343 879 1404 Gelli
889 1352 972 1405 tento
981 1343 1094 1424 impetu
1103 1350 1136 1402 ut
1145 1341 1277 1424 legiones

72 1441 251 1522 praeoipuss
270 1442 401 1503 maxime
420 1441 584 1522 Hispanus,
604 1441 708 1513 Italus,
724 1451 756 1502 et
775 1439 960 1523 Burgundas
980 1438 1180 1500 internecione
1197 1436 1275 1498 dele-

75 1548 150 1599 rent
172 1539 248 1598 adeo
275 1550 309 1601 ut
335 1538 423 1620 pauci
448 1536 658 1619 superfuerint.
700 1536 822 1598 Cecidit
844 1557 879 1598 ex
907 1537 1114 1619 Hispanorum
1142 1535 1276 1616 partibus

75 1633 196 1695 Comes
211 1633 364 1696 Fontanus
376 1634 443 1715 (qui
457 1633 585 1717 gloriose
598 1634 673 1694 mori
687 1634 779 1714 qnam
792 1633 939 1716 inglorius
951 1634 1045 1695 vitam
1059 1633 1171 1714 pacisci
1185 1630 1276 1692 malo·

76 1731 148 1808 bat)
170 1732 315 1794 unicum
337 1731 457 1794 Comits
473 1730 618 1802 Villalua,
640 1730 775 1792 Domino
795 1731 930 1792 Antonio
950 1730 1111 1792 Velundia.
1152 1728 1277 1790 Occiso-

80 1849 152 1888 rum
172 1849 314 1889 numerus
332 1849 368 1890 ex
383 1839 510 1909 utraque
525 1838 609 1908 parte
625 1829 734 1888 verene
747 1847 785 1887 un
804 1827 876 1889 ficte
890 1848 951 1888 non
968 1847 1062 1910 urguo
1083 1827 1121 1888 ed
1138 1826 1277 1887 duodeno

78 1925 181 1986 millia
194 1926 358 1987 excrevisse
371 1925 535 1986 estimatus
547 1933 598 1985 est
640 1923 710 1984 Hoc
724 1933 840 1985 certum
857 1923 1011 2006 Hispanos
1024 1925 1118 1986 victos
1132 1923 1232 1996 luisse,
1247 1935 1278 1983 et

79 2022 250 2083 victoribus
276 2043 396 2083 omnem
429 2021 570 2083 bellicum
600 2029 786 2102 apparatum,
816 2021 1041 2102 impedimento,
1070 2029 1275 2100 tormentaque

80 2119 186 2179 omnia
194 2119 348 2180 ccvexilla
357 2129 419 2180 tam
432 2118 582 2199 equestris
590 2137 681 2198 qnam
693 2117 844 2199 pedestris
854 2117 1016 2191 dimisisse3
1039 2138 1076 2178 ex
1087 2117 1181 2200 signis
1194 2119 1274 2177 certe

83 2214 218 2276 Parisios
235 2216 332 2278 delato
346 2226 415 2278 sunt
433 2225 554 2276 centum
571 2215 694 2276 omnino
713 2222 744 2276 et
755 2215 909 2298 octoginta
930 2215 982 2276 ubi
1000 2215 1069 2276 Deo
1086 2214 1223 2275 solennes
1242 2214 1271 2275 in

82 2312 150 2375 aede
164 2312 300 2396 principe
314 2314 419 2396 gratiis
433 2322 503 2375 sunt
515 2312 634 2375 babitu.

126 2409 295 2471 Praemissis
317 2409 365 2472 his
386 2410 523 2493 propitiae
545 2410 673 2472 somnone
696 2410 874 2492 prodromis,
895 2410 1021 2471 victoris
1045 2411 1273 2493 Angninensem

83 2510 193 2570 ducem
213 2507 253 2568 ad
272 2506 426 2569 ulteriores
443 2526 616 2589 progressus
634 2506 811 2581 stimulavit,
831 2508 884 2588 qui
904 2506 1008 2590 glories
1028 2508 1194 2587 obsequens
1214 2526 1273 2567 non

83 2603 180 2664 multo
193 2614 260 2685 poet
274 2603 507 2665 'l'beonisvillam
521 2603 660 2664 infestare
677 2603 843 2665 constituit.
887 2604 962 2666 Erat
975 2603 1178 2665 Theonisvilla
1190 2624 1273 2664 corn·

84 2700 174 2783 plexu
199 2700 322 2781 quidem
348 2710 485 2781 ungunta,
512 2699 565 2760 sed
592 2698 651 2760 situ
671 2708 702 2759 et
721 2700 888 2762 munitione
912 2720 1053 2782 perquam
1076 2710 1211 2783 auguste,
1238 2718 1273 2762 ec

83 2799 163 2858 iuter
188 2796 449 2879 Lunenburgensis
469 2797 597 2857 ducatus
624 2795 810 2856 nobilissime
833 2796 985 2871 fortulitia,
1008 2797 1142 2869 visouda,
1170 2798 1200 2857 in
1228 2818 1272 2859 se·

83 2894 206 2955 milunee
215 2894 340 2954 forruum
354 2893 652 2973 exedificamquam
662 2912 699 2953 ex
713 2912 774 2952 una
787 2902 870 2973 purte
885 2905 991 2957 natura
1002 2894 1138 2957 Mesene
1148 2895 1270 2969 alluvio,

83 3012 121 3053 ex
134 2990 226 3053 alteri
238 3011 292 3051 ιιι
306 2989 500 3052 munimentis
512 2990 725 3053 robustissimis
731 2992 821 3071 juxte
834 3002 863 3052 et
877 2992 1027 3054 latissimis
1040 2992 1125 3054 fossis
1140 2992 1219 3073 aqui
1232 2993 1272 3054 ud

85 3087 198 3149 bestilis
214 3087 404 3149 altitudinem
419 3088 534 3149 refertis
551 3098 717 3170 opportune
730 3088 881 3151 cinxerat:
902 3108 970 3170 quae
984 3090 1056 3170 quia
1067 3109 1160 3171 prope
1180 3089 1272 3153 Motis

84 3185 193 3252 eberat,
208 3183 392 3265 jampridem
405 3184 508 3244 orexin
530 3183 688 3246 Gallorum
701 3196 868 3261 exacuerat,
889 3186 1125 3267 industriamque
1144 3197 1175 3249 et
1193 3198 1272 3249 artes

85 3281 199 3364 pridem
218 3290 250 3342 et
269 3293 442 3342 exercuerat
462 3292 493 3341 et
516 3281 653 3342 eluserat.
695 3280 787 3343 Hunc
807 3282 901 3364 igitur
920 3302 989 3343 cum
1011 3302 1118 3344 novem
1141 3283 1268 3345 millium

84 3378 214 3440 exercitu
223 3377 355 3438 adoritur
364 3378 565 3460 Anguinaeus,
579 3398 616 3439 ac
629 3378 726 3459 primo
738 3378 862 3459 quidem
873 3378 1028 3440 Virtonem
1040 3380 1172 3462 ignobile
1186 3382 1270 3463 oppi-

25 3499 30 3513 ’
87 3476 156 3535 dum
169 3475 355 3558 aggreditur,
369 3483 399 3535 ot
408 3474 472 3537 sine
489 3494 600 3557 magno
611 3483 722 3535 conatu
736 3475 889 3555 intercipit
903 3484 987 3536 sexto
1001 3476 1119 3535 decimo
1132 3476 1155 3538 J
1159 3478 1221 3537 unii
1233 3496 1270 3539 ec

86 3572 200 3633 decimo
218 3581 327 3633 octavo
344 3571 479 3652 ejusdem
497 3581 596 3632 castra
615 3580 646 3631 et
662 3570 848 3632 obsidionem
866 3572 906 3632 sd
924 3572 1020 3652 ipsum
1038 3572 1269 3637 'l'heonisvillam

653 3670 671 3727 3
692 3686 712 3727 o
