3225 4700
323 341 388 407 406
723 333 748 400 I
752 335 858 404 TIN
860 335 1044 402 ERARI
1052 331 1138 400 ΠΜ.

324 503 402 555 trem
415 502 445 555 et
464 493 630 572 Regentem
653 493 809 552 astituram
830 497 861 551 et
880 489 1073 570 prafutursm
1086 487 1190 549 liberis
1210 488 1319 550 uostris
1340 487 1448 548 eadem
1470 506 1526 566 qus

323 608 396 672 erga
408 610 463 649 nos
475 588 534 648 tuit
546 586 619 648 fide.
874 600 878 606 ·

363 685 515 758 Quoniam
528 685 601 745 vero
614 685 699 746 dicta
712 683 832 766 Regina
844 684 955 764 ooujun
970 691 1082 755 nostra,
1096 684 1127 744 iu
1141 693 1201 746 tum
1215 681 1524 764 multipliciuegotio·

322 804 388 845 rum
406 782 560 853 uarietate,
576 791 606 842 et
618 791 794 842 occurrente
813 781 1008 862 perplexitate
1022 779 1123 840 omnia
1136 801 1190 862 per
1203 788 1297 840 semet
1312 779 1522 840 administrare

322 901 382 941 nou
397 879 527 962 poterit;
555 878 628 958 quin
643 898 700 939 nec
718 897 818 938 rerum
837 878 971 938 omnium
988 886 1164 958 praesentem
1183 875 1359 937 memoriam
1372 885 1405 936 et
1421 895 1521 936 neces·

320 977 431 1039 sariam
449 974 791 1058 experientiamhabere
809 975 1010 1035 necessarium
1028 975 1153 1035 omuino
1168 975 1350 1055 judicamus,
1364 975 1394 1034 ei
1415 973 1523 1053 adjun-

320 1073 437 1158 gendos
456 1093 521 1134 esse
540 1071 727 1133 consiliarios
747 1081 779 1132 et
797 1069 1002 1140 administros,
1023 1090 1152 1151 quorum
1173 1072 1309 1133 consiliis
1327 1082 1359 1133 et
1380 1091 1475 1152 opera
1491 1071 1521 1129 in
1581 1065 1584 1104 l

320 1173 413 1233 rebus
423 1171 522 1233 dubiis
532 1169 576 1230 uti
587 1169 689 1250 possit.
732 1168 785 1228 Ad
796 1167 875 1228 hanc
886 1187 974 1247 porro
983 1169 1185 1230 remmaxime
1195 1179 1225 1230 et
1238 1170 1269 1230 in
1280 1169 1387 1251 primis
1399 1169 1522 1229 idoneos

319 1268 487 1348 delegimus
501 1276 664 1350 cognatum
674 1265 1063 1326 uostmmamantissimum
1075 1275 1161 1327 aetate
1174 1275 1204 1327 et
1217 1266 1343 1328 consilio
1357 1265 1522 1348 pollentem

320 1366 496 1446 Principem
516 1364 685 1426 Condoeum
702 1372 736 1424 ut
754 1372 784 1424 et
802 1363 1086 1424 Eminentissimum
1101 1363 1295 1426 cardinalem
1316 1363 1522 1430 Menarinum,
1583 1395 1584 1400 κ

318 1463 531 1524 cancellarium
549 1461 672 1543 insuper
689 1461 776 1542 regni
791 1460 897 1530 nostri,
919 1460 1246 1543 custodemquemigilli
1266 1460 1354 1543 regii,
1369 1471 1401 1520 ot
1416 1480 1523 1540 super·

318 1560 523 1621 intendentem
547 1577 675 1619 cameras
698 1578 737 1620 ac
756 1556 1058 1619 arohithesaurarium
1084 1558 1251 1619 Dominum
1277 1560 1347 1620 item
1372 1559 1413 1619 de
1438 1557 1522 1620 Cha·

317 1657 402 1740 vigui
420 1657 613 1718 secretarium
631 1656 729 1737 regni.
772 1655 973 1716 Decernimus
989 1675 1109 1736 quoque
1129 1666 1162 1717 ut
1180 1655 1250 1717 huic
1271 1655 1398 1717 coasilio
1417 1655 1523 1736 praesi-
1583 1683 1584 1690 ι

317 1756 388 1817 deat
403 1755 616 1816 dilectissimus
632 1753 724 1815 frater
740 1761 842 1813 noster
861 1752 934 1813 Dux
951 1753 1186 1828 Aurelianensis,
1202 1763 1233 1814 et
1252 1754 1283 1813 in
1301 1754 1366 1835 ejus
1382 1753 1524 1814 absentia
1583 1785 1584 1802 ι

319 1852 467 1933 Princeps
487 1852 649 1925 Condaeus,
666 1849 716 1912 vel
730 1849 902 1912 Cardinalis
917 1849 1103 1925 Macerinus,
1122 1871 1158 1911 ao
1175 1849 1228 1912 alii
1245 1861 1466 1930 cousequenter
1484 1871 1520 1911 eo
1583 1837 1584 1916 J

316 1949 422 2009 ordine
436 1958 470 2009 ut
478 1950 545 2028 jum
560 1947 706 2008 nominati
719 1958 800 2008 sunt.
844 1946 1031 2008 Ordiuamus
1044 1947 1147 2020 etiam,
1161 1948 1281 2027 nequis
1295 1947 1409 2008 audeat
1422 1948 1519 2008 ullam
1583 1971 1584 1984 ι

316 2067 353 2107 ex
375 2046 457 2115 dicto
478 2045 535 2106 hoo
562 2044 687 2106 consilio
708 2065 865 2125 personam
892 2056 1019 2119 mutare,
1043 2065 1170 2120 cassare,
1195 2045 1353 2125 deponere.
1396 2045 1518 2116 Quodsi

314 2152 414 2204 tamen
425 2143 535 2223 aliquis
547 2163 585 2203 cx
599 2142 689 2203 dictis
697 2141 878 2217 consiliariis
887 2141 936 2201 vel
945 2141 1008 2202 vita
1017 2141 1176 2206 decederet
1186 2142 1234 2202 vel
1245 2143 1283 2201 ob
1294 2161 1400 2220 graves
1411 2161 1520 2202 causas
1583 2189 1584 2196 ,

315 2239 441 2301 consilio
459 2239 683 2303 submovendus
703 2247 790 2311 esset,
809 2235 891 2298 haud
909 2257 1062 2318 quaquam
1079 2237 1156 2300 alius
1172 2239 1203 2298 in
1218 2239 1283 2320 ejus
1297 2238 1396 2301 locum
1410 2241 1518 2300 subro·

313 2348 410 2422 getur‚
428 2337 486 2399 uisi
502 2359 572 2399 cum
591 2357 740 2399 consensu
758 2334 906 2418 Regentis
927 2335 1055 2419 Reginae
1072 2336 1211 2419 conjugis
1228 2345 1350 2411 nostrae,
1367 2357 1405 2398 ac
1423 2358 1518 2398 nemo

313 2436 370 2497 nisi
380 2457 432 2518 per
440 2435 616 2497 electionem
627 2444 658 2496 et
667 2442 804 2496 votorum
816 2432 1016 2515 pluralitatem
1027 2435 1060 2495 in
1068 2434 1307 2495 consiliariorum
1315 2435 1438 2497 alterius
1448 2436 1517 2497 loco

312 2532 479 2618 adlegetur.
520 2532 709 2614 Imperamus
724 2552 845 2612 quoque
864 2552 901 2591 ex
917 2531 1105 2613 plenitudine
1121 2531 1285 2613 potestatis,
1306 2541 1340 2593 ut
1354 2533 1459 2593 omnia
1475 2534 1516 2594 de

312 2652 385 2713 pace
411 2631 630 2705 constituenda,
651 2638 704 2689 aut
729 2627 809 2688 bello
835 2630 1049 2710 promovendo,
1075 2628 1130 2691 dcc.
1157 2629 1286 2691 consilia
1309 2630 1432 2690 nonnisi
1459 2651 1515 2711 per

311 2728 392 2790 huuc
413 2740 549 2790 senatum
573 2735 791 2810 proponantur,
814 2725 1027 2799 deliberentur,
1050 2727 1313 2789 etdecernantur.
1354 2726 1514 2799 Quantum

311 2826 383 2888 vero
396 2827 436 2888 ad
455 2826 516 2887 alia
528 2827 614 2909 regni
628 2826 737 2900 officia,
753 2824 856 2885 omnia
868 2845 923 2906 per
936 2824 1085 2907 Reginam
1102 2824 1268 2908 Regentem
1283 2845 1353 2886 cum
1370 2826 1514 2887 consilia-

310 2926 421 2986 riorum
435 2945 582 2986 consensu
590 2924 823 2992 distribuentur.

352 3022 390 3082 Iu
418 3022 733 3103 archiepiscopatibus,
757 3019 987 3101 episcopatibus,
1016 3028 1047 3079 et
1071 3018 1199 3079 abbatiis
1221 3018 1394 3080 dividendis
1420 3040 1513 3101 opera

310 3119 440 3192 dabitur,
458 3129 492 3181 ut
510 3119 766 3199 quemadmodum
781 3117 938 3197 hucusque
956 3115 1082 3177 sollicite
1097 3136 1150 3177 uos
1167 3116 1224 3197 ipsi
1240 3116 1456 3191 laboravimus,
1471 3119 1513 3179 ita

309 3234 428 3295 quoque
441 3215 625 3298 inposterum
645 3214 795 3297 ejusmodi
814 3214 988 3297 dignitates,
1007 3223 1037 3275 et
1054 3214 1222 3294 praelaturas
1240 3214 1350 3276 talibus
1363 3215 1437 3277 viris
1454 3218 1511 3278 de·

309 3311 451 3386 ferantur,
465 3313 520 3394 qui
534 3313 645 3374 virtute
659 3323 691 3374 et
703 3313 842 3374 doctrina
855 3310 996 3393 polleant.
1041 3311 1135 3373 Unde
1149 3312 1236 3373 nullo
1248 3313 1340 3374 modo
1358 3315 1511 3375 conducet

309 3418 344 3469 ut
362 3408 646 3492 archiepiscopatus,
672 3411 870 3492 episcopatus,
894 3418 925 3479 et
946 3408 1071 3469 abbatie
1094 3408 1205 3470 talibus
1227 3410 1430 3485 conferantur,
1455 3413 1510 3492 qui

308 3516 344 3566 ιιι
356 3506 518 3578 minimum
530 3508 550 3567 a
562 3507 693 3568 triennio
704 3506 885 3570 sacerdotali
899 3525 1022 3566 munere
1037 3505 1093 3567 rite
1106 3506 1203 3568 functi
1215 3528 1274 3567 non
1286 3506 1407 3569 fuerint.
1449 3509 1510 3569 Or·

309 3601 448 3663 dinamus
470 3603 569 3685 igitur,
587 3614 623 3664 ut
648 3604 769 3686 Regina
789 3604 959 3686 gubernans
982 3603 1078 3664 accito
1105 3604 1137 3664 in
1165 3604 1324 3666 consilium
1349 3605 1510 3668 Cardinali

310 3697 468 3760 Mazarino
481 3705 583 3781 (quem
597 3711 628 3763 et
644 3702 740 3783 ipsum
756 3701 774 3763 a
792 3702 886 3763 multo
903 3710 1034 3782 tempore
1047 3702 1241 3783 probavimus
1254 3702 1389 3763 eeclesias
1402 3702 1508 3764 lauda·
