3225 4700
337 360 402 425 260
724 361 748 425 Ι
754 358 1037 429 TINllRARI
1043 358 1130 426 ΗΜ.

337 509 462 586 salvam,
477 518 507 572 et
520 531 551 572 se
562 511 730 593 captivitati
741 513 923 596 mancipare,
936 513 967 578 in
979 533 1040 596 quo
1050 512 1126 576 alter
1135 509 1263 595 periculi
1273 507 1422 571 nimium
1431 525 1545 569 oecums

338 606 524 688 aliquamdiu
544 607 614 672 lixis
627 609 723 672 oculis
734 609 862 686 harene,
876 631 915 672 ae
927 612 1084 693 ambigens
1096 618 1210 680 utrum,
1223 608 1303 689 quid
1317 607 1416 669 cuive
1430 624 1546 686 respon·

337 705 432 776 deret,
451 705 619 767 mirabatur
634 706 751 770 scilicet
766 707 950 770 audaculum
967 706 1114 768 rusticum
1126 705 1227 766 cubile
1240 723 1336 766 suum
1352 711 1420 764 tam
1435 713 1544 762 mature

337 801 521 884 sineprasvio
530 802 1107 886 pulsningressum,videbatveroetiam
1114 812 1401 873 armatum,vocem
1409 799 1547 860 audiebat

337 898 427 960 militi
441 919 500 960 uon
515 899 627 962 rustico
640 909 798 977 assuetam,
814 909 849 962 ut
862 920 893 962 se
906 901 1052 982 tantisper
1066 898 1200 982 collegit,
1215 905 1306 979 rogat
1315 895 1391 978 quis
1402 895 1454 967 sit,
1463 895 1545 975 quid·

337 1015 375 1056 re
396 995 481 1070 velit,
500 995 550 1058 cui
570 996 646 1059 alter
664 995 785 1071 iterum,
798 997 935 1059 vitamne
948 998 1006 1059 sibi
1020 996 1127 1060 donari
1137 1003 1232 1077 roget,
1244 993 1375 1055 necne?
1395 1011 1469 1053 eum
1484 1010 1546 1051 sero

336 1090 458 1154 interim
472 1092 656 1174 capitaneus
668 1093 709 1155 ad
719 1094 864 1175 parietem
877 1093 956 1156 lecto
968 1094 1104 1157 vicinum
1117 1111 1203 1154 arma
1215 1089 1393 1173 expediret,
1411 1087 1543 1150 bombar-

337 1187 449 1264 dulam,
472 1209 563 1270 quam
583 1210 675 1252 manu
694 1191 833 1253 versabat
853 1191 885 1252 in
905 1190 1057 1254 bominem
1072 1191 1140 1272 jam
1161 1189 1316 1250 intentam
1338 1185 1499 1268 displodit,
1518 1193 1546 1244 et

333 1286 432 1366 primo
445 1287 568 1367 quidem
583 1285 707 1348 minime
720 1288 839 1349 mortali
861 1289 925 1349 ictu
943 1288 1067 1350 sauciat.
1110 1287 1256 1368 Dumque
1274 1285 1395 1346 iterum
1411 1281 1543 1361 sclopum

336 1382 477 1464 plumbeo
500 1382 622 1465 globulo
645 1383 779 1456 infarcit,
800 1384 984 1467 capitaneus
1002 1384 1114 1447 lectulo
1134 1382 1288 1456 exsiliens,
1311 1382 1411 1462 inque
1434 1377 1543 1440 bostem

336 1499 423 1541 suum
437 1479 563 1554 irruens,
578 1479 816 1561 pertinacissimo
829 1501 974 1544 manuum
989 1481 1021 1542 in
1032 1481 1131 1543 crines
1141 1481 1266 1563 injectu,
1277 1477 1446 1540 fortissime
1455 1483 1541 1548 tenet,

337 1575 437 1657 quoad
451 1574 528 1638 alius
541 1595 578 1637 ex
591 1577 688 1638 amico
702 1577 797 1640 milite
812 1579 1035 1660 superveniens,
1048 1578 1196 1640 luctantes
1214 1597 1300 1659 aegre
1322 1574 1446 1637 dirimit
1459 1581 1543 1651 utque

337 1681 412 1734 tuno
436 1670 530 1734 altero
554 1673 753 1754 capitaneum
778 1674 841 1737 ictu
864 1695 961 1757 eoque
979 1673 1084 1736 lethali
1103 1684 1192 1736 terrae
1212 1671 1341 1754 aflligit.
1385 1667 1540 1748 Praecipue

336 1769 430 1852 igitur
443 1769 527 1832 boste
539 1771 648 1852 partim
663 1782 771 1854 capto3
793 1773 903 1854 partim
915 1773 993 1850 fuso,
1008 1773 1048 1835 ad
1061 1772 1182 1855 rapinas
1194 1769 1286 1840 itum,
1297 1766 1476 1850 singulique
1487 1762 1539 1824 sibi

336 1867 471 1950 praedam
485 1887 553 1948 quae
566 1868 656 1930 obvia
666 1879 739 1945 erat,
754 1869 901 1952 deligunt.

378 1963 463 2026 Inter
476 1964 574 2026 varios
587 1964 740 2026 discursus
754 1975 785 2028 et
797 1965 945 2028 tumultus
957 1967 1033 2029 forte
1045 1965 1137 2028 etiem
1155 1965 1195 2027 ud
1212 1961 1444 2026 cellerariorum
1458 1963 1538 2036 (quo-

336 2081 404 2123 rum
414 2061 476 2123 duo
487 2060 555 2123 istic
566 2081 656 2145 agere
666 2073 896 2139 consueverunt,
907 2085 987 2126 unus
998 2064 1121 2126 nomine
1131 2059 1379 2124 Eminentiasimi
1390 2051 1536 2133 Principis

338 2157 486 2219 Electoris
507 2157 699 2240 Moguntiui,
721 2159 797 2221 alter
817 2159 884 2221 loco
906 2161 1092 2243 Landgravii
1113 2155 1392 2230 Darmstudiensis)
1413 2151 1492 2214 mdes
1508 2167 1537 2208 se

337 2255 475 2316 nonnulli
488 2255 620 2318 militum
636 2255 833 2333 insinuarent,
848 2277 979 2340 cumque
991 2278 1050 2320 non
1065 2277 1156 2318 nemo
1172 2250 1408 2317 Darmatadieni
1422 2244 1535 2310 Princi-

336 2352 384 2433 pis
397 2349 553 2413 officialem
567 2354 757 2434 conspicatus
771 2362 857 2429 esset,
867 2356 1020 2437 judicavit
1033 2375 1070 2416 ex
1081 2354 1190 2416 vestitu
1200 2352 1331 2413 militem
1342 2366 1418 2421 esse,
1428 2340 1536 2407 sublttt

336 2448 440 2530 itaque
453 2448 563 2522 securi,
577 2468 671 2529 quum
684 2469 738 2532 pro
752 2450 867 2513 ratione
879 2450 994 2533 opificii
1004 2452 1099 2533 portia
1106 2448 1319 2533 effringendis,
1329 2446 1357 2508 si
1370 2464 1443 2506 usus
1455 2439 1531 2511 toret,

336 2564 438 2607 secum
453 2545 611 2621 detulerat,
627 2546 748 2609 fatalem
761 2548 857 2609 ictum
871 2548 1015 2622 minatur,
1028 2569 1098 2610 cum
1112 2548 1164 2609 ille
1173 2546 1242 2628 quis
1251 2554 1333 2607 esset
1342 2540 1446 2614 edicit,
1455 2534 1533 2597 miles

338 2644 456 2705 veniam
471 2652 620 2724 precatus,
634 2642 771 2705 dimittit.
811 2646 907 2729 AEgro
920 2655 1022 2728 postea
1034 2644 1099 2709 baso
1113 2666 1161 2707 res
1173 2642 1329 2706 bominem
1340 2656 1447 2721 parum
1459 2629 1530 2695 mill·

337 2738 389 2800 tire
413 2750 562 2801 assuetum
592 2738 707 2815 babuit,
731 2740 922 2823 multumque
949 2742 1023 2805 de
1013 2742 1126 2825 injuria
1150 2740 1233 2823 apud
1256 2732 1531 2801 Eminentissimum

337 2835 508 2899 Electorem
523 2836 786 2920 Moguntiuensem
799 2838 838 2899 ds
850 2848 974 2919 questus
984 2851 1037 2902 est
1056 2839 1142 2912 Quid
1151 2857 1224 2899 vero
1232 2832 1387 2918 acceperit
1395 2844 1530 2910 mp01¹⁸¹

337 2931 393 2995 id
383 2953 441 3015 rpsr
432 2932 611 2995 'bominum
625 2932 848 3015 simplicissimo
866 2934 1004 3015 liquebit,
1021 2948 1102 2999 certe
1120 2935 1146 2997 si
1163 2953 1275 2995 nomen
1292 2941 1326 2994 et
1338 2926 1430 2992 oflicii
1443 2919 1529 3003 quali-

338 3039 430 3093 tatem
444 3030 534 3092 l'ronti
551 3029 726 3142 inscriptam
741 3028 984 3107 circumtulisset,
1004 3032 1051 3093 vel
1068 3030 1272 3093 excubitorem
1291 3024 1392 3089 cuivis
1406 3018 1526 3082 militum

339 3127 514 3201 addidisset,
529 3126 605 3189 illud
620 3146 691 3187 sane
705 3125 737 3187 iu
751 3126 852 3208 ipsum
864 3148 954 3189 nemo
966 3129 1072 3191 luisset
1084 3148 1173 3190 ausus
1187 3122 1369 3188 machinari.

379 3223 504 3305 Reliqui
524 3222 646 3285 hostiles
663 3222 775 3283 milites
790 3224 935 3285 exarmati
953 3244 1024 3286 mox
1041 3224 1082 3285 ad
1097 3222 1265 3285 custodiam
1284 3216 1463 3282 securiorem
1479 3208 1526 3269 de‘

340 3320 518 3395 ductisunt,
533 3320 587 3382 ubi
600 3318 716 3381 sincere
729 3318 889 3381 edixerunt
904 3319 1105 3381 vexilliferum
1123 3319 1177 3380 illo
1195 3318 1261 3400 ipso
1277 3318 1329 3379 die
1346 3316 1524 3394 expectatum

340 3436 404 3479 esee
418 3414 644 3490 Franoofordia,
656 3434 726 3477 cum
738 3414 853 3495 aliquot
861 3434 965 3477 recens
973 3416 1135 3478 auctoratis
1142 3415 1300 3490 militibus,
1311 3428 1399 3494 quem
1410 3400 1521 3486 quidem

339 3512 601 3596 Coningsteiniani
616 3532 653 3573 ex
666 3512 785 3574 insidiis
796 3521 993 3594 expectamnt
1010 3514 1042 3575 iu
1061 3534 1156 3575 serum
1169 3530 1337 3595 vesperam,
1355 3505 1408 3568 sed
1426 3512 1458 3561 ⁰¹
1472 3514 1523 3577 Pl·

339 3622 407 3675 tant
421 3609 555 3685 multia
576 3610 697 3673 rusticis
715 3608 815 3692 ipsum
832 3608 923 3672 fuisse
941 3611 1089 3674 monitum
1107 3610 1146 3672 de
1163 3609 1251 3672 clade
1267 3622 1399 3676 morum,
1416 3598 1519 3673 iterqffl

338 3708 487 3793 relegisse.
