3225 4700
517 277 928 347 ITINERARIUM.
1251 281 1316 346 399

162 433 242 496 Haeo
256 436 328 496 doru
342 435 424 498 hisce
440 435 472 496 in
486 435 621 516 partibus
634 444 780 516 geruntur
794 435 868 496 alibi
884 435 975 498 etiarn
994 455 1078 496 secra
1091 455 1143 496 seu
1160 433 1316 515 pontificia

117 530 207 604 bella,
222 552 260 593 ex
272 534 374 594 nescio
392 533 502 614 quibus
522 532 654 593 dissidiis
670 552 740 592 cum
758 532 944 613 principibus
964 533 1063 594 Italiae
1079 542 1160 603 nata,
1179 531 1237 593 late
1255 552 1315 592 ser·

118 630 220 710 pendo
230 641 453 710 promoverunt.
490 630 558 691 Nec
572 629 672 689 Roma
685 629 790 710 procul
800 629 900 690 deleta
912 640 992 692 sunit.
1027 629 1220 691 Terminante
1234 629 1314 690 enim

119 729 262 808 Augusto
277 727 459 788 Florentinis
478 724 573 806 copiae
587 725 758 786 cisternam
772 727 876 787 urbem
893 746 1041 809 aggressus
1061 736 1131 788 sunt
1149 747 1185 787 ac
1203 737 1315 805 septem

118 823 236 885 dierum
251 824 352 884 valide
368 823 562 906 impressione
581 823 832 884 intertoueutibos
846 824 992 904 majorum
1007 823 1175 886 fistularum
1189 823 1316 906 fragori-

119 922 178 982 bus
197 921 391 1002 pertinaciter
408 929 625 1001 pertentarent,
646 941 682 980 ac
700 940 794 1001 prope
815 920 1014 993 adduxerunt,
1033 930 1067 982 ut
1087 921 1193 982 civitas
1210 941 1316 1002 pacem

119 1026 234 1099 peteret
247 1027 278 1078 et
295 1016 479 1079 deditionem
494 1017 690 1098 promitteret.
728 1018 807 1079 Cum
829 1018 989 1098 derepente
1007 1017 1105 1079 adfuit
1121 1018 1317 1099 septingentis

119 1114 273 1195 peditibus
287 1122 316 1174 et
328 1114 556 1196 quadringentis
569 1114 720 1194 equitibus
733 1114 891 1176 comitatus
907 1115 1048 1176 Marcbio
1059 1115 1167 1176 Tobiae
1184 1114 1317 1177 Palluvi·

120 1213 219 1286 cinus,
230 1211 284 1291 qui
293 1210 464 1272 felicissime
475 1211 660 1274 obsidionem
674 1212 765 1273 solvit
778 1211 961 1272 Florentinis
975 1212 1014 1273 ad
1028 1211 1132 1290 fugam
1144 1211 1317 1293 compulsis,

121 1309 233 1389 quibus
249 1306 457 1369 recedentibus
473 1308 645 1370 institerunt
658 1309 780 1390 quidem
795 1309 815 1370 l
828 1318 913 1391 tergo
926 1307 1047 1381 obsessi,
1061 1308 1114 1370 sed
1129 1329 1187 1369 non
1208 1328 1318 1391 magno

122 1406 326 1468 recedentium
342 1406 461 1465 damno.
503 1404 708 1466 Palleviciuus
722 1406 836 1467 interea
851 1407 985 1467 obsessos
1004 1406 1127 1487 pulvere
1146 1418 1174 1466 et
1187 1405 1253 1466 aliis
1268 1425 1318 1466 ne·

122 1503 258 1564 censeriis
266 1501 394 1583 adjuvit.
439 1499 542 1562 Rebus
557 1501 598 1562 ad
611 1501 782 1563 Cisternam
797 1523 902 1584 parum
918 1502 1065 1564 fortunate
1079 1503 1180 1584 gestis,
1197 1501 1320 1563 Floren-

123 1600 180 1660 tini
194 1598 321 1660 feliciori
336 1618 475 1659 successu
493 1606 666 1681 pugnarunt
683 1599 774 1678 paulo
788 1610 856 1679 post
869 1610 972 1681 aperto
990 1600 1090 1661 Marte
1104 1611 1209 1661 contra
1222 1600 1320 1682 ponti·

123 1696 220 1758 ficios.
256 1695 335 1757 Cum
350 1695 431 1756 enim
440 1695 619 1756 Vincentius
626 1696 664 1756 de
676 1695 782 1756 Merra
792 1695 1010 1758 Marescballus
1019 1697 1117 1778 campi
1126 1701 1322 1773 (successerat

122 1794 175 1854 bic
184 1793 268 1854 Duci
279 1791 411 1853 Savellio
420 1792 453 1852 in
463 1792 650 1875 generalatu)
659 1813 727 1854 cum
739 1793 834 1854 tribus
842 1793 977 1874 peditum
989 1793 1122 1854 millibus
1135 1804 1166 1855 et
1179 1793 1322 1854 undecim

123 1890 288 1973 manipulis
300 1889 446 1970 equitum,
461 1909 498 1950 ac
515 1900 643 1969 quatuor
660 1891 827 1964 tormentis,
841 1890 879 1950 ab
895 1891 1043 1951 exercitus
1056 1909 1179 1972 corpore
1192 1911 1222 1951 se
1237 1911 1320 1971 sepe·

13 1986 15 1991 ’
123 2000 228 2059 resset,
238 1997 273 2048 nt
283 1987 410 2048 Pievem
419 1987 522 2048 urbem
533 1987 683 2049 obsideret
691 1988 771 2048 intra
780 1987 854 2049 dues
863 2007 946 2049 arces
955 1987 1058 2049 Sancti
1069 1987 1323 2049 Martiniscilicet

125 2095 157 2148 st
166 2084 253 2146 Petri
263 2082 369 2145 collem
384 2084 525 2145 substitit.
554 2083 646 2155 Quod
660 2093 694 2145 nt
706 2084 888 2146 Florentinis
899 2085 1039 2158 innotuit,
1050 2085 1195 2146 miserunt
1208 2086 1247 2147 de
1260 2086 1323 2148 suis

13 2247 27 2268 μ
124 2185 178 2265 qui
200 2181 326 2245 consilia
353 2181 467 2242 Matris
493 2181 684 2263 explorarent
707 2192 738 2244 et
758 2190 840 2243 certa
867 2181 980 2243 nuncia
1003 2182 1042 2242 ad
1067 2182 1322 2263 campiductorem

127 2278 336 2342 Florentinum
344 2278 494 2340 referrent.
514 2277 592 2350 Quae
601 2289 635 2339 ut
645 2278 737 2339 allata
745 2278 1099 2361 suutiturdprimoribns
1108 2279 1139 2340 in
1151 2278 1321 2356 consilium,

125 2375 379 2458 constituitnrque
387 2376 479 2456 justis
491 2376 583 2437 armis
593 2396 663 2437 cum
678 2376 841 2457 pontificiis
854 2396 917 2437 esse
927 2375 1164 2457 confligendum.
1201 2374 1324 2459 Egressi

125 2496 197 2537 mox
209 2474 242 2535 iu
260 2473 374 2535 hostem
393 2482 568 2555 repererunt
589 2473 619 2533 in
635 2474 792 2554 procinctu
806 2482 840 2534 ut
856 2493 888 2533 sc
905 2473 936 2533 in
955 2474 1065 2533 tutiore
1084 2474 1151 2534 loca
1166 2474 1323 2555 reciperet,

125 2571 354 2654 periculumque
367 2570 522 2653 pugnandi
532 2570 694 2653 defugeret.
737 2570 857 2631 Instant
868 2569 1034 2631 Florentini
1045 2570 1154 2645 acriis,
1167 2570 1225 2632 eti
1238 2580 1324 2653 tergo

126 2676 265 2751 carpunt,
280 2678 452 2748 coguntque
465 2668 497 2728 in
512 2667 667 2729 editiorem
680 2666 799 2743 collem,
811 2667 842 2729 in
857 2687 945 2748 quem
960 2666 1021 2728 und
1031 2667 1196 2729 Florentini
1206 2668 1325 2729 enitun-

127 2778 186 2840 tur,
208 2775 239 2827 ct
263 2786 321 2826 non
342 2764 408 2846 jam
432 2765 549 2826 eminus
571 2765 624 2826 sed
646 2765 783 2826 eominus
806 2764 951 2826 consertis
971 2763 1098 2825 dexteris
1119 2764 1324 2847 digladiantur

125 2863 210 2925 tanti
231 2861 343 2923 virtute
362 2871 397 2922 ut
416 2862 455 2923 de
473 2861 638 2943 pontificiis
658 2869 768 2943 proeter
786 2861 863 2923 duos
883 2860 1052 2943 manipulos
1073 2861 1126 2942 qui
1147 2862 1325 2944 tempestivi

127 2961 201 3043 fuga
213 2958 340 3020 salutem
354 2956 538 3037 quesierint,
551 2957 688 3041 plerique
702 2957 748 3018 vel
764 2958 835 3019 caesi
848 2956 899 3019 vel
915 2958 995 3039 eapti
1009 2958 1130 3021 luerint.
1172 2959 1258 3021 Inter
1269 2960 1324 3022 bos

127 3044 326 3118 nunierabant
334 3056 423 3115 etiam
433 3054 628 3117 Marescballi
639 3055 738 3116 locum
748 3064 897 3117 tenentem
910 3055 1094 3139 Malavagia.
1126 3055 1324 3140 Captivorum

127 3173 271 3215 numerus
289 3149 491 3213 millenarium
509 3151 671 3213 excessisse
687 3162 819 3233 putatur,
837 3152 1004 3215 occisorum
1021 3154 1208 3234 aliquantum
1229 3156 1327 3237 major

128 3251 273 3313 creditur.
314 3246 468 3309 Caeterum
488 3248 656 3332 intercepta
673 3258 823 3310 tormenta
835 3259 962 3330 quatuor
972 3270 1042 3311 cum
1057 3250 1140 3310 omni
1157 3249 1326 3331 provisione

128 3346 264 3422 militari,
277 3345 379 3406 omnio
392 3346 484 3407 etiam
502 3347 717 3429 impedimenta
736 3345 917 3408 Florentinis
934 3356 1087 3409 cesserunt
1101 3346 1161 3408 und
1171 3368 1241 3409 enm
1255 3368 1326 3409 vex·

129 3446 189 3508 illis
203 3454 235 3507 et
246 3442 408 3507 luculentis
428 3444 545 3526 opibus.
588 3442 788 3526 Captivorum
807 3444 1030 3527 praecipuorum
1045 3444 1168 3506 nomina
1187 3443 1236 3505 bic
1256 3446 1325 3507 sub·

123 3562 234 3627 Juugo.
