3225 4700
343 295 408 360 410
728 299 755 365 I
763 300 1058 370 TINERARI
1066 299 1150 366 ΠΜ.

347 449 536 530 applicatae
553 474 622 515 mox
637 455 676 516 ad
694 453 982 515 circumvallandum
1000 453 1114 535 aliquot
1128 451 1297 514 accolarum
1316 449 1420 514 millia
1442 448 1564 530 quibu-t
1583 505 1584 540 ἶ

347 546 601 610 concludebantur
613 551 746 632 quinque
759 550 830 632 pagi
844 561 904 612 tres
918 551 1008 626 villus,
1022 551 1180 612 fossionem
1194 550 1331 629 imperat
1583 543 1584 546 ¹

388 640 495 705 Castra
509 647 579 708 verb
597 667 652 708 sua
669 649 701 708 in
720 648 855 728 quinque
875 649 1039 729 praecipuas
1060 648 1200 710 stationes
1217 646 1392 728 distinguit,
1416 643 1561 724 primam

347 737 470 818 quidem
484 743 617 823 disponit
631 746 670 806 sd
685 744 767 806 illam
785 753 900 826 partem
920 765 987 826 qnae
1003 745 1104 806 Metas
1121 742 1252 824 respicit,
1268 761 1396 822 eamque
1412 741 1490 820 ipse
1508 759 1562 818 pro

346 854 379 894 se
391 835 498 920 selegit
511 841 664 902 tuendam.
706 842 841 905 Alterum
861 843 1001 904 Treviros
1012 863 1114 904 versus
1126 841 1245 902 ordinat
1258 859 1349 919 quarn
1366 835 1561 899 Marcbioni

347 929 386 991 de
400 931 524 997 Jessure
543 937 686 1020 assignat.
728 940 859 1002 Tertiam
877 949 995 1001 montes
1013 947 1195 1020 spectantem
1217 936 1332 999 Comiti
1348 936 1388 997 de
1405 936 1562 996 Aumont

347 1028 491 1092 attribuit.
523 1033 669 1106 Quartam
683 1036 817 1097 decernit
830 1037 944 1099 Comiti
958 1037 996 1098 de
1011 1037 1150 1115 Gransey
1164 1054 1200 1095 ex
1210 1033 1303 1095 altera
1313 1032 1460 1093 fluminis
1476 1031 1558 1112 ripa.

349 1123 493 1208 Quintam
503 1130 631 1212 denique
641 1134 775 1194 Domino
784 1133 823 1194 de
834 1133 965 1196 Gession
976 1131 1131 1215 permittit.
1156 1130 1193 1192 In
1205 1138 1384 1210 postremam
1395 1127 1487 1188 hanc
1502 1127 1561 1186 ob-

348 1223 420 1283 sessi
434 1224 561 1304 primam
579 1229 679 1289 statim
697 1230 883 1310 eruptionem
899 1231 1117 1311 disposuerunt,
1131 1248 1258 1309 eamque
1272 1227 1435 1288 fortissime
1453 1227 1560 1304 impe-

348 1317 481 1382 tiverunt
495 1343 553 1384 non
574 1327 638 1384 sine
654 1326 774 1407 copioso
793 1337 824 1388 et
841 1326 936 1389 nobili
951 1326 1109 1388 Gallorum
1127 1325 1285 1404 sanguine,
1299 1344 1398 1404 neque
1412 1323 1506 1384 enim
1522 1333 1557 1380 ut
1584 1325 1585 1352 ³

348 1427 433 1477 erant
448 1419 529 1480 obvii
544 1421 719 1483 officialibus
739 1424 900 1505 praecipuis
914 1424 1061 1504 parcitum
1080 1433 1133 1484 est.
1174 1422 1224 1484 Ne
1237 1421 1342 1482 castris
1356 1429 1557 1480 commeatus

347 1513 463 1576 deesset
481 1515 581 1578 Metus
593 1519 731 1600 supplere
741 1520 841 1599 jussit,
858 1520 919 1602 qud
939 1540 999 1581 non
1020 1519 1116 1581 multb
1133 1529 1201 1580 ante
1218 1517 1340 1600 plurimi
1353 1516 1506 1578 frumenti
1523 1531 1555 1575 et

347 1611 452 1673 fariuoe
467 1614 560 1674 modii
575 1615 667 1677 delati
680 1616 810 1689 fuerant,
822 1637 857 1677 ac
872 1637 910 1678 ne
923 1616 1064 1697 opinione
1076 1616 1165 1678 citius
1178 1614 1386 1679 exhauriretur
1399 1612 1551 1694 provisio.

347 1708 469 1770 aliunde
486 1730 605 1792 quoque
618 1712 846 1792 providissimus
863 1714 926 1774 dux
945 1712 1109 1775 accersivit.
1153 1713 1281 1773 Ineunte
1299 1711 1380 1772 enim
1399 1710 1423 1771 J
1426 1709 1492 1769 ulio
1509 1709 1548 1768 ad

347 1816 445 1867 castra
466 1806 585 1868 Gallice
606 1808 822 1892 quadringenti
846 1831 953 1871 currus
973 1809 1071 1872 ferinis
1094 1809 1193 1870 onusti
1217 1815 1429 1889 pervenerunt,
1454 1815 1488 1864 et
1515 1805 1545 1865 in

245 1923 247 1925 ’
347 1902 458 1964 milites
471 1904 584 1965 viritim
598 1905 690 1966 divisi
702 1915 783 1966 sunt.
827 1906 880 1967 Ad
892 1915 1031 1987 quartum
1046 1905 1198 1967 decimum
1212 1902 1292 1965 Julii
1309 1922 1404 1982 usque
1416 1922 1546 1983 aggeres

347 2001 436 2078 ejecti
449 2010 529 2073 sunt,
544 2010 574 2061 et
585 2010 734 2063 tormenta
746 2002 892 2083 disposita
903 2002 1010 2082 quibus
1023 2002 1166 2082 deinceps
1177 2000 1247 2060 urbs
1256 2007 1441 2079 quateretur.
1484 1998 1546 2058 De·

348 2096 429 2158 cimo
446 2099 549 2178 quinto
568 2099 592 2160 J
594 2098 649 2160 ulii
668 2098 835 2180 octingenti
854 2098 978 2160 omniuo
996 2099 1078 2180 globi
1095 2097 1245 2159 numerati
1263 2107 1333 2156 sunt
1348 2095 1402 2174 qui
1423 2115 1463 2155 ex
1485 2107 1545 2156 tor-

349 2195 457 2255 mentis
478 2196 573 2257 multo
591 2195 709 2278 fragore
726 2195 848 2277 impulsi
868 2205 947 2258 sunt.
988 2195 1042 2256 Ad
1062 2195 1213 2257 decimum
1227 2193 1389 2274 septimum
1407 2193 1544 2273 ejusdem

351 2291 433 2353 Galli
447 2293 577 2374 primum
593 2293 689 2355 moliti
702 2303 773 2356 suut
785 2293 931 2375 impetum
945 2293 976 2354 in
992 2293 1210 2354 munimentum
1226 2290 1314 2363 illud,
1328 2289 1410 2371 quod
1425 2289 1544 2350 molen-

349 2389 422 2450 dino
434 2390 543 2450 obsessi
557 2388 766 2472 opposuerunt.
778 2410 813 2452 ac
827 2390 880 2451 illa
890 2390 1011 2471 quidem
1023 2389 1193 2451 incursione
1204 2387 1363 2451 Gallorum
1373 2387 1543 2469 octingenti

349 2485 542 2546 ceciderunt:
564 2506 625 2567 qua
641 2486 726 2548 clade
744 2487 820 2549 nihil
837 2486 935 2548 territi
953 2487 1080 2548 alterum
1095 2487 1277 2547 adornarunt
1290 2506 1349 2545 non
1365 2483 1462 2545 multo
1478 2496 1544 2564 post

349 2578 503 2655 assultum,
518 2600 578 2661 quo
593 2590 675 2642 tanta
687 2581 800 2642 ferocia
813 2582 1014 2653 incurrerunt,
1029 2591 1062 2642 ut
1079 2602 1115 2642 eo
1131 2580 1337 2661 nequidquam
1355 2580 1543 2642 obstantibus

349 2676 474 2737 obsessis
500 2677 585 2759 potiti
606 2680 677 2750 sint,
699 2678 822 2759 quando
844 2692 952 2759 praeter
976 2698 1165 2741 numerosam
1192 2679 1397 2758 gregariorum
1423 2677 1541 2737 turbam

348 2773 448 2855 plures
469 2775 558 2836 etiam
578 2776 681 2858 magni
705 2776 835 2837 nominis
858 2776 950 2837 duces
971 2776 1184 2838 occubuerunt.
1226 2774 1383 2857 Vigesima
1409 2774 1541 2835 secunde

348 2871 372 2932 J
374 2870 428 2931 ulii
442 2891 533 2931 uuam
546 2892 584 2932 ex
596 2872 750 2933 semilunis
763 2891 832 2952 quar
846 2871 947 2953 quinte
957 2872 1117 2933 tuebuntur
1130 2870 1170 2931 ad
1183 2870 1277 2931 fossos
1290 2879 1322 2931 et
1335 2868 1414 2931 valla
1425 2870 1538 2931 aditum

349 2988 419 3029 cum
433 2980 560 3048 quatuor
576 2969 706 3030 militum
724 2968 857 3030 millibus
874 2969 986 3051 egressi
1005 2978 1084 3037 sunt,
1099 2988 1189 3049 quam
1207 2989 1277 3029 cum
1298 2970 1380 3031 Galli
1397 2980 1539 3051 reportas·

349 3075 425 3140 sent,
440 3067 550 3127 obsessi
563 3086 617 3127 sua
629 3066 738 3127 virtute
753 3065 802 3127 fisi
817 3076 1029 3147 represserunt,
1043 3085 1078 3125 ac
1094 3076 1178 3127 tauto
1193 3066 1305 3147 impetu
1318 3067 1418 3129 denuo
1434 3086 1537 3146 exege-

349 3172 429 3234 runt,
444 3172 477 3223 ut
489 3162 723 3243 quadringentos
737 3162 938 3223 internecione
952 3161 1129 3223 deleverint.
1171 3162 1284 3223 Paucis
1300 3163 1481 3245 complectar
1493 3164 1537 3223 iu·

349 3278 483 3319 numera.
527 3258 594 3320 Nec
607 3259 746 3340 sangnini
757 3278 813 3319 nec
824 3258 966 3339 impensis
976 3259 995 3319 b
1005 3258 1164 3320 Gallorum
1179 3259 1312 3341 pertibus
1326 3260 1473 3340 parcitum
1483 3272 1534 3333 est,

350 3366 383 3415 ut
396 3354 475 3415 banc
488 3354 684 3417 munitionem
703 3357 735 3416 in
754 3367 926 3437 potestatem
944 3378 1030 3419 suam
1049 3357 1231 3439 redigerent,
1246 3368 1277 3418 et
1289 3358 1361 3420 licet
1380 3360 1488 3421 obsessi
1506 3380 1535 3420 sc

350 3450 508 3513 fortissime
518 3462 673 3514 tuerentur
686 3473 745 3513 non
758 3463 920 3535 potuerunt
929 3464 1029 3516 tamen
1041 3453 1191 3515 indicibili
1204 3454 1309 3530 labori,
1324 3466 1355 3516 et
1367 3457 1421 3519 diu
1435 3468 1535 3518 noctu-

349 3566 408 3626 que
424 3547 604 3609 continuatis
623 3548 789 3611 incursibus
809 3550 923 3612 diutius
943 3550 1068 3624 obstare,
1091 3550 1220 3611 maxime
1241 3572 1312 3613 cum
1331 3552 1417 3615 miles
1438 3555 1534 3634 praesi-

349 3643 463 3704 diarius
475 3665 564 3725 supra
580 3644 769 3706 medietatem
782 3646 950 3707 defecisset.
992 3645 1056 3707 Sub
1074 3646 1225 3707 decimum
1243 3647 1336 3731 igitur
1350 3650 1480 3730 Augusti
1496 3650 1532 3710 ad
