3225 4700
350 325 370 388 6
725 318 1144 386 ITINERARIUM.

350 473 450 533 Marte
463 471 619 553 inclytum,
632 472 672 534 ad
692 471 829 533 decorem
846 482 877 533 et
889 471 1089 533 amoenitatem
1101 470 1168 534 loco
1177 493 1190 552 J
1195 469 1397 532 ucundissimo
1409 480 1528 533 extruc-

347 575 423 640 tum,
436 567 540 641 bortis,
560 568 711 650 pomeriis,
725 568 890 648 vinetisque
909 567 1002 640 dives,
1016 568 1154 648 potestati
1174 567 1361 628 serenissimi
1374 568 1528 648 Principis

349 661 535 724 Marcbionis
542 664 580 724 de
593 663 815 744 Brandenburg
827 662 990 723 subditum.
1033 662 1104 722 Huc
1117 663 1365 743 opportunissime
1375 663 1528 724 advolavit

349 758 571 819 Illustrissimus
584 759 734 819 Dominus
748 758 891 820 Butlerus
898 777 959 817 nna
966 777 1035 818 cum
1044 757 1237 818 Vicetribuno
1244 779 1296 818 sno
1303 757 1438 818 Waltero
1449 759 1528 818 But—

346 853 391 914 ler
409 853 557 936 legionem
577 855 724 936 insignem
741 852 960 934 quindenorum
977 853 1197 933 manipulorum
1212 854 1244 913 in
1262 853 1388 914 Polonii
1401 855 1529 935 propriis

345 949 489 1030 impensis
514 950 671 1012 collectum
696 950 858 1025 adducens,
887 948 1129 1009 Wellensteinins
1154 949 1274 1028 quidem
1301 949 1358 1029 ipsi
1385 951 1529 1029 omnique

346 1045 436 1104 militi
449 1045 541 1125 ipsius
555 1045 701 1127 integram
714 1044 891 1105 solutionem
903 1054 1007 1124 paetus
1020 1044 1126 1118 suerat,
1140 1045 1193 1105 sed
1212 1054 1319 1126 prater
1331 1045 1432 1120 verba,
1446 1057 1527 1126 post-

346 1160 438 1220 quam
457 1141 633 1219 Imperatori
652 1139 826 1215 fidelissime
844 1139 1028 1200 adstitissent
1048 1139 1068 1200 b
1088 1139 1313 1201 Wallensteinio
1333 1151 1429 1202 morte
1450 1161 1529 1221 prae·

345 1244 435 1296 vento
450 1238 497 1312 (ut
510 1255 564 1296 suo
576 1237 643 1297 loco
656 1235 787 1316 dicetur)
799 1257 852 1316 pro
865 1235 966 1295 labore
980 1248 1010 1294 et
1023 1235 1163 1316 impensis
1175 1239 1313 1317 recepere
1324 1235 1410 1296 nihil.

387 1330 506 1391 Interea
524 1330 688 1410 Ratisponi
703 1353 740 1392 ex
758 1331 887 1392 comitiis
904 1331 1079 1412 optimatum
1100 1331 1235 1412 Imperii,
1250 1331 1529 1394 Excellentissimos

347 1426 497 1487 Dominus
510 1426 620 1488 Comes
633 1427 670 1488 de
688 1427 777 1507 Tylly
791 1427 959 1506 expeditur,
973 1425 1027 1506 qui
1039 1427 1156 1507 utrique
1171 1429 1324 1500 exercitui,
1338 1428 1466 1489 Caesaris
1479 1430 1528 1489 ni·

346 1523 456 1583 miram
476 1533 506 1584 et
523 1521 701 1604 Principum
721 1522 752 1582 in
773 1521 937 1584 Germanii
952 1521 1239 1598 Gonioederatorum,
1254 1524 1353 1604 (Ligae
1366 1525 1529 1598 vocabant)

346 1637 416 1678 cum
429 1617 604 1679 auctoritate
618 1627 774 1698 praeesset3
797 1619 851 1698 qui
864 1618 940 1679 nihil
953 1628 1109 1680 cunctatim
1122 1620 1319 1681 universalem
1330 1619 1460 1680 militnm
1474 1621 1528 1681 de-

344 1713 465 1787 lectum,
480 1734 539 1773 nou
553 1713 658 1794 procul
672 1714 867 1775 Francofurto
884 1715 1004 1794 indixit,
1017 1736 1145 1796 cumque
1162 1716 1277 1776 militia
1290 1717 1380 1776 robur
1391 1717 1528 1790 vidisset,

343 1807 509 1870 sinemuri
528 1808 642 1868 hostem
663 1811 753 1870 variis
773 1809 846 1870 locis
866 1830 926 1869 non
943 1813 1007 1873 aine
1025 1813 1263 1873 adversanorum
1278 1812 1363 1872 clade
1382 1813 1528 1875 audacter

343 1903 527 1986 aggreditur,
542 1911 607 1964 tum
620 1905 795 1978 Rostockio,
811 1905 900 1965 Novo
915 1907 1163 1989 Brandenbnrgo,
1173 1907 1298 1988 aliisque
1311 1908 1350 1968 ad
1363 1928 1445 1968 mare
1459 1910 1527 1970 sitis

342 1999 513 2061 civitatibus
521 1999 552 2059 in
566 1999 658 2060 fidem
668 2001 796 2081 acceptis
809 2001 849 2061 ad
863 2002 1155 2085 Magdeburgensem
1166 2003 1351 2064 obsidionem
1360 2006 1525 2066 exercitum

343 2094 497 2175 applicuit.
538 2095 614 2156 Erat
630 2095 872 2178 Magdeburgum
894 2098 999 2158 civitas
1016 2100 1102 2178 aeque
1117 2100 1227 2180 populo
1246 2100 1337 2180 quim
1353 2101 1480 2162 fortunis
1494 2113 1527 2162 et

342 2190 533 2251 facultatibus
549 2191 665 2266 nobilis,
681 2191 741 2251 situ
758 2201 787 2252 et
804 2193 969 2253 munitione
986 2193 1120 2268 celebris,
1135 2194 1244 2275 quippe
1261 2215 1328 2275 quoe
1348 2197 1526 2259 densissimo

343 2306 438 2353 muro,
458 2285 626 2367 duplicibus
646 2286 741 2361 fossis,
756 2287 973 2370 aggeribusque
994 2298 1099 2349 contra
1118 2291 1250 2373 cujusvis
1267 2292 1359 2355 hostis
1378 2293 1525 2375 impetum

342 2383 572 2459 circumcincta3
602 2384 842 2465 inexpugnabilis
860 2386 966 2446 merito
985 2386 1046 2446 dici
1063 2397 1178 2467 poterat
1191 2389 1287 2471 virgo,
1301 2390 1360 2450 nisi
1373 2390 1392 2449 d
1405 2391 1525 2471 virgine

342 2479 508 2560 expugnari
537 2478 688 2539 voluisset.
732 2479 823 2541 Hanc
849 2501 920 2563 ergo
943 2502 1014 2542 cum
1038 2482 1190 2562 aliquanto
1211 2493 1342 2566 tempore
1362 2488 1526 2549 obsedisset

342 2573 467 2654 Tyllius,
482 2574 577 2635 multo
595 2575 717 2655 quidem
733 2575 788 2637 sed
804 2596 863 2636 non
876 2597 954 2636 vano
971 2578 1080 2652 labore,
1094 2578 1208 2639 armati
1223 2600 1325 2657 mann,
1340 2581 1371 2642 in
1387 2584 1524 2665 Impera·

341 2669 413 2730 toris
427 2670 476 2731 cui
493 2670 587 2731 multi
601 2692 670 2731 oum
683 2670 846 2752 pervicatii
859 2673 913 2733 diu
926 2674 1072 2734 restiterat
1083 2675 1200 2757 redegit
1219 2686 1402 2757 potestatem.
1444 2681 1524 2754 Quis

341 2765 416 2825 mibi
428 2766 485 2827 hoc
497 2767 564 2829 loco
577 2767 684 2828 referat
696 2777 756 2828 tam
769 2770 946 2847 potentinae
960 2769 1068 2831 valida
1082 2772 1162 2831 urbia
1179 2772 1351 2835 excidium?
1392 2775 1522 2858 Magde·

340 2861 467 2943 burgum
481 2865 562 2942 qnod
575 2863 647 2924 olim
659 2864 755 2924 fuerat
769 2863 900 2926 universi
914 2865 993 2925 orbis
1011 2868 1223 2947 spectaculum,
1236 2890 1317 2930 nunc
1334 2870 1520 2933 miseriarum

341 2956 599 3039 calamitatumque
622 2960 755 3020 omnium
777 2960 999 3022 moestissimnm
1017 2962 1124 3023 visitur
1137 2964 1397 3043 amphitheatrum}
1438 2968 1521 3029 Ecce

340 3053 488 3130 quomodo
495 3056 576 3116 sedet
583 3056 758 3117 solacivitas
766 3056 855 3137 plena
862 3056 934 3116 olim
941 3058 1060 3139 populo,
1066 3059 1145 3120 sacta
1153 3061 1282 3122 estvelut
1288 3063 1379 3123 vidua
1387 3062 1521 3126 Domina

340 3146 484 3227 gentium,
498 3147 643 3231 Princeps
656 3152 845 3233 populorum,
855 3151 934 3213 facta
946 3163 990 3213 est
1001 3156 1055 3215 sub
1065 3156 1195 3217 tributo:
1219 3156 1337 3236 plorans
1346 3158 1473 3240 ploravit
1486 3162 1517 3222 in

340 3251 426 3302 noete
440 3253 469 3303 et
481 3244 641 3325 lacbrymae
659 3248 723 3328 ejus
739 3248 771 3308 iu
787 3248 917 3309 maxillis
932 3249 1006 3330 ejas,
1020 3271 1080 3311 uon
1097 3252 1207 3332 estqui
1223 3252 1390 3314 consoletur
1402 3275 1467 3315 eam
1480 3277 1518 3317 ex

340 3339 475 3400 omnibus
489 3339 586 3401 charis
599 3343 679 3422 ejus:
700 3364 802 3405 omnes
815 3345 906 3405 amici
919 3346 983 3426 ejus
996 3359 1171 3426 spreverunt
1182 3368 1259 3423 eam,
1274 3358 1304 3409 et
1318 3348 1389 3410 facti
1405 3361 1475 3411 sunt
1490 3352 1519 3412 ei

339 3434 464 3496 inimici.
497 3435 578 3507 Quot
587 3448 672 3518 putas
680 3438 744 3521 (dic
752 3440 852 3517 sodes)
862 3441 918 3501 hac
932 3440 993 3501 unt
1006 3444 1222 3524 expugnatione
1235 3444 1386 3505 fortissimi
1398 3447 1518 3525 nuptia-

339 3551 406 3591 rnm
427 3530 687 3615 innuptiarumque
709 3535 898 3596 smmiuarum
920 3537 1025 3613 animi,
1047 3538 1175 3599 militnm
1201 3540 1305 3600 maeno
1332 3542 1442 3617 furore,
1466 3564 1517 3603 ex·

338 3628 474 3709 pugnati,
489 3640 639 3691 cesserunt
651 3630 792 3693 libidini?
832 3631 915 3703 Quot
927 3632 986 3693 foci
998 3634 1187 3713 quantumvis
1200 3636 1343 3699 luculenti
1361 3638 1517 3701 unicoboc
