3225 4700
315 339 379 405 398
721 343 746 407 I
751 341 852 412 TIN
855 343 1040 412 ERARI
1047 343 1132 410 ΠΜ.

316 496 474 568 Tbomem,
488 496 540 579 qui
559 498 598 559 de
614 498 748 579 periculo
761 500 924 563 deditionis
938 500 1241 572 commonefacerent,
1255 498 1308 560 sed
1320 498 1392 579 quia
1406 497 1458 559 vel
1473 507 1522 558 ta·

315 594 459 656 belliones
477 596 754 678 intercipiebantur,
771 597 821 660 vel
839 599 938 660 redire
953 618 1013 659 non
1031 608 1181 679 poterant,
1200 598 1254 679 qui
1273 617 1450 678 responsam
1471 617 1523 656 re·

314 692 426 755 ferrent
445 693 579 754 accensis
598 703 691 756 noctu
711 695 833 777 ignibus
854 696 1116 778 prasentissimam
1138 695 1345 756 necessitatem
1363 694 1395 755 in
1415 694 1523 754 amica

315 801 414 851 castra
426 790 646 874 significarunt.
688 793 893 854 Commodum
907 793 1011 854 eodem
1026 801 1160 874 tempore
1174 792 1322 873 Princeps
1333 792 1466 852 Thomas
1479 811 1521 850 ex

316 887 426 949 Galliis
440 889 589 969 suppetias
599 889 745 951 adductas
763 909 826 951 esse
842 889 1000 951 audiverat
1013 892 1112 966 (erant
1128 890 1307 952 selectorum
1319 887 1454 949 militum
1469 887 1519 948 bis

314 984 570 1067 millequingenta
579 987 928 1068 capita)quibuscumad
937 986 1126 1048 liberandum
1136 987 1290 1048 obsidione
1302 996 1434 1046 castrum
1450 1005 1519 1046 sese

315 1082 458 1143 accinxit.
492 1081 674 1144 Convocatis
685 1104 757 1166 ergo
765 1083 893 1144 ducibus
907 1092 938 1144 et
950 1082 1062 1144 adrem
1075 1083 1190 1144 fortiter
1199 1083 1347 1165 agendam
1360 1081 1518 1154 animatis,

315 1179 478 1240 exercitum
498 1179 660 1242 duodecim
676 1181 799 1242 omnino
821 1180 950 1241 millium
968 1180 1073 1242 eduxit
1088 1181 1120 1240 in
1140 1199 1281 1260 campum
1298 1179 1383 1240 etad
1403 1177 1519 1238 Nisam

315 1278 475 1358 promovit,
493 1278 555 1338 nub
570 1299 640 1339 cum
660 1297 769 1339 novem
787 1278 944 1340 tormentis
958 1277 1146 1339 currulibus:
1166 1297 1202 1338 ac
1214 1277 1277 1358 ipse
1290 1276 1412 1357 quidem
1428 1275 1518 1356 prin-

315 1395 385 1456 ceps
399 1394 468 1435 cum
482 1375 564 1435 omni
579 1374 712 1456 equitatu
723 1375 870 1436 Seriviam
885 1375 998 1436 flumen
1011 1375 1130 1455 trajecit
1143 1373 1269 1434 sollicite
1283 1371 1397 1434 tardibs
1409 1371 1517 1431 subse·

315 1481 457 1553 quentem
469 1472 633 1552 peditatum
643 1482 814 1553 expectans,
827 1473 878 1553 qui
893 1472 966 1533 dum
980 1472 1063 1533 abest
1076 1471 1205 1554 longius,
1217 1481 1247 1532 et
1260 1470 1375 1532 tardius
1390 1489 1517 1551 progre—
1597 1485 1598 1550 t

315 1568 409 1642 ditur,
428 1567 531 1649 pluvii
548 1577 723 1650 tempestate
738 1570 913 1651 impeditus,
932 1569 1077 1651 paulatim
1097 1568 1211 1630 flumen
1229 1567 1315 1649 aquis
1327 1577 1465 1649 augetur,
1483 1575 1517 1626 et
1597 1575 1598 1660 p

314 1665 346 1725 in
361 1673 478 1725 tautum
492 1665 645 1739 excrescit,
656 1666 805 1727 utmodus
815 1665 915 1727 nullus
925 1676 1001 1726 esset
1010 1665 1181 1746 trajiciendi
1190 1666 1221 1725 iu
1234 1665 1391 1725 adversam
1403 1664 1514 1744 ripam.
1597 1673 1598 1688 ¹

316 1759 378 1822 His
390 1762 434 1822 ita
447 1761 626 1832 constitutis,
641 1783 672 1823 se
690 1762 809 1823 munire
828 1761 983 1842 tantisper,
999 1761 1071 1822 dum
1090 1781 1177 1843 aqua
1192 1762 1389 1833 remitterent,
1402 1761 1515 1842 incipit

314 1859 411 1933 miles,
427 1880 465 1920 ne
478 1860 538 1941 qua
551 1858 682 1920 bostium
701 1859 925 1920 incursionibus
941 1868 1066 1941 pateret,
1085 1859 1168 1938 quod
1183 1868 1283 1920 tamen
1302 1868 1365 1920 tam
1383 1857 1514 1919 solliciti

314 1956 411 2017 facere
424 1975 483 2017 non
499 1957 606 2038 potuit,
617 1955 690 2037 quin
705 1956 723 2017 d
736 1956 898 2018 Germania
911 1955 1081 2039 legionibus
1097 1967 1126 2017 et
1137 1955 1255 2018 rusticis
1269 1954 1381 2016 accolis
1389 1954 1513 2016 vellica·

315 2062 398 2114 retur
415 2062 446 2114 et
460 2073 552 2134 supra
569 2063 716 2114 trecentos
731 2061 943 2114 sternerentur.
987 2051 1109 2114 Interea
1126 2052 1300 2113 remiserant
1320 2072 1407 2133 aquae
1428 2053 1513 2134 plus-

314 2149 429 2224 culum,
455 2150 673 2231 trajeceratque
698 2151 848 2232 peditatus
872 2151 928 2210 sub
951 2159 1067 2211 sextum
1090 2150 1241 2211 decimum
1269 2149 1358 2220 Maii,
1387 2151 1513 2231 quando

316 2245 464 2327 Princeps
477 2246 607 2307 Thomas
620 2267 690 2308 cum
703 2247 793 2328 pleno
807 2248 941 2309 exercitu
954 2245 1119 2307 Portcnam
1132 2267 1235 2308 versus
1246 2247 1342 2307 movit
1351 2257 1513 2308 conaturus

314 2343 397 2405 omni
409 2342 562 2424 impendio
575 2343 701 2406 liberare
714 2345 858 2407 obsessos.
902 2344 1068 2406 Hoerebant
1083 2343 1216 2425 Hispani
1229 2344 1310 2405 iutra
1324 2345 1513 2405 munimenta

313 2462 368 2503 sua
378 2442 447 2513 tuti,
457 2441 496 2502 ad
507 2461 583 2523 quos
593 2442 725 2503 difficilis
735 2443 863 2504 dabatur
870 2452 1058 2511 accessus,et
1067 2441 1138 2503 licet
1145 2442 1299 2522 copiosum
1309 2451 1510 2502 commeatum

314 2540 510 2619 interceptum
526 2539 692 2601 audiissent
703 2540 741 2601 ab
754 2540 933 2601 adversariis
944 2539 1050 2602 turmis
1063 2538 1140 2600 uihil
1154 2548 1254 2599 tamen
1269 2538 1450 2619 bproposito
1463 2560 1511 2599 re-

313 2636 466 2705 miserant,
481 2637 555 2696 certi
568 2635 617 2695 vel
631 2655 718 2716 passo
735 2637 826 2718 potiri
842 2636 888 2697 vel
903 2636 1032 2718 gloriose
1047 2636 1152 2697 emori.
1194 2635 1273 2696 Cum
1290 2635 1383 2717 igitur
1397 2635 1510 2697 obsessi

313 2731 508 2814 pertinaciam
523 2731 725 2793 obsidentium
743 2733 1018 2794 animadverterent
1034 2733 1091 2793 sub
1103 2732 1282 2815 vigesimum
1296 2743 1414 2795 sextum
1429 2733 1508 2795 Maii

312 2828 425 2910 pacisci
439 2838 583 2909 ceperunt
596 2850 631 2890 ac
645 2839 762 2910 postero
775 2829 825 2890 die
841 2840 929 2911 pacta
943 2829 1162 2903 concluserunt,
1174 2838 1206 2890 ut
1219 2830 1334 2891 scilicet
1343 2850 1413 2891 cum
1424 2832 1508 2892 omni

313 2925 493 2987 solennitate
510 2926 633 2986 militari
654 2926 876 3007 egrederentur.
919 2926 1101 3009 Egressique
1117 2937 1188 2989 suut
1205 2928 1284 2987 1300
1299 2927 1364 2988 sani
1385 2927 1505 3003 milites,

312 3022 432 3084 ducenti
445 3022 516 3083 verb
527 3022 640 3082 infirmi
650 3034 680 3083 et
692 3023 852 3093 vulnerati,
863 3044 933 3085 cum
947 3032 1074 3105 quatuor
1087 3024 1242 3086 tormentis
1252 3044 1287 3085 ac
1296 3025 1436 3086 omnibus
1449 3025 1505 3085 im·

310 3119 503 3200 pedimentis,
519 3130 659 3200 rectaque
673 3121 713 3181 ad
728 3120 825 3181 socios
839 3142 870 3182 se
883 3121 1099 3203 adjunxerunt,
1113 3140 1149 3181 ac
1167 3142 1236 3182 cum
1251 3122 1384 3183 exercitu
1398 3124 1505 3182 Astam

311 3216 438 3298 regressi
452 3227 532 3277 sunt.
570 3216 702 3298 Hispani
715 3216 836 3277 nonnisi
850 3228 972 3279 eentum
985 3227 1016 3278 et
1028 3217 1174 3279 tredecim
1187 3216 1330 3279 frumeuti
1344 3217 1459 3278 modios
1472 3217 1503 3277 in

310 3313 478 3395 provisione
492 3325 677 3394 repererunt,
687 3334 738 3374 sex
753 3313 875 3395 insuper
888 3314 969 3375 dolia
986 3334 1072 3375 caseo
1090 3325 1206 3389 onusta,
1226 3336 1278 3376 sex
1293 3315 1357 3375 vini
1375 3314 1506 3396 plaustra

309 3420 340 3472 et
351 3410 477 3492 triginta
490 3411 552 3472 duo
565 3430 637 3472 vasa
654 3410 787 3492 pulveris
804 3412 895 3494 pyrii,
910 3420 1018 3493 praeter
1034 3410 1232 3493 pauxillulum
1246 3411 1351 3473 farina
1365 3423 1395 3473 et
1409 3412 1502 3493 panis.

311 3507 382 3569 Non
398 3507 518 3569 defuere
533 3508 595 3569 suis
615 3508 750 3589 partibus
769 3508 898 3569 victores
911 3518 945 3569 ut
958 3508 1124 3569 necessaria
1140 3510 1241 3570 omnia
1253 3509 1418 3591 opportune
1436 3528 1504 3590 sup-

308 3604 435 3684 plerent,
449 3604 609 3686 locumque
622 3606 653 3665 in
669 3614 811 3666 eventum
824 3605 1015 3667 instruerent.
1055 3604 1216 3686 Pracipua
1229 3606 1301 3668 verb
1316 3625 1388 3667 cura
1401 3604 1459 3666 suit
1473 3615 1504 3666 ut

308 3700 503 3764 victoriarum
518 3702 654 3784 largitori
667 3700 803 3785 publicas
818 3703 929 3785 gratias
942 3702 1033 3764 variis
1043 3700 1118 3765 locis
1131 3702 1336 3765 decernerent.
