3225 4700
364 298 429 364 224
762 294 781 358 1
787 289 1064 358 TINERARI
1069 289 1157 358 ΠΜ.
1251 348 1258 363 .

361 451 566 513 locumteneus
582 448 614 511 in
629 470 684 513 sua
702 450 766 512 siue
782 470 872 512 eausa
887 458 1032 531 concepta
1046 448 1199 532 opinione,
1214 466 1312 530 quam
1327 447 1374 511 ad
1390 446 1490 511 linem
1501 448 1560 513 litte

360 568 461 609 rarum
479 566 602 609 suarum
619 546 752 609 annectit
765 547 804 609 de
818 546 954 609 vindicta
966 564 1020 607 sue
1033 555 1167 627 tempore
1183 546 1371 626 quaerenda,
1384 566 1560 629 perseverare

357 644 449 716 volet,
467 664 521 725 per
538 664 586 707 me
605 643 728 725 quidem
752 642 785 705 id
803 642 885 717 licet,
900 641 1021 704 fortuna
1034 640 1144 721 cuique
1158 660 1240 703 nunc
1253 660 1353 723 aequa
1366 663 1458 705 nunc
1476 644 1560 726 iniqua

359 747 483 802 rotatur.
525 738 638 802 Manae
665 739 757 801 hisce.
800 738 892 800 Data
915 758 954 799 ex
976 735 1082 799 castris
1105 734 1251 799 Cesareis
1279 740 1334 800 15.
1360 738 1460 802 Juuii
1483 742 1557 802 Anne

365 837 451 897 1640.

758 924 760 929 ’
788 930 1008 991 Dcmiaaticsis
1019 938 1122 991 cerne
1134 931 1281 1011 spildom
1296 931 1417 992 Sernes

1314 1042 1523 1106 Pscoaorrnn.

396 1223 481 1285 Inter
504 1221 569 1283 haec
588 1219 721 1282 haerebat
738 1238 809 1281 eum
832 1218 1012 1280 exercitibus
1035 1218 1098 1281 suis
1118 1218 1289 1281 Baunirius
1316 1218 1434 1283 diebus
1454 1220 1553 1303 aliquot

354 1318 564 1400 Creutabergoe
578 1324 608 1378 et
622 1314 782 1389 Isenachii,
796 1315 851 1377 sed
863 1335 934 1377 cum
947 1315 1099 1377 horrenda
1111 1316 1191 1377 fame
1201 1324 1418 1396 torqueretur,
1431 1338 1551 1379 commu·

353 1415 461 1477 nicetis
479 1434 548 1475 eum
567 1412 729 1474 Melandra
755 1411 952 1475 Hasslcarum
970 1412 1127 1493 copiarum
1148 1410 1313 1486 Generali,
1337 1412 1485 1476 Consiliis
1500 1414 1550 1475 alio

353 1512 412 1573 iter
424 1510 555 1592 dirigere
568 1508 708 1583 instituit,
720 1528 756 1571 ae
768 1528 873 1571 versus
887 1508 1028 1571 Hassiam
1042 1508 1148 1582 movit,
1161 1507 1305 1591 plerique
1314 1509 1549 1571 adversariorum

353 1604 484 1667 militum
504 1604 672 1667 immaturis
689 1605 834 1669 fructibus
847 1606 944 1687 pomis
960 1605 1103 1688 pyrisque
1120 1624 1201 1687 agre
1217 1604 1362 1667 animam
1383 1605 1417 1666 in
1438 1625 1547 1686 corpore

352 1702 547 1777 sustinebant,
562 1701 704 1783 queniam
719 1703 873 1783 potissima
885 1701 1173 1785 pars'gregarlorum
1183 1700 1324 1764 militum
1333 1702 1546 1783 intraquiuque

350 1799 400 1860 vel
412 1818 464 1861 sex
484 1798 548 1859 dies
564 1817 620 1859 uec
638 1798 748 1860 micam
766 1798 854 1879 panis
873 1808 1054 1882 gustaverat.
1096 1798 1209 1860 Nostro
1224 1806 1340 1861 contra
1361 1796 1503 1861 exercitui
1518 1797 1544 1856 iu

351 1894 465 1956 Castris
486 1893 569 1956 circe
591 1894 794 1956 Neustadium
818 1895 859 1956 ad
882 1894 984 1957 Salam
1003 1895 1049 1957 nil
1067 1894 1234 1977 quidquam
1255 1896 1365 1977 quoad
1387 1904 1543 1957 mmeatuu

349 1990 523 2064 decedebat,
537 1989 677 2052 immanis
690 1990 771 2052 enim
784 1990 930 2053 frumeuti
943 1991 989 2054 ris
1000 2012 1037 2053 ex
1052 1989 1220 2052 Francouia
1238 1990 1486 2063 submittebatur,
1498 1989 1542 2051 ad·

269 2130 274 2141 .
350 2086 539 2147 ducebantur
551 2105 670 2167 quoque
684 2085 805 2148 aliunde
819 2086 891 2167 equi
904 2087 1037 2168 plurimi,
1049 2087 1170 2168 solaque
1181 2088 1395 2170 Nerimberga
1406 2096 1540 2150 trecentos

350 2200 442 2261 equos
464 2200 519 2262 pro
539 2180 655 2243 bellicis
673 2183 829 2245 munientis
848 2183 1061 2265 promovendis
1082 2183 1301 2265 suppeditavit.
1343 2184 1539 2247 Excurrebant

350 2297 469 2360 quoque
480 2277 598 2341 Oroete
606 2279 699 2341 nostri
709 2279 740 2340 in
751 2277 874 2341 hostiles
884 2289 993 2362 partes,
1003 2290 1034 2342 et
1042 2280 1167 2342 reduces
1178 2279 1320 2341 ferebant
1329 2279 1433 2364 opima
1443 2278 1536 2361 spolie

349 2374 480 2436 hostium
499 2374 622 2458 iusuper
640 2376 786 2440 immanes
806 2377 907 2460 copias
922 2376 1016 2440 veluti
1035 2376 1138 2439 orium
1155 2396 1266 2460 greges
1279 2386 1353 2438 aute
1365 2397 1398 2438 se
1411 2375 1535 2458 agebam

347 2491 423 2554 quas
436 2472 511 2534 dum
525 2472 739 2554 papulareutur
751 2473 980 2556 interceperant,
993 2475 1101 2536 horum
1117 2472 1232 2535 indicio
1252 2472 1453 2556 cognovimus
1466 2468 1537 2530 Mel·

346 2567 521 2630 lerstadium
535 2569 553 2630 d
567 2569 671 2632 Suecis
691 2585 805 2632 armata
817 2570 850 2632 ri
863 2580 986 2654 captum
998 2589 1073 2645 esse,
1087 2570 1120 2630 iu
1132 2589 1223 2651 quem
1235 2569 1344 2632 locum
1361 2588 1395 2630 se
1412 2567 1451 2629 ad
1463 2563 1534 2627 mille

348 2664 451 2726 rustici
469 2665 662 2750 collegerant,
682 2685 772 2746 seque
793 2675 898 2730 contra
919 2667 1150 2750 irrumpentium
1171 2666 1310 2730 militum
1327 2684 1414 2728 arma
1428 2661 1533 2725 fortiter

349 2760 537 2844 aliquamdiu
550 2761 756 2826 defenderant.
