3225 4700
317 321 382 386 416
708 322 735 386 I
741 321 794 387 1¹1
800 320 1022 390 NERARI
1030 321 1116 388 UM.

317 477 355 538 ab
363 477 599 559 exploratoribus
608 479 670 540 suis
680 479 851 541 didicerant
860 480 1002 541 excubias
1014 479 1033 539 t
1043 478 1186 541 Generali
1198 479 1304 558 Bruay
1313 476 1443 539 solliciti
1451 495 1521 537 esse

319 574 486 656 dispositas,
495 576 605 657 jubent
621 596 690 637 suos
705 574 955 658 Sentienbergam
971 576 1105 637 animose
1120 584 1150 637 et
1163 574 1281 637 summi
1293 574 1454 636 velocitate
1469 573 1521 634 in·

316 672 435 744 vadere,
450 673 534 754 quod
551 674 624 735 dum
642 671 680 734 fit
691 683 722 734 st
741 672 832 734 Sueci
846 674 908 734 uui
924 693 992 735 cum
1010 673 1232 735 excubitoribus
1245 681 1403 753 penetrant
1423 670 1522 731 obvia

316 789 443 850 quaeque
452 780 596 844 sternunt,
607 789 643 830 ac
652 769 694 830 ita
702 780 842 852 premunt
852 771 985 832 noudum
995 772 1033 832 ad
1043 770 1240 853 pugnandum
1248 767 1521 830 accinctosntGe·

317 866 427 927 ueralis
447 867 553 946 Bruay
574 886 635 927 una
653 887 723 928 eum
737 866 938 950 Calenbergio
958 869 1010 928 vix
1030 878 1148 930 tautum
1171 867 1224 928 otii
1248 866 1396 939 habuerit,
1417 875 1455 926 ut
1475 863 1519 925 ad

317 981 415 1023 arcem
436 983 490 1045 per
505 963 691 1045 interjectam
705 985 816 1044 aquam
833 965 960 1026 evadere
977 966 1118 1047 potuerit.
1159 963 1229 1036 Quo
1247 974 1348 1024 tamen
1366 972 1400 1023 ut
1417 961 1520 1022 evasit

317 1058 476 1122 fortissime
489 1060 598 1123 restitit
610 1060 767 1142 hostesque
779 1061 838 1122 sibi
852 1061 1043 1124 imminentes
1056 1062 1173 1123 avertit.
1210 1059 1351 1122 Perdidit
1363 1069 1464 1120 tamen
1482 1058 1517 1118 in

316 1155 373 1216 bac
386 1157 576 1238 expeditione
589 1178 682 1239 equos
697 1157 789 1219 mmis
802 1157 962 1220 instructos
975 1159 1212 1240 quadringentos
1230 1157 1351 1218 circiter
1366 1157 1428 1216 unt
1441 1175 1517 1216 cnm

318 1261 446 1332 quatuor
458 1254 595 1334 equitum
610 1252 831 1316 decurionibus.

357 1348 524 1429 Aliquanto
542 1349 722 1431 asperiorem
742 1371 802 1410 non
824 1349 919 1412 multo
943 1361 1010 1432 post
1028 1351 1176 1412 fortunam
1197 1359 1335 1433 expertus
1355 1361 1399 1412 est
1419 1347 1518 1412 Colo-

316 1443 414 1506 nellus
425 1445 534 1527 Unger
541 1445 595 1525 qui
607 1465 676 1507 cum
691 1456 796 1527 captus
809 1468 906 1529 nuper
919 1447 1052 1510 dSnecis
1063 1468 1241 1529 permenses
1254 1447 1404 1530 plusculos
1414 1456 1517 1508 utten-

317 1555 364 1602 tus
376 1540 490 1616 fuisset,
505 1541 592 1623 petiit
601 1542 641 1603 ud
655 1562 767 1623 panem
780 1543 846 1604 dies
860 1543 1048 1625 negotiorum
1063 1565 1153 1607 causa
1166 1546 1197 1606 in
1212 1544 1370 1606 Poloniam
1383 1543 1515 1615 dimitti,

316 1659 353 1698 ae
366 1638 447 1700 fucta
459 1638 491 1698 in
510 1639 629 1721 scriptis
648 1639 786 1701 cautione
803 1641 1003 1722 praeditusquc
1024 1641 1194 1704 constitutis
1207 1642 1245 1702 ad
1266 1641 1438 1722 quindecim
1453 1641 1514 1702 cir·

317 1734 467 1797 citerdies
477 1736 608 1798 obtinuit
619 1748 687 1816 post
697 1737 922 1818 quossedenuo
933 1739 1058 1800 sisteret.
1096 1739 1242 1800 Evaserat
1253 1738 1283 1798 in
1294 1737 1374 1798 hunc
1386 1737 1512 1798 modum

318 1831 390 1907 fide,
403 1853 473 1892 cum
484 1834 652 1912 sponsionis
666 1855 729 1896 snae
742 1835 853 1898 oblitus
866 1835 906 1896 ad
916 1855 985 1897 suos
997 1836 1146 1897 divertere
1162 1834 1277 1908 maluit,
1291 1855 1380 1916 quarn
1395 1834 1426 1894 in
1441 1855 1515 1916 cap·

317 1929 466 1990 tivitatem
486 1929 593 2003 redire,
617 1929 672 1991 sed
696 1952 755 1993 non
780 1931 876 1993 multi
896 1941 963 2013 post
989 1933 1098 1994 iterum
1125 1933 1316 2013 interceptus,
1336 1932 1367 1992 in
1387 1931 1515 1992 vinctus

317 2025 518 2106 nequicquam
529 2025 693 2107 deprecans
702 2029 867 2090 arctissimi
878 2029 1083 2112 compingitur
1090 2040 1121 2091 et
1131 2028 1394 2110 praesentissimum
1402 2028 1514 2110 capitis

317 2123 483 2205 periculum
497 2123 570 2184 adit.

359 2219 599 2302 Miltenburgum
609 2241 668 2281 non
683 2220 726 2282 itu
739 2220 854 2301 pridem
869 2234 1008 2305 ceperant
1023 2223 1126 2299 Bassi,
1138 2235 1169 2286 et
1180 2223 1319 2305 praesidio
1334 2223 1512 2285 incumben-

317 2328 378 2380 tem
393 2317 519 2380 editiore
532 2317 599 2379 ioeo
612 2317 782 2380 munierant
795 2339 904 2396 arcem,
920 2322 1000 2383 unde
1013 2331 1105 2383 totam
1116 2319 1375 2383 circumviciniam
1390 2319 1515 2382 infesta·

319 2418 400 2477 bant.
442 2415 535 2489 Quod
544 2425 578 2477 ut
590 2416 731 2477 viderunt
745 2417 826 2493 Boii,
836 2419 962 2481 collecto
976 2440 1013 2480 ex
1023 2420 1114 2480 variis
1129 2418 1275 2499 praesidiis
1288 2418 1384 2479 milite
1397 2417 1512 2479 labora·

318 2525 389 2576 runt
404 2524 438 2576 ut
455 2512 539 2574 hoste
558 2513 641 2574 loeus
657 2512 851 2577 liberaretur:
879 2517 961 2598 quod
977 2517 1032 2579 sub
1049 2516 1209 2597 septimum
1230 2513 1337 2576 Martii
1354 2515 1508 2576 obtentum

318 2611 385 2686 ruit,
407 2620 564 2692 postquam
586 2612 627 2672 ad
649 2613 747 2692 ipsum
768 2613 895 2675 biduum
920 2614 1076 2675 tormentis
1093 2631 1147 2673 arx
1167 2612 1283 2673 fortiter
1302 2622 1378 2673 esset
1398 2630 1508 2692 pressa.

319 2708 503 2769 Presidium
520 2707 667 2769 voluntati
687 2709 835 2771 victorum
856 2730 919 2772 sese
939 2711 1050 2772 dedere
1067 2720 1205 2771 coactum
1224 2720 1277 2784 est,
1298 2709 1381 2789 quod
1401 2708 1509 2789 partim

318 2803 520 2886 captivitatem
530 2804 641 2885 partim
653 2804 775 2867 servitia
787 2806 910 2881 subivit,
921 2807 990 2887 eqni
999 2806 1071 2868 verb
1080 2806 1158 2868 inter
1167 2804 1336 2867 obsidentes
1346 2804 1509 2867 distributi.

360 2900 572 2964 Portentosum
593 2900 681 2981 plane
696 2903 835 2982 estquod
852 2902 999 2964 Dentisco
1018 2902 1149 2964 fidorum
1170 2902 1326 2964 bominum
1344 2902 1451 2964 litteris
1470 2902 1511 2962 ad

318 3020 372 3061 uos
386 2999 531 3080 perlatum
546 3008 599 3059 est.
641 2998 726 3060 Facti
740 2998 845 3059 seriem
860 3010 894 3061 ut
906 3000 1008 3081 accepi
1020 3000 1080 3060 huc
1094 2998 1228 3060 referam.
1271 2998 1381 3060 invisit
1389 2998 1508 3059 irenem

319 3098 350 3158 in
371 3095 484 3158 vicinia
499 3096 662 3158 haerentem
677 3095 770 3157 frater
787 3096 926 3157 militiam
940 3106 1060 3157 secutus
1077 3105 1108 3156 et
1126 3095 1217 3157 domo
1234 3096 1347 3157 diutius
1364 3096 1509 3165 absens,'a

317 3214 379 3275 quo
399 3192 613 3254 humanissime
636 3193 697 3274 qud
718 3193 818 3255 verbis
841 3195 901 3274 qud
923 3192 1017 3254 animi
1040 3192 1260 3276 significatione
1282 3202 1422 3273 acceptus
1441 3192 1510 3262 fuit,

318 3310 408 3372 quem
421 3288 562 3351 affectum
574 3310 614 3350 ne
626 3291 708 3351 facto
721 3288 861 3351 exhibere
875 3300 973 3371 posset
990 3298 1151 3350 euaserunt
1163 3288 1395 3351 domesticarum
1411 3308 1508 3349 rerum

318 3388 476 3471 augustiae,
490 3388 591 3448 deerat
606 3386 699 3458 enim,
713 3406 804 3466 quam
819 3387 911 3447 frater
925 3386 1009 3447 fratri
1024 3386 1112 3447 unice
1125 3386 1352 3467 dequerebatur,
1367 3385 1508 3447 cerevisia

319 3497 406 3567 potus
418 3484 524 3566 patrita
541 3483 677 3556 imitatus,
691 3504 748 3543 nec
760 3492 842 3545 certe
858 3483 1052 3564 comparandi
1065 3485 1166 3564 precio
1182 3483 1289 3544 modus
1307 3495 1380 3543 erat.
1421 3480 1509 3553 Quod

320 3593 352 3646 ut
365 3583 442 3644 vidit
454 3600 578 3664 peregre
591 3582 688 3642 redux
702 3578 819 3659 hospes,
829 3578 925 3639 amice
937 3578 1056 3639 fratrem
1067 3580 1179 3642 soletur
1189 3598 1310 3661 unaque
1322 3588 1416 3640 mmet
1425 3577 1509 3640 offert

318 3702 356 3742 ex
365 3680 476 3741 vicinia
485 3677 654 3760 supplendi.
681 3674 881 3758 Jubetigitur
893 3675 1033 3737 adornari
1046 3676 1174 3753 traham,
1188 3687 1219 3739 et
1228 3696 1331 3739 secum
1347 3675 1506 3739 Bittnrium
