3225 4700
324 310 383 373 178
706 306 1122 374 ITINERARIUM.

322 462 439 523 naviter
460 462 644 542 exequendo.
695 460 802 540 Itaque
827 460 1002 522 Bemardns
1022 458 1232 521 Wimaricusis
1253 456 1380 537 septimo
1401 452 1530 514 decimo

322 558 401 621 Julii
422 558 517 619 vitam
538 566 569 619 et
591 556 695 618 odium
718 557 750 616 in
774 558 929 618 Austriam
953 558 1076 618 domum
1097 576 1132 617 ac
1154 553 1322 637 Imperium
1345 552 1528 612 Romanum

323 654 425 716 multis
436 654 607 715 exitialibus
619 654 732 733 praeliis
744 653 853 714 nobilis
867 652 983 715 clausit.

363 750 533 812 Multorum
553 759 625 813 tunc
642 750 854 831 praeclarorum
874 750 1008 811 virorum
1029 760 1167 811 constans
1182 747 1240 808 fuit
1258 766 1373 816 sensns,
1391 752 1524 804 mortem

325 848 422 909 Ducis
436 847 569 929 Imperio
583 846 722 907 Romano
734 846 858 909 omnino
877 846 968 909 fuisse
984 847 1174 907 immaturam
1188 854 1218 905 et
1230 844 1410 913 luctuosam,
1424 860 1528 921 quan-

324 943 487 1024 doquidem
497 950 637 1004 tractasse
647 943 686 1003 de
696 961 771 1023 pace
780 962 850 1003 curn
862 942 982 1005 Oaesare
991 941 1181 1015 stabilienda,
1192 948 1223 1002 et
1232 940 1332 1001 reditu
1345 939 1376 999 in
1391 937 1525 1021 gratiam
1596 988 1597 1029 Τ

324 1038 489 1101 dicebatur.
523 1040 598 1103 Vidi
611 1059 731 1121 quoque
744 1039 854 1120 apertis
867 1040 987 1120 seriptis
1000 1040 1099 1121 palam
1113 1037 1184 1099 sarri
1196 1038 1315 1097 Ducem
1326 1034 1524 1095 Bernardum

324 1154 390 1196 cam
404 1137 442 1196 ob
453 1156 585 1208 causam,
594 1156 686 1215 qnam
698 1136 801 1197 Gallia
811 1134 990 1216 exploratam
999 1134 1147 1210 hahuerit,
1158 1132 1350 1195 clandestinis
1359 1130 1524 1193 Gallorum

324 1231 594 1293 machinationibus
604 1252 720 1293 veneno
730 1232 896 1293 extinctum
907 1252 981 1305 esse,
991 1252 1048 1313 ego
1062 1232 1094 1292 id
1108 1251 1169 1291 uon
1179 1229 1267 1291 facile
1275 1248 1312 1289 ex
1321 1248 1370 1289 me
1378 1227 1525 1297 dixerim,

324 1329 401 1390 fides
414 1330 454 1391 sit
466 1350 557 1412 penes
569 1336 731 1390 auctorem.
774 1329 903 1410 Ipseque
918 1328 991 1389 Dux
1004 1348 1064 1389 uon
1078 1328 1174 1388 multo
1189 1335 1259 1387 ante
1275 1325 1390 1385 obitum
1408 1322 1525 1383 dixisse

324 1426 429 1500 fertur,
450 1426 508 1487 sibi
526 1446 595 1486 cnm
612 1425 694 1507 pisce
713 1446 863 1487 venenum
881 1446 943 1487 esse
962 1425 1153 1507 propinatum
1168 1422 1363 1496 athanatum,
1382 1428 1524 1482 auctores

324 1535 423 1583 tamen
436 1531 498 1584 tarn
510 1522 650 1584 venenati
663 1523 781 1585 consilii
794 1544 948 1605 nunqnam
963 1523 1067 1584 edixit.

363 1618 481 1701 Corpus
495 1621 560 1702 ejus
572 1626 639 1699 post
648 1628 775 1681 mortem
786 1628 922 1701 apertum
933 1628 978 1681 est
987 1628 1017 1680 et
1026 1618 1209 1680 aromatibus
1223 1617 1284 1678 ritu
1294 1616 1325 1676 in
1337 1614 1523 1697 Principum

324 1714 480 1777 hrneribus
492 1716 600 1777 usitato
614 1718 769 1778 conditum
783 1727 838 1793 est,
852 1716 1014 1777 multorum
1029 1718 1119 1778 etiam
1132 1714 1317 1777 medicorum
1331 1712 1390 1775 fuit
1402 1722 1526 1773 seuten-

323 1812 376 1888 tia,
394 1812 492 1893 ipsum
511 1813 650 1894 pestifera
665 1814 726 1889 lue,
746 1835 815 1894 quae
834 1814 944 1895 passim
961 1822 1032 1875 tunc
1047 1833 1100 1895 per
1113 1811 1277 1874 exercitum
1292 1810 1390 1871 Ducis
1403 1830 1524 1893 grassa-

323 1910 409 1971 batur
422 1910 590 1991 multosque
608 1910 707 1971 iudica
721 1910 889 1987 hauriebat,
907 1910 1083 1972 decessisse:
1105 1909 1158 1971 sed
1171 1910 1304 1970 maxima
1316 1906 1369 1967 illa
1381 1907 1522 1969 omnium

322 2005 414 2089 pestis
426 2014 481 2081 est,
496 2006 619 2086 quando
631 2006 765 2067 toxicum
783 2006 881 2088 plenis
899 2008 1010 2088 patinis
1028 2006 1183 2089 oggeritur
1195 2006 1400 2088 ingeriturque
1409 2028 1420 2083 3
1441 2026 1522 2087 prie-

322 2103 428 2164 dicans
441 2103 495 2183 qui
508 2102 632 2165 funebre
646 2102 778 2185 elogium
788 2104 853 2186 ejus
867 2103 973 2164 honori
987 2104 1067 2185 typis
1077 2103 1204 2183 exprimi
1220 2102 1300 2175 feeit,
1310 2104 1421 2164 multas
1431 2103 1523 2165 affert

322 2198 427 2259 mortis
440 2218 544 2260 causas
557 2199 693 2275 morales,
705 2200 784 2261 inter
792 2220 868 2279 quas
881 2200 963 2260 illam
974 2199 1158 2281 probabilem
1169 2199 1303 2270 adducit,
1314 2201 1404 2280 quod,
1416 2201 1522 2262 nescio

322 2317 362 2359 an
376 2297 442 2380 ipso
450 2296 629 2359 connivente
642 2296 728 2358 miles
737 2296 803 2380 ejus
816 2296 1032 2359 Pontissalium
1046 2295 1163 2377 aliaque
1178 2296 1367 2380 Burgundiae
1377 2296 1442 2359 loca
1452 2298 1521 2360 sine

322 2392 491 2455 rationabili
505 2413 594 2454 causa
607 2394 817 2456 concremarit.
840 2393 923 2456 Solet
936 2415 1006 2455 sane
1018 2395 1104 2456 Deus
1117 2394 1262 2456 scelerum
1274 2393 1353 2455 ultor
1362 2395 1522 2458 multocies

322 2490 454 2552 militum
468 2489 609 2551 ferociam
623 2489 654 2550 in
671 2491 812 2552 Ducibus
825 2490 966 2572 plectere,
981 2491 1039 2552 nisi
1052 2491 1111 2573 ipsi
1123 2491 1228 2553 sedulo
1241 2491 1272 2551 in
1287 2491 1320 2554 id
1331 2492 1518 2568 incumbant,

322 2597 357 2649 ut
377 2585 505 2668 tempori
525 2589 749 2670 comprimatur,
769 2610 805 2652 ac
823 2593 935 2666 severe,
953 2591 1072 2671 justitia
1090 2591 1214 2666 arbitra,
1232 2591 1397 2672 puniantur
1412 2593 1519 2674 gravia

320 2682 441 2744 delicta.

363 2777 454 2841 Noua
467 2780 585 2841 decima
597 2781 621 2843 J
623 2781 676 2842 ulii
690 2783 775 2844 triste
793 2785 898 2845 Suecis
916 2785 1007 2848 funus
1026 2787 1192 2870 Neoburgo
1212 2797 1351 2848 avectum
1369 2795 1423 2848 est
1464 2787 1518 2847 Ad

322 2874 419 2958 ripam
439 2875 540 2938 Rheni
560 2893 620 2938 tres
639 2877 771 2960 legiones
791 2881 927 2961 peditum
951 2884 1149 2964 expectabant
1170 2903 1239 2944 curu
1260 2891 1361 2944 turma
1380 2881 1518 2962 equitnm

321 2973 477 3054 ipsiusmet
498 2974 646 3035 demortui
670 2974 778 3036 Ducis.
820 2977 968 3039 Essednm
982 2999 1044 3060 quo
1062 2979 1226 3041 vehebatur
1242 2980 1331 3062 nigro
1348 2999 1449 3060 panno
1464 2979 1517 3040 ob·

321 3069 447 3132 ductum
470 3081 543 3146 erat,
566 3071 637 3153 equi
656 3091 708 3132 sex
727 3072 780 3153 qui
800 3071 878 3134 illud
895 3073 1054 3136 trahebant
1073 3074 1181 3157 pullati
1202 3095 1321 3155 quoqne
1338 3075 1517 3136 incedebant

321 3165 353 3224 in
374 3166 504 3228 tristitiae
527 3167 696 3228 communis
714 3179 942 3250 argumentum:
966 3172 1066 3251 itaque
1088 3173 1328 3253 praecedentibus
1349 3171 1427 3246 aliis,
1449 3171 1515 3231 aliis

320 3261 567 3342 subsequentibus
585 3261 744 3324 Brisacum
758 3264 893 3326 medium
914 3266 991 3327 inter
1006 3267 1117 3329 milites
1131 3269 1294 3330 deductum
1316 3278 1370 3330 est.
1413 3271 1514 3330 Funus

320 3356 471 3438 prosecuti
480 3366 560 3430 sunt,
571 3358 681 3420 Comes
691 3359 848 3421 Palatinus
859 3359 882 3421 J
885 3361 981 3434 unior,
991 3363 1149 3425 Generalis
1160 3365 1263 3447 Major
1273 3365 1394 3441 Erlsch,
1407 3365 1514 3425 Domi·

320 3473 377 3512 nus
386 3451 523 3527 Mb'ckel,
539 3455 649 3515 Comes
659 3455 836 3526 Nassovius,
846 3457 995 3520 Colonelli
1008 3459 1145 3532 0ehcim,
1156 3461 1261 3524 Moser
1270 3463 1379 3543 aliique
1390 3463 1513 3542 plurimi

319 3569 357 3610 ex
370 3547 556 3624 officialibus,
571 3551 791 3612 comitabantur
803 3571 921 3632 quoque
933 3564 997 3616 atro
1010 3557 1177 3619 circundati
1191 3561 1302 3621 amictu
1317 3569 1463 3641 quotquot
1476 3562 1514 3621 de

319 3645 388 3707 aulh
398 3646 516 3708 fluerunt
526 3647 690 3727 Principis.
725 3645 884 3710 Brisaoum
894 3659 928 3710 ut
936 3663 1060 3714 ventum
1071 3662 1125 3728 est,
1139 3657 1335 3736 expectabant
1348 3659 1387 3719 ad
1402 3657 1513 3739 prima-
