3225 4700
500 335 909 406 ITINERARIUM.
1238 340 1298 406 123

153 480 199 547 Χ.
221 486 354 549 Omnem
372 498 548 569 apparatum
566 500 597 553 et
615 491 794 555 instructum
812 492 965 566 bellicum,
987 491 1192 573 cujuscunque
1206 490 1296 552 inerit

97 584 418 659 nominissuttormn
427 584 558 648 fideliter
567 587 692 668 siquem
704 589 778 649 Dux
785 587 996 663 nominaverit,
1006 588 1120 649 tradat:
1142 606 1197 648 nee
1207 586 1297 667 quid·

98 695 196 760 quam
209 700 314 741 eornm
325 682 499 754 infodietur,
513 683 691 758 destruetur,
704 684 933 746 comminuetur.

151 775 214 836 XI.
238 774 365 839 Civibus
381 796 434 839 seu
453 777 567 839 Incolis
578 779 813 854 Brisacensibus‚
824 779 949 840 liberum
959 777 1111 860 religioni
1121 779 1295 841 exercitium

102 872 297 947 concedetur,
311 893 414 934 eornm
427 882 506 936 tecta
520 875 686 955 domusque
701 894 737 935 aa
754 876 904 957 praecipue
923 875 1044 955 templa,
1060 876 1296 955 monasteriaque

103 967 297 1030 inviohtaao
309 969 433 1043 intaeta,
452 972 566 1049 absque
576 970 640 1031 ulla
652 972 831 1051 direptione,
844 970 1058 1051 relinquentur.
1081 972 1172 1044 Quod
1184 972 1211 1033 si
1224 970 1295 1033 verb

102 1064 315 1145 religiosorum
328 1063 467 1128 nonnulli
486 1066 548 1127 elio
564 1066 761 1148 commigrare
779 1065 837 1147 ipsi
855 1066 935 1127 ultrb
956 1067 1131 1148 cogitarent,
1148 1068 1244 1131 cuivis
1262 1066 1296 1129 id

102 1158 235 1221 liberum
248 1160 444 1241 relinquetur.
485 1161 577 1234 Quod
589 1163 662 1222 verb
671 1162 713 1223 ad
721 1162 795 1223 elios
804 1162 858 1242 qui
867 1160 948 1223 aives
958 1183 1018 1225 uon
1027 1172 1106 1237 sunt,
1117 1163 1170 1225 sed
1180 1170 1296 1223 tuntum

103 1256 147 1315 eri
164 1264 281 1337 tempus
298 1258 468 1320 minus
475 1257 563 1319 causi
582 1257 722 1338 hospites,
741 1258 872 1319 maxime
888 1257 961 1319 verb
986 1257 1110 1319 Nobiles
1125 1258 1210 1319 istius
1228 1276 1298 1319 con-

103 1351 239 1428 ditionis,
255 1352 300 1414 ita
311 1351 387 1414 Dux
399 1374 470 1415 cum
482 1353 543 1415 illis
553 1363 632 1436 aget,
645 1362 680 1417 ut
692 1353 835 1434 conqueri
844 1354 914 1435 jure
927 1353 1010 1415 nullo
1022 1354 1112 1415 modo
1124 1354 1248 1435 possint.

146 1448 231 1509 XII.
252 1448 382 1511 Mobilis
390 1449 539 1512 omniaad
549 1448 673 1511 domurn
688 1449 878 1511 Austriacem
891 1447 963 1511 olim
978 1449 1166 1530 penmentia,
1180 1449 1298 1510 unirer·

104 1544 305 1625 nqneeliain
313 1546 522 1608 Brisacensem
529 1545 726 1607 munitionem
733 1544 834 1607 tutelae
841 1544 930 1607 must
937 1545 1296 1625 importataseuadveeta=

106 1643 215 1722 anue
225 1662 294 1722 quse
306 1641 397 1703 militi
410 1642 527 1704 exituro
534 1650 588 1703 eut
595 1640 712 1702 civibus
720 1640 920 1721 permansuris
929 1640 1064 1721 legitimo
1074 1641 1160 1703 titulo
1175 1640 1298 1703 attribui

105 1746 271 1817 nequeunt.
284 1738 398 1799 intacta
409 1736 627 1817 rebnqnantur,
641 1757 677 1799 ec
690 1736 813 1816 illisqui
826 1734 867 1796 ad
880 1735 913 1797 id
922 1734 1012 1796 officii
1026 1735 1045 1796 a
1059 1737 1146 1797 Duce
1160 1736 1298 1817 designa·

104 1834 222 1895 buntur
232 1834 299 1895 sine
309 1836 507 1896 manatione
522 1833 611 1897 ullius
624 1832 754 1895 fideliter
765 1832 931 1895 tradantur.

149 1929 251 1991 XIII.
271 1930 400 1992 Csrebit
416 1930 574 1993 Generalis
589 1938 805 1991 tormentorum
821 1926 979 2007 preelectus
996 1925 1081 1987 Baro
1096 1926 1133 1987 de
1150 1924 1298 1999 Reinach‚

105 2035 139 2088 et
151 2027 334 2088 mecurnbit
344 2027 497 2089 obsidibus
510 2027 550 2088 ad
562 2026 596 2087 id
608 2034 674 2106 post
683 2045 715 2085 se
724 2022 845 2096 relictis,
856 2042 895 2083 ue
905 2022 980 2102 quid
988 2021 1116 2083 occulte
1123 2019 1299 2082 machinati·

103 2125 184 2195 onis,
192 2124 273 2203 qnod
280 2124 441 2185 munitioni
447 2122 628 2196 Brisacenai,
634 2118 997 2196 DuciWimariolvelsuis
1003 2116 1074 2179 illuc
1079 2116 1296 2179 introeuntibus

106 2220 222 2281 domno
233 2240 298 2281 esse
308 2220 410 2301 possit,
424 2219 488 2281 illic
500 2219 696 2300 relinquntur.
830 2224 839 2238 ‘

151 2314 242 2376 XIV.
265 2314 405 2395 Denique
414 2316 515 2378 omnia
524 2315 590 2377 hoec
601 2316 712 2395 absque
727 2312 796 2376 dolo
805 2312 957 2392 utrimque
970 2310 1176 2372 servabuntur.
1207 2307 1298 2381 Quod

107 2413 136 2473 si
144 2421 246 2473 tamen
253 2410 360 2492 aliquis
372 2411 507 2493 privatus
514 2421 617 2472 contra
623 2409 689 2472 luteo
698 2410 793 2492 egisse
800 2409 1037 2481 convinceretur,
1046 2424 1104 2466 non
1112 2403 1299 2483 ideoreliqua

107 2507 309 2568 communitas
320 2507 416 2570 omnis
436 2508 527 2570 unius
540 2505 699 2588 perfidiam
711 2504 785 2579 luet,
810 2504 863 2564 sed
883 2501 963 2564 solus
977 2499 1160 2562 machinator
1172 2498 1296 2572 stantib,

108 2623 167 2684 pro
179 2604 286 2664 merito
299 2601 454 2682 plectetur.
496 2602 536 2664 In
548 2622 676 2682 quornm
689 2600 825 2662 omnium
842 2597 935 2660 fidem
950 2596 1097 2677 imprimis
1114 2595 1177 2676 ipse
1192 2593 1298 2655 Seren-

108 2699 229 2761 issimus
236 2698 480 2762 Wimariensium
489 2698 563 2760 Dux
570 2698 762 2771 Bemardus3
780 2694 934 2777 tumBuro
945 2689 1135 2765 deReinach,
1145 2689 1299 2752 eulmenu

106 2797 305 2860 subscribent.

150 2893 242 2966 Quod
258 2902 291 2954 et
300 2901 403 2954 ectum
414 2891 669 2973 septimodecimo
682 2887 861 2952 Decembris
872 2889 966 2948 Anno
979 2879 1299 2947 unaxxxvnl.

153 3086 257 3148 Paetis
280 3105 319 3146 ex
336 3094 463 3166 utreque
481 3095 566 3165 parto
582 3082 730 3158 adminis,
749 3079 887 3144 stabilitis
904 3087 934 3139 et
950 3075 1133 3156 subscriptis,
1152 3073 1300 3134 Wimario

112 3182 197 3243 Duci
209 3181 349 3257 innotuit,
363 3181 489 3263 triginta
501 3200 623 3241 suorum
635 3179 765 3239 militum
780 3175 899 3238 Brisaei
912 3174 943 3234 in
957 3191 1075 3234 carcere
1087 3172 1212 3232 durante
1221 3169 1300 3230 obsi-

108 3279 203 3342 dione
211 3288 353 3352 mortuos,
361 3286 392 3339 et
398 3288 467 3339 octo
475 3276 550 3338 alios
559 3275 674 3338 lsooiis
682 3271 867 3355 concaptivis
874 3270 913 3332 ob
920 3270 1030 3331 semem
1039 3266 1246 3330 etiuediamin
1257 3265 1299 3327 ci.

111 3374 619 3436 bomessemactetosetderoratos.
641 3358 1301 3444 UndeDuxitaexeanduitutpaotasimpli-

112 3472 188 3533 aiter
205 3471 373 3532 rescindere
389 3469 564 3544 decreverit,
580 3466 818 3546 concluseritqne
828 3460 1132 3542 omnespraesidierios
1140 3459 1172 3520 in
1180 3476 1300 3541 egressu

110 3567 316 3629 internecione
325 3564 433 3639 delere,
441 3563 615 3644 fecissetque
624 3563 683 3624 nisi
689 3581 792 3623 omnes
799 3557 916 3622 militine
925 3558 1069 3639 primores
1077 3553 1302 3639 deprecatifuis·

112 3672 181 3725 sent
189 3682 318 3743 qnorum
327 3661 464 3743 precibus
474 3660 662 3729 securitatem
674 3655 901 3721 Brisacensibus
915 3653 1030 3716 annuit.
1071 3649 1190 3732 &resti
1203 3649 1303 3728 itaque
