3225 4700
450 329 872 399 ITINERARIUM.
1211 337 1254 402 29

79 485 174 570 gentil
192 481 269 548 dum
287 486 371 568 ignes
393 485 483 548 festor
505 485 537 547 S.
560 485 675 547 Joanni
695 485 841 565 Baptista
862 483 971 566 partim
992 483 1134 560 excitant,
1157 484 1253 566 ipsam

79 586 173 644 urbem
189 593 253 644 tam
274 582 404 644 nobilem
423 593 484 644 tam
499 589 614 644 vastam
630 601 692 642 uno
707 599 782 664 rogo
796 580 935 642 Vulcano
948 581 1150 644 commiserint
1161 582 1253 664 depo·

80 679 244 760 pulundam.
1159 726 1167 733 .

116 775 185 834 Post
211 794 266 834 aex
292 773 439 834 meusium
462 772 662 854 captivitatem
683 771 856 833 Waltherua
881 772 1003 834 taudem
1025 771 1148 834 vincula
1170 773 1253 835 milla

81 867 279 950 imperialium
292 869 363 930 litro
376 868 512 930 redemit.
547 867 692 930 Movebat
703 878 767 928 tum
780 866 855 928 forte
865 877 932 949 poot
943 868 1110 948 lipsiacam
1123 877 1253 951 stragem

79 965 217 1026 exercitus
240 975 342 1026 noster
355 984 410 1044 per
432 964 581 1026 Lutatiam
603 965 634 1024 in
660 963 807 1036 Silcsiam,
821 963 861 1024 ad
882 982 972 1043 quem
995 964 1137 1026 Butlerm
1153 974 1254 1026 ucatcr

81 1079 187 1120 cunum
206 1060 330 1135 direxit,
348 1081 384 1121 ac
407 1060 618 1122 Mareecallum
637 1058 828 1122 Tieffeubach
850 1061 1031 1121 conveniens
1051 1080 1167 1121 nummo
1182 1081 1252 1122 cum

80 1155 179 1216 honore
192 1177 228 1218 ac
242 1177 312 1218 raro
324 1156 426 1217 farore
438 1157 476 1218 ab
489 1177 525 1218 eo
537 1167 582 1217 cat
599 1165 744 1238 receptus.
787 1155 850 1216 Hic
864 1154 1053 1216 colonellum
1072 1153 1187 1216 Belrem
1200 1157 1253 1236 qui

80 1251 237 1331 potissimus
250 1252 351 1314 suerat
366 1252 484 1314 Butleri
497 1252 577 1332 apud
587 1251 735 1313 Occaarcm
749 1250 930 1326 diffamator,
939 1249 1113 1313 auctoritate
1125 1251 1253 1313 Ticffen·

80 1347 165 1408 bachii
184 1348 289 1430 adegit
302 1349 414 1429 scripto
431 1367 578 1422 revocare,
592 1367 661 1428 quie
678 1357 782 1408 contra
795 1346 983 1408 waltherum
1002 1347 1035 1408 in
1052 1346 1135 1408 nult
1150 1347 1252 1428 Impe-

79 1444 172 1505 ratoria
190 1445 306 1506 temeri
327 1443 483 1518 effuderat,
505 1445 536 1504 in
560 1463 620 1524 quo
641 1442 830 1504 Waltherum
856 1443 951 1525 aginae
977 1443 1061 1524 quod
1086 1443 1252 1506 masculum

80 1540 192 1601 militem
205 1541 345 1614 addecet,
361 1548 516 1601 asseverat.

114 1635 266 1698 Famdrite
275 1635 387 1698 macrtd
394 1634 564 1696 Waltherur
573 1633 694 1697 obtenti
704 1633 929 1696 dGeneralibuo
939 1635 1036 1709 venii,
1048 1635 1080 1696 in
1090 1636 1251 1700 Poloniam

81 1729 238 1792 venariam
260 1731 412 1813 profectus
438 1741 492 1808 eet,
519 1731 639 1812 suisque
665 1729 807 1810 impensis
830 1738 949 1790 centum
969 1750 1047 1809 equo
1068 1733 1250 1811 pedestrium

81 1825 243 1888 relectorum
265 1828 398 1889 militum
425 1827 555 1909 collegit,
582 1836 616 1888 ut
641 1826 673 1886 in
702 1825 839 1887 Sileaiam
862 1822 966 1885 eidem
988 1843 1048 1904 qua
1058 1836 1182 1888 venerat
1200 1828 1251 1890 vit

82 1922 241 1984 reduceret:
271 1925 306 1984 in
318 1924 375 1984 hoc
389 1923 495 2000 itinere
507 1943 567 1984 nou
587 1921 739 1982 modicum
756 1919 923 2002 periculum
937 1919 955 1980 l
968 1920 1087 1981 rusticis
1098 1921 1186 1995 adiit,
1199 1925 1251 2003 qui

83 2035 109 2076 ne
117 2017 147 2076 iu
160 2017 305 2080 Dominio
312 2020 414 2102 magni
426 2019 521 2080 Dacia
536 2016 698 2097 Swosquitn
709 2017 748 2078 ad
756 2026 903 2078 trecentos
912 2014 1102 2098 collegerant,
1112 2015 1250 2098 lroriaquc

84 2114 222 2176 matutinis
242 2116 338 2176 dubio
356 2116 396 2176 nd
412 2114 471 2175 huc
488 2114 600 2186 lumine
620 2114 652 2173 iu
670 2111 890 2173 Waltherianoa
906 2121 1062 2172 moverant
1087 2122 1122 2175 ut
1146 2133 1250 2176 omnen

83 2215 241 2273 sternerent.
263 2212 327 2274 Sed
337 2221 469 2292 tempore
481 2210 617 2272 fraudem
631 2210 787 2271 advertens
800 2208 1008 2290 aagacinaimua
1021 2208 1138 2282 ductor,
1150 2209 1249 2272 sabam

85 2302 111 2363 in
122 2324 201 2367 nuum
213 2327 394 2388 suorumque
407 2315 497 2388 caput
507 2325 619 2380 curem,
635 2305 665 2367 iu
680 2305 839 2368 authorum
852 2305 963 2367 retudit
975 2305 1129 2366 verticem.
1171 2306 1250 2369 Inde

84 2396 279 2465 Vratialaviam
304 2405 388 2480 abiit,
412 2422 528 2484 semper
554 2402 660 2463 infesta
683 2401 801 2462 misticis
822 2401 930 2462 itinera
955 2401 1125 2477 observant,
1149 2405 1249 2482 quoad

85 2496 189 2556 tandem
203 2499 232 2558 in
247 2500 418 2562 Tenaincnoi
437 2500 560 2561 Ducatu
573 2498 605 2558 iu
618 2496 783 2557 Walachiae
801 2494 970 2557 confinibus
982 2496 1117 2575 hyberna
1129 2517 1160 2558 ac
1172 2498 1249 2560 obti-

86 2590 170 2652 nuisse
182 2595 267 2657 certio
286 2596 454 2656 rumoribus
471 2594 598 2656 audivit.
639 2593 735 2654 Erant
749 2592 856 2654 itinera
868 2611 921 2672 per
933 2592 967 2652 id
978 2601 1096 2673 tempua
1109 2592 1250 2673 periculis

87 2686 170 2766 plena,
184 2691 299 2774 viaque
312 2694 352 2755 ad
371 2693 486 2755 dietum
508 2692 607 2753 locum
625 2690 787 2771 impedita,
803 2689 913 2768 longae,
931 2697 962 2748 et
980 2706 1103 2768 aaperoe,
1121 2688 1249 2750 eundem

85 2790 171 2847 amau
190 2788 259 2851 illuc
288 2789 356 2863 fuit,
379 2790 480 2869 quoad
503 2786 669 2848 Tmsinium
696 2785 883 2865 metropolim
909 2783 1013 2865 patritn
1036 2781 1117 2843 illino
1136 2784 1248 2866 attigit.

88 2876 153 2948 Quae
180 2884 245 2947 irtio
279 2885 488 2946 dominabatur
522 2881 669 2962 Princeps
701 2880 795 2943 vidua
818 2878 962 2961 oppidum
996 2875 1250 2941 Schwartzwatter

87 2972 224 3041 Walthero
240 2980 415 3063 assignavit,
432 2980 551 3061 adjacet
568 2977 646 3039 illud
658 2977 753 3039 fluvio
765 2974 892 3037 Wciaael
908 2973 961 3052 qui
974 2974 992 3033 ὲ
1004 2973 1153 3034 montibus
1166 2973 1250 3035 Wal-

87 3066 162 3151 ltgia
175 3077 311 3159 erumpit,
319 3087 350 3137 et
362 3096 414 3156 per
428 3074 588 3137 Poloniam
601 3093 713 3146 means,
728 3070 905 3134 Craooriam
918 3068 1015 3129 alluit.
1045 3068 1108 3129 ch
1119 3069 1249 3133 vidimua

87 3166 182 3230 lterrl
196 3172 286 3235 cil'odi
300 3174 391 3235 salem
403 3174 443 3234 ad
460 3190 599 3233 saxorum
615 3168 854 3241 similitudinem,
871 3165 966 3225 frusta
977 3184 1055 3244 aaepe
1071 3175 1185 3246 neptem
1197 3177 1250 3230 aut

88 3266 144 3318 00l0
156 3264 238 3341 pedes
251 3265 449 3347 longitudine,
463 3263 621 3325 latitudine
635 3270 694 3323 nea
711 3272 885 3341 quatuorve,
897 3259 1097 3342 profunditate
1109 3261 1186 3323 duoa
1197 3271 1250 3323 aut

89 3360 137 3412 troo
147 3360 299 3423 excedunt.
340 3360 462 3422 Placuit
474 3358 621 3439 imprimis
632 3357 781 3418 industria
793 3356 945 3418 eximendi
956 3365 1071 3417 tautum
1082 3357 1200 3437 pondua
1211 3378 1249 3419 ex

89 3449 306 3525 pmfunditaimis
326 3457 477 3518 cavernis:
508 3454 584 3515 ratio
603 3454 674 3514 vero
692 3452 760 3515 talis
777 3462 833 3514 eet.
874 3454 1037 3513 Euocant
1054 3452 1093 3513 ad
1109 3473 1143 3513 oo
1160 3453 1249 3527 antri,

90 3540 221 3623 ingentem
241 3562 313 3613 rotae
330 3552 503 3613 vastissimae
520 3550 700 3623 machinam,
717 3569 784 3629 quae
801 3549 821 3610 a
839 3548 953 3610 camelo
970 3547 1196 3631 circumagitur,
1213 3568 1250 3609 ex

91 3638 143 3699 mil
157 3642 318 3711 demittitur
333 3647 535 3730 attolliturque
552 3646 644 3720 lunis,
662 3645 694 3707 in
712 3647 799 3728 cujus
815 3645 985 3708 summitate
1006 3644 1146 3719 aucium,
1163 3644 1250 3724 cujus
