3225 4700
750 321 1639 490 &siffis
1636 321 1719 489 ;
1822 339 1937 450 212
2019 410 2036 415 ε
2380 399 2411 409 -
2555 337 2686 447 211

1534 739 1917 815 CAPUT
1989 739 2217 814 XIV.

689 948 892 1036 Copia
924 948 1309 1032 Licet-arum,
1339 951 1559 1038 quibus
1576 951 1781 1036 fidem
1812 973 1984 1016 suam
2012 951 2317 1038 Equitum
2349 950 2755 1038 Peditumque
2789 952 3057 1038 supremi

773 1050 1077 1140 Proefecti
1104 1053 1387 1142 obligant
1417 1054 1685 1118 Alberto
1727 1052 2125 1118 Wallenstein
2161 1052 2551 1118 Fridlandiae
2585 1054 2770 1118 Duct'
2800 1053 3056 1118 Pilsnae.

776 1153 874 1219 12.
919 1154 1228 1219 Januarii
1268 1154 1453 1218 Anno
1491 1151 2097 1219 M.DC.XXXIV.
2206 1153 2298 1218 Et
2342 1153 2654 1220 Caesarum
2692 1156 3057 1220 mandatum

768 1255 843 1320 de
872 1258 1196 1321 remotione
1222 1256 1486 1343 ejusdem
1515 1255 1865 1320 Fridlandi
1889 1256 1972 1320 ab
2004 1254 2275 1342 Imperio
2304 1256 2593 1321 militari.

1221 1422 1457 1483 UBET
1482 1421 1581 1482 hic
1606 1423 1938 1504 exprimere
1965 1422 2186 1504 duplex
2210 1423 2523 1504 scriptum,
2549 1423 2802 1485 alterum
2828 1423 3056 1506 obliga-

1258 1520 1498 1593 torium,
1535 1538 1659 1598 quo
1689 1539 1751 1579 se
1784 1519 2003 1579 milites
2036 1519 2365 1581 Fridlando
2400 1530 2461 1582 et
2492 1519 2675 1581 fldem
2708 1540 2877 1581 suam
2913 1541 3051 1600 pro-

1137 1618 1189 1661 ΐ<
1261 1615 1442 1676 bant:
1505 1614 1788 1676 Alterum
1834 1615 2269 1691 inhibitorium,
2314 1636 2433 1697 quo
2479 1611 2825 1698 prohibetu'r
2870 1616 3051 1677 militi

1092 1776 1117 1797 ,-
1188 1693 1201 1708 ⁴*
1261 1710 1502 1791 posthac
1528 1710 1935 1773 ffidlandieis
1964 1710 2242 1793 Imperiis
2267 1712 2465 1773 subdi.
2549 1711 2779 1772 Prion-is
2804 1711 2933 1773 haec
2961 1723 3053 1774 est

1093 1829 1097 1833 ·
1149 1841 1157 1869 ι
1181 1826 1202 1866 ,τ
1263 1827 1519 1868 summa.

989 1889 1005 1905 *
1053 1889 1065 1909 ⁸
1341 1904 1583 1965 Virtute
1622 1904 2006 1985 praesentium
2044 1912 2251 1966 notum
2287 1905 2562 1966 omnibus
2593 1904 2865 1978 facimus,
2889 1915 3051 1986 post-

685 2024 868 2085 quam
903 2019 1013 2062 nos
1048 1998 1378 2081 subsignati
1411 2000 1717 2081 generales
1751 2000 2022 2062 officiarii
2052 2010 2113 2063 et
2145 2000 2420 2063 colonelli
2456 2001 2634 2062 certis
2668 2001 3052 2062 relationibus

683 2099 1042 2179 accepimus,
1071 2096 1234 2176 quod
1262 2094 1695 2155 illustrissimus
1722 2096 1997 2178 princeps
2031 2117 2102 2157 ac
2133 2098 2433 2172 dominus,
2464 2097 2739 2158 dominus
2764 2097 3051 2161 Albertus

684 2197 810 2258 dux
847 2190 1427 2274 Mechleburgensis,
1460 2190 1850 2265 Fridlandioe,
1887 2192 2111 2274 Sagani
2141 2202 2202 2254 et
2233 2192 2481 2275 Mag-noe
2515 2191 2891 2267 Glockovioe,
2928 2204 3047 2256 etc.

683 2304 815 2355 tum
842 2290 919 2350 ob
945 2287 1140 2348 varias
1165 2297 1438 2369 acceptas
1464 2288 1737 2368 injurias,
1768 2297 1828 2348 et
1854 2289 2233 2370 quotidianas
2261 2292 2443 2371 prope
2469 2288 2814 2352 invidorum
2840 2301 3053 2353 contra

681 2411 742 2452 se
785 2385 1274 2458 machinationes,
1307 2395 1437 2445 tum
1469 2384 1611 2445 vero
1655 2386 1729 2446 ob
1767 2395 2106 2446 recusatum
2150 2387 2224 2447 ab
2270 2386 2637 2468 Imperatore
2678 2387 2905 2447 victum
2944 2407 3052 2448 seu

681 2492 1079 2547 commeatum
1141 2480 1320 2542 militi
1383 2481 1770 2542 sustentando
1832 2483 2229 2543 necessarium
2288 2503 2456 2543 arma
2512 2502 2812 2564 seponere,
2866 2503 3051 2563 seque

683 2580 898 2642 militis
923 2578 1200 2639 abdicare
1231 2576 1476 2636 omnino
1507 2576 1898 2637 concluserit:
1943 2598 2081 2639 cum
2110 2579 2253 2639 verb
2279 2599 2387 2639 nos
2413 2579 2595 2659 probe
2623 2579 3050 2660 intelligamus,

681 2684 906 2757 quanto
931 2674 1061 2735 hoec
1090 2671 1412 2754 resignatio
1439 2693 1558 2733 non
1586 2681 1823 2733 tantum
1851 2693 1975 2734 suoe
2004 2673 2295 2735 Caesareae
2314 2675 2645 2755 Majestati,
2674 2675 2781 2735 sed
2807 2684 2866 2735 et
2891 2676 3052 2736 bono

681 2771 942 2853 publico,
971 2789 1041 2831 ac
1069 2769 1438 2834 Caesareanae
1466 2768 1700 2829 militiae
1732 2768 2023 2830 universae
2054 2770 2434 2831 incommodo
2468 2772 2545 2831 sit
2577 2771 2801 2844 futura,
2828 2771 3051 2853 quippe

679 2869 840 2930 unde
884 2865 1246 2947 penitissime
1292 2865 1485 2924 omnis
1534 2864 1830 2925 exercitus
1877 2865 2052 2926 ruina
2096 2867 2351 2947 pendet3
2415 2867 2857 2947 viderimusque
2904 2867 3055 2928 huc-

680 2984 909 3044 usque3
951 2982 1189 3023 omnem
1218 2980 1382 3041 spem
1410 2972 1671 3021 nostram
1702 2962 1764 3021 in
1792 2961 1905 3022 hoc
1934 2982 2056 3023 uno
2082 2964 2276 3043 capite
2304 2964 2403 3024 cni
2429 2964 2713 3025 hactenus
2740 2964 2819 3024 ad
2848 2965 3056 3024 omnia

680 3054 948 3135 pericula
987 3057 1372 3136 obsequentes
1409 3056 1637 3138 fidique
1668 3057 1913 3133 fuimus,
1953 3058 2260 3120 collectam
2298 3060 2632 3134 subsistere,
2666 3058 3053 3139 fortunasque

681 3160 911 3211 nostras
937 3171 1076 3212 cum
1103 3153 1311 3233 optimi
1339 3154 1512 3215 ducis
1536 3154 1860 3216 remotione
1888 3154 2231 3236 periclitari,
2264 3176 2402 3216 cum
2429 3156 2553 3236 ipse
2587 3176 2742 3216 unus
2767 3154 2924 3215 solus
2949 3155 3049 3229 sit,

677 3246 784 3327 qui
827 3247 1112 3327 obsequia
1151 3259 1353 3310 nostra
1387 3269 1494 3331 pro
1531 3248 1640 3311 sua
1681 3250 1744 3310 in
1788 3270 1897 3310 nos
1929 3251 2341 3313 benevolentia
2384 3272 2763 3332 compensare
2803 3250 2947 3312 velit
2988 3261 3052 3311 et

679 3342 898 3423 possit:
944 3364 1064 3404 non
1090 3346 1391 3425 potuimus
1417 3366 1538 3405 non
1565 3345 1918 3427 gravissime
1946 3347 2165 3407 sentire
2191 3345 2345 3407 hanc
2376 3348 2440 3407 in
2473 3367 2593 3408 uno
2625 3348 2816 3428 capite
2842 3346 3053 3408 militis

677 3438 862 3499 nostri
890 3437 1159 3501 cladem:
1203 3442 1258 3501 ei
1285 3462 1463 3522 porro
1491 3452 1558 3501 ut
1581 3444 1812 3502 mature
1838 3443 2329 3523 prospiceremus,
2348 3443 2753 3527 ablegavimus
2779 3443 3055 3504 unanimi

677 3554 970 3596 consensu
996 3536 1076 3597 ad
1101 3535 1567 3598 illustrissimum
1595 3536 1961 3599 Fridlandiae
1985 3538 2221 3600 Ducem
2252 3539 2680 3602 Marescallum
2706 3540 2904 3621 campi
2930 3538 3052 3613 110,

673 3630 777 3692 cui
818 3640 886 3694 ut
929 3633 1122 3713 major
1165 3631 1317 3696 soret
1355 3634 1676 3696 auctoritas
1717 3643 1975 3714 quatuor
2008 3634 2331 3699 colonellos
2375 3635 2722 3714 Morwddt,
2766 3636 3052 3710 Predaw,
