3225 4700
337 335 401 398 412
732 295 1129 398 rsrnnnenrorr.

375 485 599 546 Faenrnsunos
615 485 682 545 III.
698 485 905 545 Rornanorum
918 483 1097 564 Imperator,
1111 481 1284 564 Huugariae
1293 501 1414 562 quoque
1427 489 1461 540 et
1479 479 1549 539 Bo·

340 582 448 643 tremiss
469 581 547 656 Rex,
574 581 822 643 clementissimus
849 581 989 642 dominus
1015 592 1125 656 noster,
1154 579 1378 660 spectatissimis
1404 577 1548 638 dominis

340 679 511 752 electorum,
527 679 695 759 principum
714 687 745 739 et
762 686 894 738 statuum
913 677 1090 738 consiliariis
1105 697 1141 738 ac
1158 676 1265 760 legatis
1277 677 1314 736 ad
1333 675 1413 736 hunc
1433 675 1545 735 locum

340 777 512 837 convocatis
525 787 587 838 tam
606 775 801 856 presentibus
814 793 905 854 quam
923 774 1094 835 absentibus
1113 773 1276 836 Caesarium
1297 793 1380 834 snam
1402 772 1543 834 clemen-

339 872 413 934 tiam
428 881 458 933 et
471 873 599 954 gratiam
612 893 681 933 cum
695 871 778 932 omni
791 872 987 954 prosperitate
1000 870 1087 932 offert
1100 883 1131 933 et
1144 881 1293 952 precatur.
1335 871 1463 932 Etcum
1480 867 1543 929 cle·

341 969 523 1030 meritissime
543 969 712 1030 meminerit
727 969 801 1050 quid
820 969 850 1028 in
866 968 1009 1050 proximis
1027 968 1202 1030 Ratisbonoe
1215 968 1326 1029 habitis
1338 967 1485 1036 comitiis,
1500 969 1542 1025 26

342 1063 420 1125 Maii
434 1085 513 1127 anno
529 1069 605 1126 1640
619 1067 657 1127 de
670 1065 860 1126 reformanda
867 1065 988 1146 justitia
997 1074 1059 1124 tam
1072 1065 1103 1124 in
1118 1077 1243 1146 utroque
1256 1063 1381 1126 consilio
1394 1063 1543 1126 cesaree

340 1161 491 1242 imperiali
504 1163 620 1224 scilicet
632 1171 662 1223 ct
675 1161 785 1237 aulico,
798 1181 888 1243 quam
900 1161 1051 1224 Camerali
1063 1161 1196 1243 Spirensi
1205 1171 1305 1223 actum
1316 1169 1346 1222 et
1357 1159 1540 1222 conclusum

339 1257 439 1334 suerit,
454 1270 489 1321 ut
501 1259 643 1322 nimirum
663 1259 812 1342 imprimis
828 1269 949 1340 propter
967 1259 1031 1340 jam
1051 1259 1164 1320 dietam
1179 1259 1328 1341 justitiam
1343 1259 1383 1318 ad
1401 1257 1539 1338 primum

339 1355 420 1416 diem
433 1357 512 1418 Maii
522 1358 595 1417 anni
605 1356 755 1418 millesimi
767 1355 976 1417 sexcentesimi
987 1353 1210 1438 quadragesimi
1219 1355 1340 1417 secundi
1351 1356 1389 1415 ab
1399 1355 1541 1415 eminen-

339 1453 453 1513 tissimo
467 1453 703 1535 Archiepisoopo
718 1462 749 1514 et
765 1453 910 1534 Principe
925 1451 1073 1528 Electum,
1088 1453 1164 1514 sacri
1183 1453 1313 1514 Romani
1333 1451 1461 1533 Imperii
1485 1471 1540 1531 per

341 1549 537 1611 Germaniam
553 1549 829 1611 Archicanecllario
843 1549 989 1610 Anselmo
1002 1549 1151 1611 Casimiro
1164 1550 1203 1611 sd
1220 1549 1448 1611 deliberandum
1464 1569 1540 1608 con·

340 1658 518 1708 nocerentur
532 1647 701 1729 principum
716 1658 746 1708 et
758 1655 890 1708 statuum
901 1646 1003 1729 legati.
1045 1645 1136 1718 Quod
1150 1647 1221 1727 quia
1233 1646 1293 1707 huo
1307 1667 1402 1727 usqne
1412 1646 1453 1706 ob
1465 1665 1539 1726 gra·

339 1742 463 1804 sissima
477 1745 594 1826 imperii
608 1744 739 1826 negotia,
752 1753 783 1804 et
795 1743 979 1825 periculosos
993 1741 1139 1804 bellorum
1154 1753 1250 1806 motus
1264 1743 1330 1805 fieri
1344 1743 1428 1804 nullo
1442 1742 1539 1803 modo

339 1840 445 1919 potuit,
462 1841 544 1901 omni
558 1840 693 1903 adhibita
710 1840 783 1902 curt
795 1840 982 1902 adlaboravit
999 1850 1031 1902 ut
1047 1861 1084 1901 ne
1098 1841 1201 1902 saltem
1218 1839 1332 1902 diutius
1349 1837 1537 1911 differretur,

338 1935 392 1996 sed
406 1937 502 2018 potius
516 1938 615 2019 primo
628 1957 747 2018 quoquc
760 1947 894 2017 tempore
907 1957 1077 1997 successum
1090 1936 1221 1999 haberet.
1265 1937 1303 1997 ln
1316 1937 1396 1996 hunc
1408 1937 1536 1997 tandem

339 2031 419 2092 diem
436 2035 567 2114 primum
584 2035 713 2116 Augusti
728 2035 793 2116 jam
810 2035 908 2095 dictus
922 2033 1173 2108 eminentissimus
1189 2033 1310 2094 Elector
1330 2031 1537 2114 Mogontinus

332 2127 423 2208 juxta
436 2129 603 2192 Caesaream
623 2131 852 2206 ordinationem,
867 2149 970 2190 ornnes
991 2130 1143 2203 electores,
1163 2130 1312 2212 principes
1332 2149 1367 2190 ac
1384 2137 1480 2189 status
1494 2129 1537 2188 ad

340 2223 617 2288 Francofurtensem
638 2227 792 2290 civitatem
810 2227 987 2308 conscripsit
1006 2237 1036 2288 et
1052 2228 1196 2288 evocavit.
1236 2227 1377 2307 Cumque
1398 2224 1429 2286 S.
1450 2225 1533 2287 Caes.

341 2320 486 2403 Majestae
500 2325 607 2407 ipsein
622 2344 747 2407 persona
763 2324 845 2385 hisce
864 2323 997 2386 consiliis
1014 2325 1052 2385 ob
1068 2323 1255 2407 praegnantis
1272 2323 1393 2406 negotia
1408 2323 1534 2405 imperii

339 2430 370 2480 et
381 2420 526 2483 bellorum
542 2424 683 2484 interesse
699 2432 837 2502 nequeat,
855 2422 1073 2486 commissarios
1091 2421 1254 2491 constituit,
1267 2422 1321 2501 qui
1335 2440 1389 2481 suo
1401 2420 1470 2481 loco
1484 2420 1531 2481 in-

338 2524 489 2593 teressent,
504 2530 627 2602 agerent
640 2527 670 2579 et
686 2529 896 2600 promoverent
909 2518 1011 2579 omnia
1027 2519 1079 2579 illa
1092 2538 1160 2599 quse
1181 2519 1220 2579 ad
1234 2538 1343 2579 munus
1356 2516 1530 2579 Caesareum

338 2623 369 2673 et
381 2614 552 2695 reipublicae
565 2616 797 2677 emolumentum
813 2616 1005 2697 pertinerent.

380 2711 642 2784 Quemadmodum
655 2715 726 2774 verd
740 2714 864 2774 Divinae
874 2712 1096 2794 omnipotentiae
1106 2712 1249 2773 auxilium
1259 2712 1385 2773 ferventi
1395 2712 1529 2773 oratione

338 2806 560 2889 implorandum
581 2821 635 2885 cst,
655 2819 691 2870 ut
709 2809 811 2869 omnia
830 2809 869 2870 ad
891 2810 1031 2891 majorem
1053 2827 1136 2869 suam
1159 2808 1286 2891 gloriam
1306 2818 1336 2870 et
1354 2808 1528 2869 Germania

338 2904 443 2984 patria
457 2918 566 2967 nostrae
579 2906 781 2967 dilectissima
794 2906 1039 2981 emolumentum,
1053 2906 1092 2967 ad
1106 2906 1247 2987 quietem,
1259 2914 1290 2967 et
1302 2906 1526 2988 prosperitatem

338 3001 489 3080 publicam
514 3004 589 3063 bene
613 3015 644 3064 et
662 3002 789 3085 pacifice
813 3003 1027 3084 transigantur.
1075 3003 1125 3064 lta
1147 3022 1201 3062 nos
1221 3003 1353 3084 prompti
1370 3003 1524 3084 paratique

339 3097 449 3160 erimus
459 3099 497 3160 ad
508 3102 646 3161 universa
655 3120 723 3181 quse
734 3100 764 3160 in
774 3099 860 3161 nobis
874 3110 963 3160 erunt
971 3100 1060 3180 juxta
1071 3099 1297 3161 instructionem
1309 3110 1438 3161 nostram
1452 3120 1522 3161 con-

337 3194 495 3257 tribuenda
507 3209 537 3258 et
550 3197 734 3279 exequenda.

380 3293 502 3357 Placuit
522 3294 610 3376 porro
631 3294 721 3355 etiam
739 3312 833 3353 sacras
852 3290 1000 3354 Cesarea
1021 3290 1176 3373 Majestati
1193 3291 1241 3353 hle
1256 3292 1451 3373 presentibus
1471 3294 1522 3354 do-

336 3392 427 3453 minis
440 3392 589 3474 deputetis
605 3391 767 3452 electorum
786 3388 957 3471 principum
976 3409 1011 3450 ac
1028 3399 1159 3451 statuum
1178 3389 1355 3450 consiliariis
1372 3398 1403 3449 et
1417 3388 1521 3472 legatis

335 3490 460 3573 proponi
486 3500 517 3551 et
542 3486 707 3571 significari
734 3506 838 3548 curam
862 3498 893 3546 et
914 3486 1148 3547 sollicitudinem
1170 3486 1380 3567 queuntehao
1407 3508 1522 3569 semper

335 3589 465 3649 maxime
484 3586 557 3649 rard
578 3586 617 3648 alr
635 3584 751 3646 ultimis
772 3582 903 3644 comitiis
928 3582 1195 3645 Ratisbonensibus
1216 3585 1381 3657 contendit,
1403 3594 1438 3647 ut
1457 3596 1519 3645 tan-

333 3686 401 3747 denr
427 3684 603 3747 universalis
626 3704 683 3765 pax
710 3690 899 3756 tractaretur,
920 3690 950 3743 et
973 3680 1046 3742 certi
1074 3680 1150 3761 quid
1180 3681 1257 3743 serio
1282 3682 1517 3745 concluderetur.
