3225 4700
323 344 364 415 id
717 336 1122 409 ITINERARIUM.

320 512 428 576 pecore
441 493 614 577 abegerunt,
628 493 776 575 simulque
791 495 888 576 primi
902 493 1064 575 irruptione
1079 492 1141 553 dno
1152 488 1263 552 vexilla
1275 489 1348 572 ipsis
1358 486 1514 571 eripuere,
1600 517 1601 532 .

320 608 411 669 quem
429 590 624 673 ignominium
638 610 700 651 non
718 592 846 652 serentes
861 590 981 665 Poloni,
999 587 1170 650 convocetis
1184 587 1299 648 viribus
1316 587 1514 666 collectisque

319 685 426 747 animis
439 686 470 746 in
483 685 587 748 Gallos
597 686 695 749 dennb
705 687 866 760 irruerunt,
876 685 1092 765 trucidetisque
1102 683 1339 766 quadringentis,
1350 682 1409 743 tric
1418 683 1514 763 signs

320 800 391 841 cum
409 780 568 863 signiferis,
585 792 615 843 et
631 802 768 863 supremo
786 781 959 863 vigiliarum
978 780 1127 841 Praet‘ecto
1145 800 1216 852 uuo,
1231 779 1422 859 pluribusque
1440 776 1514 837 'lbi-

321 875 409 936 bunis
421 877 454 937 in
469 886 567 938 cestre
578 876 753 939 retulerunt.
795 876 935 938 Moverat
948 876 1068 937 interim
1086 874 1195 956 Mercy
1208 894 1278 935 cum
1293 883 1362 935 octo
1374 872 1512 934 millibus

321 977 356 1032 ut
370 972 491 1033 Ducem
501 973 731 1035 Wimsriensem
745 975 784 1035 eb
794 973 949 1035 obsidione
958 972 1139 1033 Teberuensi
1151 971 1319 1052 impediret,
1329 990 1365 1031 sc
1378 970 1428 1031 dle
1439 990 1511 1050 sep-

319 1067 396 1129 timo
410 1069 526 1130 decimo
543 1069 576 1129 in
594 1070 706 1151 campis
721 1069 896 1149 pabulantes
912 1068 1056 1129 ducentos
1072 1066 1176 1129 Gallos
1193 1067 1329 1138 offendit,
1346 1086 1421 1147 qnos
1437 1086 1514 1127 cum

320 1164 404 1243 equis
418 1164 458 1225 ed
470 1184 525 1226 sne
537 1175 634 1227 cestre
649 1165 784 1224 deduxit.
825 1164 885 1224 Die
900 1164 1111 1226 nonidecimi
1127 1164 1261 1250 ejusdem
1276 1161 1385 1224 Poloni
1399 1164 1515 1223 iterum

318 1259 513 1341 irruptionem
525 1262 557 1322 in
568 1259 780 1323 Wimsrienses
793 1268 908 1341 parunt,
920 1280 956 1319 cc
968 1259 1104 1321 felicibus
1111 1259 1191 1321 susis
1204 1267 1337 1320 mactent
1346 1259 1512 1339 plusculos,

321 1451 411 1513 siores
437 1450 578 1513 vicesimo
604 1452 690 1513 tertio
714 1451 803 1534 hujus
828 1452 1022 1534 egrediuntur
1044 1452 1163 1527 iterum,
1184 1472 1344 1533 secumque
1367 1451 1515 1531 quadrin-

320 1554 424 1625 gentos
448 1566 538 1627 equos
560 1548 723 1619 abducunt.
766 1548 827 1610 His
846 1548 972 1610 modicis
994 1548 1130 1610 clsdibus
1152 1548 1196 1609 nil
1219 1558 1316 1609 motus
1336 1548 1514 1609 Bernsrdus

277 1700 288 1727 θ
322 1639 397 1701 Dux
414 1662 547 1723 premere
563 1644 662 1725 pergit
677 1642 873 1720 obsidionem,
886 1644 967 1706 unde
985 1664 1022 1705 ex
1042 1644 1221 1705 Ibernornm
1239 1644 1421 1727 legionibus
1440 1646 1513 1705 duae

320 1738 480 1799 mittuntur
498 1738 530 1799 iu
550 1758 724 1801 succursum
743 1760 859 1814 eorum,
876 1741 930 1820 qni
948 1741 988 1802 ed
1007 1741 1156 1802 Tubernuc
1175 1741 1290 1803 bostem
1306 1742 1512 1822 impetebantr

321 1832 383 1895 Per
392 1834 492 1895 medis
499 1834 602 1915 iteque
608 1835 738 1898 hostium
749 1846 846 1899 cestre
853 1835 1069 1919 Sere-pontem
1078 1837 1186 1917 primb,
1195 1838 1267 1899 inde
1276 1838 1308 1899 in
1318 1837 1511 1912 Hcmburch,

319 1938 385 1991 tum
398 1950 451 2012 per
462 1930 721 2007 Keiserslsudern,
734 1932 932 1994 Neostedium
946 1932 978 1992 in
991 1932 1162 1995 Pulstinetu
1176 1933 1310 1995 inferiori
1325 1934 1425 2010 situm,
1437 1932 1514 1995 hinc

322 2026 510 2088 Inudsvium
526 2028 646 2109 mugnis
661 2028 818 2089 itineribus
834 2030 1068 2109 properavimus.
1110 2029 1173 2091 Hic
1190 2030 1245 2091 etsi
1260 2030 1430 2105 Gallessum
1448 2050 1512 2091 uon

320 2120 426 2204 procul
438 2123 476 2183 cb
489 2122 658 2203 Argentini
670 2123 804 2185 validum
820 2125 984 2187 exercitum
997 2125 1115 2201 bebere,
1129 2135 1308 2209 pontemque
1323 2147 1383 2188 non
1404 2128 1512 2208 procul

320 2217 391 2279 inde
409 2218 545 2278 usualem
560 2219 701 2280 struxisse
722 2219 968 2303 intelligeremus,
987 2220 1131 2283 Tabernis
1148 2232 1248 2285 temen
1266 2244 1440 2287 succurrere
1460 2224 1512 2287 vel

270 2391 272 2394 Ι
321 2333 382 2375 non
395 2314 501 2395 potuit,
513 2314 564 2377 vel
576 2314 719 2398 neglexit.
751 2316 872 2379 Interes
882 2317 975 2379 hostis
986 2317 1157 2381 immaniter
1169 2321 1265 2401 quatit
1276 2321 1397 2396 moenis,
1408 2331 1440 2384 et
1447 2322 1513 2384 suis

320 2430 402 2492 spem
420 2411 494 2474 fecit
510 2412 541 2472 vi
557 2413 740 2494 occupendoe
758 2413 860 2476 urbis:
881 2413 945 2476 Hic
962 2435 1033 2476 cnm
1051 2414 1155 2477 Iberni
1171 2417 1337 2498 pericnlum
1353 2418 1513 2480 imminere

319 2507 388 2568 urbi
401 2507 550 2582 vidertmt,
562 2508 593 2569 in
606 2507 722 2570 hostem
732 2518 850 2572 strenue
859 2519 1032 2585 excurrunt,
1042 2511 1074 2571 iu
1084 2531 1145 2592 quc
1153 2514 1327 2576 excursione
1339 2515 1512 2577 Butlerieni

319 2603 439 2685 egregie
452 2623 483 2665 se
496 2602 681 2665 habuerunt:
702 2607 831 2668 ducebat
843 2625 894 2668 eos
906 2615 979 2668 tunc
992 2606 1067 2669 forte
1080 2607 1253 2671 Colonellns
1267 2611 1428 2688 Mullreim,
1439 2633 1511 2674 eum

320 2718 379 2779 quo
393 2719 453 2760 non
466 2699 631 2760 minoribus
643 2701 752 2762 animis
760 2703 846 2762 'recte
859 2704 891 2763 in
904 2702 1018 2765 hostem
1030 2704 1113 2767 ibant
1122 2705 1280 2787 Cepitnnei
1294 2707 1403 2783 Stirin,
1413 2709 1512 2771 Alex·

319 2795 413 2856 ander
426 2795 499 2856 Meo
513 2793 636 2872 Daniel,
650 2805 680 2857 et
693 2796 803 2860 Petrus
817 2799 1010 2860 Geraldinus.
1063 2801 1112 2861 Ex
1127 2802 1259 2864 hostibus
1276 2805 1367 2865 occisi
1385 2807 1513 2868 ducenti

319 2891 449 2968 circiter,
474 2912 511 2952 ex
540 2891 651 2972 quibus
678 2891 819 2954 officiales
842 2894 961 2976 viginti,
983 2899 1061 2959 inter
1089 2918 1165 2978 quos
1194 2899 1352 2962 Generalis
1381 2901 1511 2965 Hebron

320 2985 438 3062 Seotns,
456 2997 486 3049 et
507 2987 616 3052 Comes
637 2987 851 3065 Henovicnsis,
869 2991 933 3070 ipse
951 2992 1041 3053 etiem
1065 2994 1137 3054 Dux
1160 2994 1324 3058 Wimurius
1342 3001 1511 3061 seeundum

319 3101 442 3143 menum
455 3081 560 3144 leviter
569 3083 752 3146 vulneratus.
794 3085 939 3147 Nondum
953 3089 1122 3170 cogitabunt
1134 3098 1208 3152 tnnc
1220 3091 1421 3156 Tebemenses
1434 3098 1511 3158 ciri·

317 3184 410 3237 tutem
427 3177 547 3253 dedere,
562 3179 621 3239 nisi
638 3180 814 3244 miserabilis
829 3192 861 3244 et
878 3183 1017 3245 obscoens
1033 3184 1126 3247 fumes
1141 3206 1191 3248 eos
1207 3188 1298 3249 etism
1316 3192 1450 3254 nolentes
1468 3196 1509 3256 sd

192 3295 194 3300 ·
318 3271 500 3334 deditionem
518 3275 718 3356 compulisset.
759 3275 839 3339 cum
852 3298 924 3362 ergo
937 3291 1117 3344 commestus
1130 3285 1228 3344 omnis
1240 3285 1407 3360 defecisset,
1419 3287 1463 3348 its
1476 3296 1511 3348 ut

317 3364 396 3428 ultre
407 3367 538 3448 pretini
550 3369 700 3434 exhaustis
712 3373 827 3435 viribus
838 3394 900 3435 non
913 3388 1042 3457 possent,
1054 3379 1250 3461 viderentque
1263 3380 1392 3444 hostium
1407 3383 1440 3444 in
1455 3385 1510 3444 ob-

316 3461 432 3524 sidione
455 3465 658 3545 pertiusciem,
677 3469 727 3531 die
747 3471 853 3551 quinti
873 3472 992 3534 decimi
1007 3474 1086 3537 Julii
1105 3477 1188 3558 pecti
1203 3487 1275 3540 sunt
1290 3480 1443 3545 civitatem
1460 3480 1510 3542 bis

316 3559 538 3624 conditionibus
552 3563 679 3628 trudere.

355 3655 383 3718 I.
406 3656 452 3720 Ut
463 3657 581 3722 vexillis
593 3661 694 3746 pensis
707 3662 930 3745 egrederentur.
