3225 4700
312 284 376 349 380
707 279 1131 348 ITINERARIUM.

314 459 381 499 sum
397 435 587 518 Herbipolim
603 435 706 496 reduci
719 436 824 508 voluit,
835 456 871 496 ac
886 435 1074 496 insolubilem
1090 435 1212 518 insuper
1222 435 1358 517 pecuniae
1369 454 1534 495 summam

316 533 428 616 exegit.

358 630 478 691 Exinde
498 628 595 690 facilis
611 629 669 690 fuit
688 629 863 711 conjectura
882 651 943 710 quo
961 629 1128 690 istiusmodi
1151 630 1287 690 incursus
1306 637 1472 711 spectaret,
1496 649 1536 688 ea

317 737 439 808 propter
456 726 763 788 Sclrweinfordienses
780 727 908 808 tempori
924 727 962 787 de
980 728 1119 808 augendo
1135 726 1277 808 prasidio
1295 727 1487 808 cogitarunt,
1503 739 1538 786 et

316 825 357 885 ad
376 845 426 885 eas
443 845 509 905 quea
529 825 567 885 de
587 824 706 905 legione
727 824 845 907 AEgidii
866 825 954 885 Hasii
975 825 1078 905 copias
1099 826 1203 885 urbem
1223 823 1426 885 defendebant
1447 825 1536 884 duas

316 921 450 1000 equitum
470 919 621 980 centurias
639 932 669 980 et
686 920 836 1001 legionem
856 919 1054 981 latronianam
1076 921 1211 1002 peditum
1230 921 1415 982 acciverunt.
1464 921 1534 980 Ex-

318 1017 476 1078 tenderant
497 1037 528 1077 se
549 1017 621 1077 verb
646 1017 810 1078 adversarii
831 1016 943 1078 milites
965 1038 1017 1099 per
1039 1018 1186 1079 Tuberam
1210 1017 1399 1080 Ochaorium
1426 1039 1532 1098 nsque

317 1114 359 1175 ita
372 1125 406 1175 ut
424 1113 678 1174 Merobenthcinii
697 1113 780 1174 mille
799 1113 956 1197 quingenti
975 1114 1101 1196 pedites,
1117 1115 1274 1197 Rottingae
1291 1126 1390 1175 autern
1409 1125 1440 1176 et
1457 1114 1531 1174 aliis

318 1209 427 1270 vicinis
447 1211 521 1271 loeis
540 1210 673 1291 reliquus
693 1211 841 1273 exercitus
861 1212 988 1273 haereret
1006 1212 1036 1272 in
1060 1213 1233 1273 universum
1253 1212 1416 1274 duodecim
1438 1214 1531 1292 eqni-

317 1319 381 1368 tum
394 1307 537 1390 legiones,
552 1317 583 1368 et
602 1320 714 1389 septem
729 1317 837 1370 turmae
852 1309 997 1389 peditum.
1040 1308 1156 1370 Contra
1169 1309 1223 1370 hos
1238 1309 1404 1391 opportune
1422 1329 1532 1369 move-

318 1415 388 1466 runt
403 1405 515 1466 Barari
534 1417 564 1467 et
581 1405 603 1467 J
606 1425 732 1466 oannem
749 1407 874 1486 quidem
893 1406 931 1466 de
947 1405 1054 1466 Wertb
1068 1407 1100 1466 in
1118 1405 1266 1466 similibus
1279 1405 1529 1486 expeditionibus

318 1503 486 1585 probatum,
506 1503 723 1584 praemiserunt,
743 1503 797 1582 qni
819 1513 852 1563 ut
871 1502 910 1563 de
931 1503 1170 1564 adversariorum
1196 1503 1322 1563 statione
1342 1501 1459 1575 resciit,
1476 1502 1529 1562 de·

319 1601 414 1662 erevit
427 1601 594 1682 irruptione
608 1600 687 1661 facta
705 1599 838 1661 Martem
853 1601 1003 1682 experiri3
1025 1601 1078 1661 sed
1098 1619 1167 1661 cum
1183 1599 1221 1661 de
1240 1619 1293 1660 sno
1307 1599 1442 1660 adventu
1461 1600 1526 1679 jam

319 1699 349 1758 in
365 1707 462 1759 castra
477 1696 687 1757 Wimariensia
701 1695 783 1757 allati
797 1707 896 1757 essent
910 1697 1025 1766 nuncii,
1037 1708 1111 1757 tunc
1125 1695 1247 1776 quidem
1259 1695 1419 1757 eonsilium
1432 1717 1524 1757 sunm

319 1795 349 1855 in
365 1795 528 1856 adventum
539 1793 637 1854 omnis
648 1795 796 1854 exercitus
807 1792 929 1854 differre
938 1793 1052 1854 statuit.
1083 1793 1154 1854 Non
1166 1791 1261 1852 mnltb
1272 1805 1371 1853 autem
1384 1803 1454 1874 post
1465 1793 1525 1854 alia

319 1912 351 1952 se
365 1891 571 1972 opportunitas
582 1889 698 1950 hostem
711 1889 875 1950 invadendi
891 1889 1008 1951 obtulit.
1051 1887 1130 1950 Cum
1141 1889 1222 1950 enim
1233 1887 1325 1948 hostis
1340 1906 1401 1947 non
1415 1889 1523 1969 procul

322 1984 539 2048 Sehorndorfio
570 1987 731 2047 commodo
754 1984 821 2046 loco
849 1986 926 2047 inter
953 1987 1028 2048 duos
1054 1985 1164 2047 fluvios
1191 1983 1383 2060 constitisset,
1415 1986 1523 2046 eodem

320 2083 434 2166 qnantd
457 2084 556 2164 potuit
577 2081 729 2144 eeleritate
750 2080 905 2144 Wertlrius
925 2083 1107 2165 properavit,
1129 2093 1160 2144 et
1180 2082 1358 2164 intempesta
1378 2093 1470 2142 nocte
1491 2083 1521 2142 in

322 2179 625 2262 Witgensteinianam
647 2189 677 2238 et
698 2177 881 2239 Olunianam
902 2179 1050 2261 legionem
1074 2199 1157 2240 arma
1177 2178 1298 2252 direxit,
1320 2178 1375 2240 sed
1394 2199 1453 2239 nee
1474 2177 1522 2238 lrie

320 2277 491 2361 expeditam
505 2276 586 2336 rinm
600 2286 633 2336 ut
647 2276 785 2358 sperabat
800 2275 919 2357 reperit,
935 2296 1004 2336 curn
1020 2275 1100 2336 euim
1117 2295 1190 2358 pons
1202 2295 1309 2337 saxeus
1323 2294 1413 2357 qnern
1430 2273 1522 2336 hostis

322 2384 594 2455 preoccupaverat,
619 2374 818 2436 transeundus
839 2384 925 2446 esset,
945 2373 995 2434 hle
1015 2374 1145 2455 primum
1168 2371 1365 2457 pugnandum
1387 2372 1447 2433 fuir
1467 2394 1520 2454 pro

322 2470 460 2544 transitu,
476 2470 647 2551 quoddam
662 2470 697 2532 fit
711 2471 781 2533 duae
801 2472 893 2533 diotre
907 2470 1040 2554 legiones
1054 2470 1135 2532 nacti
1150 2484 1219 2532 sunt
1234 2480 1350 2531 tantum
1367 2470 1520 2551 temporis,

321 2576 357 2627 ut
374 2586 467 2647 equos
487 2587 590 2648 parare
610 2577 640 2628 et
661 2570 865 2629 conscendere
885 2568 1012 2630 licuerit.
1053 2566 1113 2627 Eos
1134 2566 1328 2627 nihilominus
1348 2566 1517 2627 Wertbiani
1573 2582 1574 2604 l

322 2662 471 2723 invadunt
484 2676 514 2724 et
527 2683 626 2745 operae
640 2685 702 2725 suae
717 2666 852 2745 precium
868 2663 995 2725 feliciter
1015 2664 1147 2725 referunt
1164 2674 1319 2723 sexcentos
1338 2682 1430 2743 equos
1449 2685 1515 2723 eum
1572 2656 1573 2688 ¹

321 2758 458 2840 pluribus
471 2759 648 2822 officialibus
664 2772 694 2822 et
707 2783 759 2822 sex
775 2762 870 2844 signis
888 2762 1092 2841 equestribus3
1115 2759 1167 2841 qui
1186 2761 1338 2840 utrimque
1356 2760 1514 2822 desiderati

321 2854 435 2916 fuerint
462 2856 567 2917 resciri
592 2878 652 2918 non
681 2858 789 2939 potuit,
813 2880 850 2919 ex
871 2858 1055 2919 Werthianis
1073 2858 1153 2919 certe
1174 2856 1272 2918 abfuit
1291 2856 1460 2939 Stephanus
1478 2859 1515 2919 de
1569 2914 1570 2940 ,

324 2951 430 3012 Wertb
444 2954 496 3033 qni
510 2954 622 3034 primos
635 2953 770 3035 equitum
784 2954 955 3037 manipulos
970 2954 1107 3017 duxerat.

363 3048 439 3110 Post
451 3061 512 3111 tarn
533 3050 634 3112 felices
654 3071 809 3112 successus
823 3050 978 3112 Wertbius
999 3050 1193 3133 Giippingam
1208 3050 1337 3111 tentavit
1349 3070 1440 3130 qnam
1455 3060 1512 3111 tne-
1567 3082 1568 3110 r

322 3146 443 3219 bantur,
457 3156 567 3227 praeter
580 3147 672 3221 cives,
692 3150 748 3207 120
764 3147 988 3222 Wimarienses,
1005 3147 1057 3227 qui
1072 3167 1141 3208 cnm
1157 3158 1307 3228 sperarent
1317 3148 1335 3207 d
1346 3147 1463 3208 Comite
1475 3148 1511 3207 de
1566 3178 1567 3194 r

323 3241 489 3303 Guebriam
505 3242 619 3304 auxilia
639 3244 819 3306 obstiterunt
832 3264 943 3326 magno
961 3264 1016 3303 suo
1031 3242 1120 3317 malo,
1135 3264 1205 3303 nem
1221 3243 1296 3303 utri
1312 3244 1432 3304 tandem
1448 3264 1508 3325 per·
1565 3248 1566 3278 r

321 3350 468 3419 ruperunt
484 3340 666 3414 Warthiani‚
688 3351 836 3423 quotquot
856 3342 886 3402 iu
908 3342 1000 3401 armis
1021 3350 1193 3424 repererunt
1208 3350 1303 3401 morte
1324 3340 1506 3403 mulctarunt.

323 3433 538 3497 Wimarienses
550 3456 669 3517 quoque
682 3447 746 3498 turn
762 3438 884 3519 quidem
898 3458 958 3498 non
972 3438 1159 3515 desidebant,
1173 3438 1359 3523 Bettlingam
1375 3440 1451 3502 enim
1463 3462 1505 3503 ee·
1562 3484 1563 3530 ,

322 3545 432 3611 perunt
444 3545 475 3593 et
488 3532 719 3615 Retenburgnm
733 3534 892 3596 duodecim
907 3534 1042 3615 equitum
1057 3536 1207 3597 centurias
1221 3535 1420 3598 deduxerunt.
1561 3579 1562 3613 ,

365 3629 444 3690 Haee
459 3629 591 3690 ineuntis
605 3631 676 3691 anni
689 3630 773 3692 fuere
787 3631 946 3713 principia.
989 3630 1066 3704 Quae
1080 3640 1246 3714 sequuntur
1262 3632 1302 3695 ad
1320 3633 1502 3695 Februarium
1559 3646 1561 3707 l
