3225 4700
322 360 382 427 188
706 356 730 421 1
737 353 789 425 TI
793 356 1013 425 NERARI
1018 356 1105 423 ΠΜ.

320 514 392 577 fidei
410 511 488 579 mule
504 510 615 585 seriatis
630 512 838 589 nebulonibus,
856 512 911 575 sed
926 532 997 574 cnm
1017 511 1155 594 Hispano
1169 509 1275 585 milite,
1292 509 1351 571 hoc
1368 515 1414 571 eat
1431 526 1518 569 cum

319 611 452 674 masculo
465 619 496 672 et
508 608 593 672 fideli
605 629 659 671 suo
672 608 752 691 Regi
765 618 896 691 pectore,
908 609 992 690 quod
1006 608 1140 691 quidem,
1156 608 1183 670 si
1198 606 1265 669 fieri
1282 615 1392 689 posset,
1408 604 1519 687 pluri·
1607 608 1608 647 i

317 707 374 769 bus
386 704 530 767 mortibus
541 704 634 768 vitam
648 704 747 786 potius
759 704 918 787 prodigere
931 713 1066 786 paratum
1075 712 1249 784 essetquam
1258 702 1386 786 gloriam
1394 699 1514 762 infami

319 811 391 865 nota
403 802 541 883 Hispano
555 800 695 885 sanguini
707 818 869 881 aspersam,
882 799 1076 862 confundere.
1116 799 1276 861 Auderent
1287 798 1377 859 modo
1391 797 1513 859 Franci
1607 800 1608 807 ’

318 896 514 979 imperterrite
534 896 696 973 incurrere,
715 896 778 959 lore
792 896 847 976 qni
863 895 927 956 rim
943 894 1054 957 virtute
1073 893 1277 975 reprimerent,
1294 892 1342 954 bis
1358 912 1417 954 uec
1433 892 1511 953 aliis

317 993 408 1055 dictis
420 993 683 1076 Tympouotribam
696 991 821 1055 remisit.
851 990 923 1053 Hoc
934 990 1015 1053 fastu
1026 990 1058 1051 in
1071 990 1165 1052 furias
1177 1009 1268 1071 prope
1280 988 1341 1050 acti
1354 986 1440 1049 Galli
1449 986 1508 1048 vix

317 1110 350 1152 se
366 1090 558 1153 continebant
574 1090 649 1171 quin
666 1089 698 1150 in
715 1088 828 1150 moenia
844 1086 1006 1161 exsilirent,
1028 1085 1238 1166 hominemque
1259 1083 1424 1167 gloriosum
1445 1082 1506 1144 diti

316 1186 474 1248 sublimem
486 1186 640 1248 victimam
652 1183 851 1257 immolarent,
861 1182 914 1245 scd
927 1181 1019 1244 saltus
1031 1191 1097 1244 crat
1106 1180 1193 1243 altior
1202 1200 1293 1261 quam
1302 1199 1393 1261 quem
1404 1179 1506 1241 Galli·

317 1302 387 1343 cum
400 1282 491 1345 robur
503 1280 685 1356 emetiretur,
701 1280 803 1361 itaque
815 1299 870 1360 pro
882 1277 980 1342 verbio
993 1278 1117 1340 verbera
1128 1296 1271 1359 reponere
1283 1284 1401 1358 param,
1416 1273 1506 1356 oppi-

316 1378 449 1458 dumque
466 1377 565 1439 acrius
581 1376 730 1450 infestant,
748 1374 904 1437 tormentis
916 1392 1036 1455 quoque
1053 1393 1156 1435 muros
1172 1372 1267 1435 multo
1284 1381 1418 1452 tempore
1435 1370 1505 1431 sine

315 1472 533 1535 intermissione
549 1471 731 1533 validissime
746 1470 931 1546 concutiunt,
943 1470 1029 1550 queis
1040 1468 1219 1551 prresidinrii
1234 1468 1367 1529 animose
1378 1486 1505 1547 respon-

316 1568 399 1641 dent,
416 1588 540 1651 aggeres
552 1586 670 1649 quoque
687 1567 802 1628 dirutos
819 1574 969 1647 reparant,
986 1584 1087 1627 muros
1103 1564 1197 1625 variis
1215 1562 1438 1646 impedimentis
1454 1582 1504 1623 re

315 1672 460 1739 stamant,
478 1672 588 1725 terram
604 1663 767 1743 fimumque
785 1660 941 1743 perforatis
962 1659 1081 1722 moniis
1096 1660 1255 1741 objiciunt,
1275 1679 1355 1721 nora
1374 1659 1503 1740 iusuper

314 1759 501 1821 munimenta
512 1758 634 1840 majoris
645 1758 812 1821 securitatis
823 1776 915 1819 ceusu
926 1755 1067 1818 excitant.
1095 1754 1180 1827 Quid
1192 1754 1243 1816 bic
1255 1764 1379 1838 agerent
1391 1755 1502 1817 Galli?

313 1855 452 1917 recedere
473 1854 546 1937 ipsis
568 1854 741 1937 probrosum
764 1862 828 1915 erat
846 1852 931 1914 nulla
951 1872 984 1914 re
1001 1851 1191 1913 laudabiliter
1209 1862 1303 1934 gesta,
1324 1850 1406 1913 ultra
1422 1851 1499 1932 quid

314 1948 480 2012 machinari
499 1950 662 2031 gloriosum
674 1950 807 2031 quidem,
825 1948 879 2010 sed
894 1949 956 2013 vita
966 1956 997 2009 et
1011 1948 1141 2029 plurimo
1158 1946 1305 2029 sangnine
1316 1946 1497 2027 preciosum,

312 2044 441 2107 maxime
454 2064 524 2107 cum
536 2044 697 2107 obstinatos
713 2044 853 2107 viderent
869 2044 986 2105 animos
1006 2042 1211 2124 Hispanorum
1226 2062 1282 2124 pro
1299 2041 1382 2105 urbis
1393 2041 1500 2103 defen-

312 2140 722 2221 sionevitametsanguinem
733 2140 863 2222 pacisci:
881 2140 1051 2201 maluerunt
1059 2140 1179 2202 tandem
1188 2140 1265 2201 mori
1274 2159 1379 2201 omnes
1388 2139 1498 2221 potius,

312 2256 404 2317 quam
424 2236 514 2298 tantis
537 2235 672 2298 cladibus
691 2235 918 2298 fortissimorum
938 2235 1070 2297 virorum
1093 2236 1181 2298 fracti
1200 2236 1319 2297 fatalem
1340 2255 1497 2317 expugna·

312 2332 424 2394 tionem
443 2342 511 2414 post
527 2340 627 2395 tantos
647 2331 762 2394 labores
781 2331 894 2393 infecto
913 2330 1033 2413 negotio
1052 2331 1275 2414 derelinquere3
1297 2332 1378 2393 Rem
1393 2330 1497 2413 itaque

312 2428 458 2490 cuniculis
483 2435 650 2510 pertentare
676 2427 903 2512 aggrediuntur,
925 2427 959 2487 in
981 2446 1071 2507 quem
1094 2427 1196 2503 finem,
1220 2428 1382 2489 immanem
1405 2435 1496 2490 terrae

311 2523 425 2586 hiatum
438 2523 594 2602 effodiunt,
608 2525 641 2586 in
651 2544 740 2605 quern
754 2543 809 2606 pro
821 2533 922 2606 egesta
933 2531 1012 2584 terra
1023 2523 1177 2605 pulverem
1188 2523 1318 2604 Pyrium
1328 2523 1493 2601 sufficiunt,

311 2639 372 2701 quo
385 2640 445 2682 non
457 2619 552 2682 multo
562 2627 630 2702 post
643 2621 802 2683 obstructis
817 2619 962 2682 meatibus
977 2638 1119 2681 succenso
1135 2638 1197 2680 non
1214 2618 1388 2699 prenitenda
1402 2639 1495 2701 opera

309 2715 472 2778 maximam
484 2717 563 2778 muri
576 2725 691 2799 partem
704 2715 869 2797 diq'ioinnt,
882 2735 918 2776 ac
931 2735 1023 2796 quam
1035 2733 1106 2776 mox
1122 2734 1201 2776 noro
1216 2715 1324 2776 ardore
1336 2714 1369 2776 in
1382 2715 1495 2778 moenia

310 2811 477 2889 incurrunt,
490 2832 526 2874 ec
539 2813 731 2893 undiquaque
744 2821 863 2874 strenua
875 2811 1067 2874 defendentes
1080 2820 1361 2894 propugnantesque
1372 2811 1493 2872 Gallico

308 2907 408 2971 furore
429 2909 578 2970 invadunt
597 2907 752 2970 tormentis
774 2906 895 2968 interim
917 2906 1067 2989 utrimque
1088 2917 1151 2970 tarn
1172 2927 1289 2970 soevnm
1311 2908 1344 2968 iu
1366 2908 1492 2969 modum

309 3005 545 3085 personantibus,
555 3013 589 3066 ut
598 3012 677 3066 totus
687 3003 742 3065 iste
751 3011 863 3064 tractus
873 3021 991 3083 quaque
1001 3004 1059 3067 late
1067 3015 1172 3086 pateus
1181 3003 1491 3067 evertendusomuino

307 3100 468 3163 videretur.
510 3100 609 3162 Paulo
625 3109 724 3162 umen
741 3107 818 3180 post,
833 3118 903 3160 cnm
916 3098 1015 3161 Gallis
1027 3101 1203 3182 agminatim
1215 3100 1291 3162 cesis
1307 3099 1361 3162 alii
1375 3119 1492 3180 semper

307 3193 418 3276 aliique
430 3197 633 3272 succederent,
649 3193 834 3257 Praesidiarii
847 3194 918 3256 verb
934 3194 1014 3256 intra
1027 3197 1133 3258 urbem
1148 3198 1258 3259 senaim
1275 3196 1490 3269 minuerentur,

308 3289 391 3352 nullo
407 3291 527 3353 interim
544 3291 675 3354 subsidio
690 3291 817 3372 reliquo,
830 3291 911 3371 quod
925 3291 1117 3353 conclamatae
1132 3292 1200 3354 urbi
1217 3303 1413 3370 succurreret,
1428 3313 1488 3355 uon

306 3393 448 3467 putarunt
464 3387 595 3468 Hispani
612 3387 691 3449 ultra
705 3388 867 3468 prudenter
882 3395 926 3448 tot
939 3386 1072 3448 hostibus
1085 3407 1149 3449 esse
1162 3387 1305 3469 pauculos
1321 3389 1433 3452 milites
1448 3399 1490 3452 te·

306 3501 387 3543 mere
399 3481 594 3563 objiciendos,
608 3483 763 3545 stationem
775 3483 869 3565 igitur
882 3483 1009 3565 primam
1021 3483 1172 3559 deserunt,
1187 3504 1223 3545 ac
1233 3505 1287 3566 per
1299 3485 1487 3567 angiportum

306 3573 338 3638 in
359 3599 470 3640 novum
491 3577 664 3640 fortalitium
688 3577 850 3648 enituntur.
871 3587 906 3640 ut
927 3578 999 3641 inde
1022 3579 1156 3642 collectis
1177 3600 1247 3641 cnm
1266 3581 1353 3642 sociis
1372 3581 1487 3642 viribus

304 3693 435 3757 pugnam
456 3684 641 3750 renovarent,
661 3675 714 3738 sed
731 3684 762 3736 et
779 3673 828 3736 bic
845 3675 863 3737 d
879 3676 1005 3738 catervis
1022 3675 1180 3739 Gallorum
1199 3677 1388 3760 circumsepti
1404 3689 1483 3749 snut,
