3225 4700
496 342 901 411 ITINERARIUM.
1224 349 1287 413 237

98 492 236 566 keutbal,
261 490 449 553 Oatbedralie
476 491 589 555 ibidem
616 494 719 575 templi
743 494 924 556 canonicus.
965 492 1086 576 Agmeu
1110 493 1290 557 claudebant

60 616 67 624 ·
98 589 225 649 tandem
239 588 494 651 Reverendissimi
508 588 667 671 Principes
680 609 716 651 ac
732 588 860 650 Domini
881 589 1032 650 Praesules
1046 588 1288 665 Eicbstadianus,

97 683 340 755 Ratisbonensis,
352 694 383 746 et
393 684 644 764 Campidunensis
657 685 689 745 in
703 684 824 766 propria
835 705 970 766 persona.

141 780 189 842 Ut
204 778 295 842 Sacra
307 780 446 843 Oaesarca
460 781 605 862 Majestas
624 780 837 842 cathedralem
851 781 948 843 aedem
966 781 1209 847 Retisboneusem
1220 786 1290 847 atti-

98 876 157 959 m't,
170 896 241 938 mox
259 876 400 939 thronum
413 886 498 939 extra
511 876 637 938 chorum
649 875 668 938 a
681 877 786 939 dextro
798 876 891 938 latere
907 877 965 958 ipsi
981 890 1190 959 praeparatum,
1204 902 1290 946 aure·

97 992 177 1053 aque
196 972 256 1033 tela
271 972 471 1053 undequaque
486 982 672 1045 exornatum,
687 982 717 1034 et
733 971 830 1033 tribue
847 970 866 1033 d
883 982 963 1034 tarra
980 976 1122 1057 gradibus
1140 978 1290 1043 elevatum

96 1068 284 1140 conscendit,
298 1079 367 1131 ente
380 1089 471 1149 quem
486 1068 611 1150 Imperii
623 1068 830 1131 hereditarius
845 1067 1063 1131 Marescballns
1075 1081 1138 1133 toto
1150 1076 1290 1139 sacrificii

96 1170 232 1245 tempore·
245 1166 404 1248 evaginato
417 1184 570 1237 mucrone,
585 1173 619 1226 ut
632 1164 815 1227 consuetudo
827 1164 895 1237 fert,
909 1166 1050 1228 constitit.
1090 1169 1145 1229 Ad
1157 1172 1290 1253 quinque

97 1281 190 1323 sexve
204 1262 296 1342 pedes
309 1261 388 1323 infru
406 1262 477 1324 Snae
498 1261 667 1343 Majestatis
685 1261 838 1336 thronum,
859 1262 1034 1324 subsellium
1052 1264 1136 1326 aliud
1151 1277 1215 1329 erat
1227 1268 1289 1331 dis·

96 1358 229 1443 positum
242 1378 298 1440 pro
314 1358 410 1420 tribus
424 1358 647 1440 Principalibus
664 1358 808 1439 personis,
823 1358 914 1419 mbro
929 1358 1092 1423 holoserico
1108 1363 1289 1428 circumves-

96 1456 198 1531 titam,
210 1455 242 1516 in
256 1455 339 1535 qnod
353 1454 527 1517 Electorum
538 1454 715 1537 Mognntini
728 1462 759 1515 st
770 1453 959 1517 coloniensi·
968 1456 1060 1539 legati
1074 1460 1197 1523 deducti
1210 1474 1288 1525 sunt

96 1552 217 1612 Tertius
240 1552 324 1613 locus
344 1572 398 1634 pro
421 1552 667 1613 Eminentissimo
692 1550 836 1631 Principe
858 1550 997 1613 Electore
1020 1554 1189 1619 Trevirensi
1212 1570 1286 1636 erat,

96 1648 149 1727 qui
169 1646 243 1709 alibi
263 1648 423 1729 impeditus
443 1669 513 1711 cum
530 1648 632 1710 adesse
649 1668 709 1710 non
729 1658 839 1728 posset,
855 1645 1019 1710 holoserico
1033 1650 1219 1732 dependente
1233 1656 1288 1717 ali·

96 1742 279 1823 quantulum
300 1745 465 1827 tegebatur,
486 1764 543 1805 nec
562 1743 606 1806 ita
625 1744 709 1805 sedes
727 1753 762 1804 ut
777 1742 905 1804 aliomm
925 1744 1105 1826 Iegatorum
1118 1750 1286 1816 videbatur.

100 1840 176 1902 Una
191 1840 311 1903 circiter
323 1842 451 1903 sessione
464 1841 588 1903 inferius
601 1840 693 1903 simili
705 1839 790 1903 cultu
801 1839 926 1902 vestitus
943 1850 1008 1902 erat
1019 1841 1104 1905 locus
1116 1866 1210 1928 capax
1223 1871 1288 1932 sep-

98 1947 162 1998 tem
187 1937 310 1998 omnino
332 1958 535 2019 personarum,
562 1938 594 1999 in
620 1956 680 2017 qno
704 1936 833 2018 primam
853 1937 956 1998 sedem
977 1941 1137 2021 occupavit
1157 1943 1289 2026 legatus

96 2033 288 2109 Austriecus,
305 2035 468 2097 secundam
487 2032 722 2114 Archiproesulis
741 2032 976 2115 Sdubnrgensis
997 2035 1138 2118 Legatum
1156 2040 1288 2104 Tertiam

95 2128 267 2210 Episcopus
287 2130 528 2206 Eicbstadiauus,
550 2140 687 2211 quartam
709 2130 877 2212 Episcopus
898 2131 1133 2210 Ratisboneusis,
1151 2138 1286 2217 quintam

96 2226 266 2307 Episcopus
286 2228 551 2309 campidunensis,
569 2248 672 2289 omnes
691 2236 751 2288 tres
773 2227 899 2309 Imperii
917 2228 1077 2311 Principes
1096 2232 1128 2292 in
1149 2254 1286 2315 persona,

96 2322 219 2385 tandem
234 2322 470 2408 Episcopatuum
486 2324 716 2408 Bembergensis
735 2334 765 2386 et
786 2324 1015 2407 Herbipolensis
1029 2327 1146 2411 Legati,
1158 2352 1286 2413 qnorum

95 2419 251 2501 utriusqus
267 2421 350 2484 vices
365 2422 523 2504 supplebat
543 2442 621 2484 unus
638 2422 713 2484 Voit
734 2421 753 2482 a
772 2421 933 2505 saltzburg
952 2423 1097 2486 Ecclesiae
1117 2427 1287 2509 Imperialis

99 2521 332 2606 Bambergensis
343 2525 528 2604 prepositus.

136 2617 234 2678 Recta
246 2619 264 2680 b
278 2619 490 2701 regionessnae
504 2620 650 2682 Caesarem
663 2619 832 2700 Majastatis
847 2619 977 2700 legatus
992 2620 1179 2686 Serenissimi
1193 2627 1286 2709 Bojo-

92 2733 161 2774 rum
184 2713 282 2776 Ducis
300 2725 331 2776 et
349 2715 497 2777 Elector-is
515 2715 546 2776 in
564 2715 664 2776 locum
682 2717 773 2776 rubro
786 2735 905 2796 qnoque
920 2715 1086 2781 holoserico
1099 2731 1237 2784 ornatum
1253 2746 1285 2786 se

96 2809 233 2886 contulit,
247 2811 353 2894 legati
371 2831 443 2873 vero
463 2811 726 2873 serenissimorum
746 2810 872 2871 Ducum
885 2821 916 2874 et
930 2813 1103 2876 Electorum
1117 2817 1243 2881 Saxonis
1256 2831 1287 2882 et

95 2904 361 2990 Brundenbnrgici
380 2928 528 2970 suasnon
551 2907 690 2970 adierunt
709 2907 860 2983 stationes,
885 2910 938 2970 sed
958 2931 1049 2992 quam
1072 2913 1203 2993 primum
1223 2915 1287 2977 Sua

94 3001 240 3084 Majestas
253 3003 344 3065 limen
359 3005 463 3087 templi
476 3005 640 3080 transierat,
654 3014 847 3080 secesserunt,
858 3014 888 3067 et
899 3005 940 3067 ad
952 3007 1050 3068 locum
1064 3019 1132 3088 post
1144 3009 1285 3073 thronum

92 3097 240 3162 cesaree
255 3100 424 3182 Majeetatis
437 3111 615 3182 separatum,
623 3123 685 3164 una
698 3123 767 3164 cnm
778 3103 894 3164 dnobus
903 3103 926 3164 J
928 3103 1082 3164 unionibus
1091 3104 1286 3189 Principibus

95 3197 280 3259 Anbaldinis
292 3199 324 3259 in
342 3219 497 3261 scamnum
515 3200 668 3282 quoddam
688 3201 897 3271 consederunt,
915 3199 1005 3260 etad
1023 3199 1116 3262 finem
1132 3222 1226 3283 usque
1239 3225 1285 3266 sa·

94 3293 203 3356 crificii
217 3293 323 3355 Missae
336 3295 434 3356 varios
448 3297 486 3358 de
499 3297 592 3358 variis
604 3297 692 3358 rebus
705 3315 856 3358 sermones
870 3295 1064 3358 miscucmnt.

135 3389 299 3452 Intervallo
319 3391 409 3452 unius
427 3391 560 3453 stationis
580 3393 700 3454 circiter
715 3391 795 3453 infra
815 3392 1004 3454 saecularium
1024 3394 1199 3458 Electorum
1216 3397 1285 3460 Ses-

92 3487 206 3548 sionem
228 3487 363 3568 proxime
384 3489 424 3550 sd
442 3487 625 3551 Cathedram
641 3489 744 3572 templi
767 3491 859 3565 unde,
882 3510 937 3571 pro
958 3491 1101 3553 concione
1118 3492 1180 3554 dici
1197 3494 1284 3566 solet,

93 3583 176 3646 allud
194 3583 235 3645 ad
252 3582 313 3645 buc
334 3603 490 3646 scamnum
511 3585 686 3666 dispositum
707 3585 764 3647 fuit
779 3605 835 3667 pro
854 3595 922 3647 octo
942 3586 1009 3667 plns
1023 3586 1123 3649 minus
1138 3590 1282 3670 personis,

14 3657 18 3684 ’
93 3677 184 3740 simili
205 3699 275 3739 cnm
296 3679 498 3760 superioribus
513 3677 656 3741 sedilibus
676 3691 830 3760 apparatu,
853 3681 884 3740 in
905 3682 989 3761 cujus
1005 3684 1138 3745 secunda
1153 3684 1281 3746 statione
