3225 4700
329 329 373 394 30
716 319 1136 390 ITINERARIUM.

329 472 514 536 adminiculo
526 473 669 536 immania
676 493 748 534 saxa
761 472 938 554 quibusdum
946 473 1032 554 quasi
1040 469 1168 534 brachiis
1180 467 1327 552 prehensa
1333 467 1515 530 educuntur.

332 569 396 631 Hic
415 569 459 631 sal
471 579 630 651 antequam
643 573 741 630 obrem
754 569 845 630 sentit
861 568 1027 631 levissimus
1039 578 1094 642 est,
1109 587 1199 650 quem
1211 585 1303 627 mauu
1316 563 1380 626 sold
1391 564 1441 625 vir
1453 583 1517 624 nou
1612 567 1613 592 ¹

331 666 495 727 admodum
512 666 596 728 fortis
613 666 676 728 sine
693 666 815 747 negotio
832 666 954 741 leverat,
972 675 1008 727 ut
1024 665 1155 746 primum
1170 663 1241 724 verb
1256 670 1341 724 extra
1356 679 1519 722 cavernam

331 765 428 822 utrem
443 762 602 844 contingit,
612 771 727 823 tantum
741 760 840 823 induit
852 761 996 844 evestigio
1008 760 1134 842 pondus,
1146 768 1181 820 ut
1187 758 1239 820 vix
1252 756 1381 839 plusculi
1388 756 1518 818 levando
1611 760 1612 819 l

332 857 546 938 tractandoque
556 858 715 919 sufficiant.
748 857 828 918 Haeo
838 856 909 918 salis
919 855 1063 918 immania
1072 855 1175 928 musta,
1187 854 1219 914 iu
1232 863 1329 934 partes
1342 852 1520 914 minutiores

331 951 413 1014 serrt
428 952 586 1025 dissecant,
601 964 665 1015 tum
689 953 720 1013 iu
737 953 879 1014 mortario
897 973 951 1034 pro
965 951 1129 1013 domestico
1149 971 1207 1010 usu
1218 949 1448 1011 comminuunt:
1478 968 1520 1008 ex
1612 945 1613 1010 Ϊ

313 1079 314 1082 ¹
332 1047 415 1108 omni
424 1047 484 1110 sale
497 1048 546 1110 hie
560 1049 671 1110 dicitur
680 1049 820 1131 optimus,
829 1069 922 1129 eoque
936 1057 1060 1110 utuntur
1069 1047 1178 1122 Silesii,
1190 1045 1365 1119 Wallachae,
1376 1043 1518 1117 Bohemi,

334 1143 488 1227 Hungsri,
509 1145 673 1218 Austriaci,
702 1143 831 1220 croatie,
856 1144 988 1219 Morari,
1004 1143 1175 1218 sclavones,
1201 1140 1322 1217 Poloui,
1347 1140 1518 1216 Podulliui,
1611 1144 1612 1179 ³

331 1239 459 1321 aliasque
472 1242 586 1302 circum
599 1240 743 1302 nationes.
1237 1245 1243 1256 ‘
1611 1314 1612 1321 ἵ

372 1335 434 1397 Vix
456 1334 628 1397 Waltbarus
649 1346 750 1396 noster
770 1343 875 1416 pectus
895 1343 960 1396 erat
979 1356 1050 1397 cum
1071 1334 1177 1396 incolis
1199 1333 1259 1395 loci
1282 1332 1441 1415 pecuniam
1462 1350 1521 1411 pro

332 1431 474 1510 hybernis
494 1431 623 1492 militum
638 1430 799 1504 solvendis,
819 1451 889 1490 cum
907 1451 926 1491 e
945 1430 1170 1492 Wallensteinio
1185 1429 1250 1490 sins
1271 1428 1356 1490 mord
1374 1428 1429 1490 diu
1444 1447 1521 1488 uoc-

332 1534 425 1605 tuque
447 1526 625 1608 properandi
645 1526 807 1608 Saganum,
833 1527 956 1588 advenit
979 1526 1149 1607 imperium.
1191 1525 1248 1586 Est
1269 1525 1423 1607 Saganam
1446 1524 1520 1583 urbs

332 1621 364 1682 in
383 1622 511 1683 Lusatiae
525 1621 664 1683 confiniis
677 1622 733 1683 sita
746 1631 882 1703 spectans
895 1623 935 1683 ad
948 1622 1046 1704 ipsum
1059 1621 1329 1696 Wallensteinium,
1342 1639 1434 1700 quam
1447 1640 1520 1680 cum

333 1716 430 1779 hostes
448 1717 611 1799 impetituri
633 1717 823 1789 videbantur,
837 1717 1082 1780 Wallensteinius
1101 1717 1230 1779 fideliori
1252 1736 1344 1796 quam
1361 1716 1521 1777 Walthero

333 1812 479 1874 committi
491 1813 573 1874 hand
585 1833 670 1894 posse
684 1814 810 1895 putavit,
825 1814 952 1894 ideoque
969 1813 1014 1874 nil
1028 1821 1184 1874 cunctatus
1197 1812 1372 1873 Wultherus
1385 1812 1521 1872 Walleu·

333 1909 432 1970 steinii
447 1909 573 1970 decretis
589 1910 801 1984 obsecundare,
820 1909 960 1991 opinione
975 1909 1104 1971 hostium
1122 1909 1211 1969 citius
1228 1907 1335 1981 adfuit,
1352 1927 1460 1987 eosque
1481 1929 1521 1968 ex

333 2004 482 2085 insperato
498 2006 621 2066 adortus
642 2004 722 2066 fudit
738 2004 924 2086 fugavitque,
940 2026 977 2066 ac
993 2005 1155 2065 immanem
1174 2004 1285 2086 praedae
1300 2003 1365 2064 vim
1378 2003 1519 2078 obtinuit,

334 2120 462 2180 cumque
476 2100 539 2161 illic
552 2100 692 2161 trimestri
710 2100 889 2160 substitisset
905 2105 937 2159 in
955 2098 1133 2161 Bohemiam
1146 2109 1249 2180 postea
1261 2119 1296 2160 ac
1311 2099 1521 2180 Lymburgum

333 2195 482 2276 profectus
495 2205 549 2271 est,
565 2195 635 2256 inde
653 2193 790 2255 Pilsnam
803 2193 844 2255 ad
857 2194 1117 2256 Wallensteinium
1130 2195 1214 2269 abiit,
1229 2195 1283 2275 qui
1296 2213 1365 2256 eum
1382 2194 1423 2254 ad
1439 2194 1520 2254 obsi·

333 2290 465 2353 dendam
487 2290 620 2373 Pragam
638 2289 773 2365 abduxit,
793 2288 830 2352 ed
846 2289 972 2352 feliciter
995 2290 1178 2372 recuperati,
1201 2288 1334 2352 hostibus
1355 2290 1521 2352 inermibus

333 2388 478 2449 excedere
487 2388 589 2469 jussis,
600 2386 753 2468 sexaginta
765 2386 897 2447 millibus
906 2388 1086 2466 optimorum
1098 2386 1228 2447 militum
1241 2397 1333 2449 totam
1345 2387 1522 2449 Bohemiam

334 2483 535 2567 perpurgavit.
578 2481 639 2542 His
652 2482 695 2542 ita
707 2481 889 2563 compositis,
903 2482 1018 2564 Egram
1031 2503 1101 2544 cum
1114 2493 1182 2554 octo
1202 2482 1372 2545 cohortibus
1384 2484 1520 2564 equitum

334 2580 499 2641 destinatur
525 2577 706 2653 waltherus,
734 2578 787 2659 qui
813 2578 931 2639 irruens
951 2579 982 2639 in
1006 2578 1121 2639 hostem
1143 2598 1281 2660 maguam
1307 2580 1370 2640 illic
1390 2590 1521 2660 stragem

333 2676 440 2751 edidit,
468 2676 518 2736 cui
545 2673 702 2735 duodecim
729 2673 841 2734 vexilla
864 2674 1005 2735 militaria
1028 2674 1098 2737 forti
1125 2673 1227 2757 pugni
1253 2675 1372 2757 eripuit,
1393 2676 1521 2755 ideoque
1611 2725 1612 2748 ,

334 2770 444 2831 minum
461 2779 604 2851 quantam
624 2768 749 2850 gratiam
768 2768 1027 2830 dWalleusteinio
1043 2771 1153 2843 inierit,
1170 2770 1212 2831 ita
1227 2780 1262 2832 ut
1280 2771 1313 2831 iu
1330 2790 1521 2852 compensum
1611 2849 1612 2852 Ἴ

334 2867 506 2927 comitatum
526 2865 550 2926 J
551 2864 725 2947 egemdorff
741 2864 802 2935 und
820 2884 890 2926 cum
908 2866 1122 2947 pertinentibus
1137 2887 1191 2947 pro
1208 2866 1349 2947 hybernis
1362 2868 1424 2929 suis
1436 2886 1522 2927 acce·

334 2962 421 3043 perit.
463 2961 525 3023 ch
542 2961 616 3022 dum
630 2970 831 3021 commoratur
844 2961 957 3022 diutius
974 2962 1164 3024 matrimonio
1177 2962 1234 3024 sibi
1247 2964 1373 3025 associat
1385 2963 1522 3044 perillus·

334 3068 410 3117 trem
429 3056 592 3118 Dominam
611 3056 802 3118 comitissam
823 3057 862 3118 de
884 3056 1063 3119 Pbondaua.
1105 3057 1226 3129 Quanta
1245 3078 1333 3139 porro
1348 3058 1522 3119 waltherus

333 3162 433 3213 noster
445 3153 559 3215 Caesari
572 3153 713 3233 obsequia
727 3152 897 3235 praetiterit
912 3154 944 3213 iu
955 3154 1046 3215 variis
1059 3154 1155 3235 iisque
1168 3154 1424 3235 periculosissimis
1434 3174 1521 3215 occa-

332 3248 474 3325 sionibus,
489 3250 550 3311 dici
564 3250 615 3310 vix
629 3260 735 3331 potest,
750 3261 935 3331 exequentur
952 3259 1074 3311 ceteras
1088 3250 1191 3311 militis
1209 3250 1324 3333 egregii
1339 3250 1443 3312 laudes
1455 3250 1519 3323 alii,

333 3344 436 3425 quiex
450 3345 586 3407 instituto
600 3346 760 3407 Butlerum
774 3346 1045 3407 commendandum
1065 3350 1239 3427 suscepere:
1263 3345 1321 3407 hoc
1334 3368 1428 3408 unum
1440 3346 1522 3408 addo

333 3442 471 3503 omuibus
489 3450 556 3524 post
572 3462 626 3503 uos
644 3442 762 3504 seculis
779 3443 1018 3517 memorandum,
1035 3443 1118 3523 quod
1138 3444 1179 3503 ad
1201 3441 1398 3525 Nortliugam
1418 3463 1520 3503 coram

334 3537 530 3599 Serenissimo
544 3538 713 3621 Hungariae
732 3548 762 3599 et
776 3537 933 3599 Bohemioe
946 3538 1042 3619 Rege,
1057 3547 1089 3598 et
1104 3537 1261 3599 Cardinali
1277 3538 1398 3600 Infante
1410 3538 1522 3620 viginti

331 3643 461 3713 quatuor
475 3632 556 3696 horis
575 3634 765 3697 continentur
787 3634 852 3695 siue
876 3632 1093 3695 intermissione
1110 3624 1268 3695 fortissime
1295 3634 1446 3715 praeliatus
1468 3634 1520 3710 sit,
