3225 4700
318 316 383 383 212
706 314 1111 383 H'INERARIUM.

321 467 465 551 legatum,
490 476 655 543 caveretur,
676 466 825 549 viresqne,
845 487 915 548 ane
934 466 967 529 in
986 466 1122 549 Imperio
1141 464 1271 547 reliquae
1293 464 1412 541 forent,
1434 474 1527 527 contra
1572 403 1577 490 ¹

320 564 463 637 Turcam,
482 562 509 625 si
531 563 656 644 quando
678 562 705 625 is
727 572 834 627 contro
854 562 1111 626 Christianitutem
1130 562 1256 627 hostilia
1276 584 1371 625 arma
1392 574 1527 637 moveret,
1574 607 1579 642 ,

320 660 446 743 integrm
457 668 717 735 conservarentur,
729 659 802 723 etin
816 659 1020 723 defensionem
1033 660 1248 743 objicerentur,
1263 680 1305 721 ac
1319 659 1459 741 denique
1471 660 1527 744 glo

322 756 418 819 riosns
434 776 542 839 scopus
558 756 597 819 ab
618 756 782 819 Electoruli
799 755 940 841 collegio
960 766 992 819 et
1010 756 1280 820 Dominstionibus
1298 757 1415 819 vestris
1427 776 1528 839 propo·

321 853 396 915 situs
407 873 462 936 per
474 853 603 936 medem
615 854 754 917 ultiusimi
766 853 855 937 plene
867 854 1079 937 attingeretur.

365 950 444 1013 Haee
460 950 564 1014 omnia
575 951 846 1033 (quemadmodum
858 950 1073 1029 nulladnbito)
1086 948 1328 1013 Dominationes
1347 955 1466 1011 vestros
1482 970 1526 1012 no·

322 1046 404 1111 mine
426 1068 550 1111 suorum
574 1046 796 1131 Principalium
820 1066 939 1111 summa
958 1067 1030 1111 cnm
1049 1047 1209 1131 ditigeuuu
1228 1047 1266 1108 in
1291 1046 1356 1109 boc
1382 1058 1524 1110 conventu

322 1154 422 1209 restro
434 1155 600 1222 curetur-us,
611 1147 655 1209 ita
665 1164 812 1222 moure,
823 1164 880 1209 nos
887 1144 1041 1208 modicum
1050 1153 1188 1207 nostrum
1197 1145 1289 1227 qnod
1298 1144 1335 1206 in
1346 1142 1438 1206 nobis
1445 1155 1490 1206 est
1500 1145 1526 1205 in
1580 1145 1582 1216 t

318 1232 395 1303 'enm
407 1262 527 1325 quoqne
540 1241 633 1305 finem
645 1242 773 1305 libenter
787 1242 975 1316 collaturam,
992 1260 1029 1303 nc
1041 1242 1133 1323 juxte
1144 1242 1240 1323 petita
1261 1250 1379 1314 vestre,
1393 1240 1449 1322 qni
1460 1261 1523 1303 oon·

323 1340 492 1422 gregationi
503 1348 609 1402 vestrm
620 1338 759 1403 intersint
771 1340 875 1420 (modo
887 1338 1002 1403 litterus
1013 1336 1183 1401 wenritatis
1199 1336 1396 1401 necessarias
1415 1358 1469 1421 pro
1487 1338 1526 1398 itu

324 1445 356 1497 et
369 1436 468 1499 reditu
480 1436 676 1515 obtinuerint)
687 1437 727 1499 de
744 1436 924 1519 legaturum,
941 1434 996 1517 qui
1008 1435 1100 1517 juxte
1118 1440 1253 1497 mentem
1276 1441 1418 1495 nostram
1437 1432 1479 1494 ita
1497 1452 1525 1493 se

323 1532 457 1595 habituri
467 1533 538 1611 sint,
552 1542 587 1597 ut
597 1553 635 1597 ex
647 1552 785 1597 sermone
797 1533 931 1617 ipsorum
945 1532 1117 1595 Germanus
1129 1540 1233 1593 noster
1243 1539 1279 1591 et
1291 1530 1336 1593 ud
1345 1548 1454 1612 pacem
1463 1550 1525 1612 pro

325 1648 435 1712 pensus
448 1629 567 1693 unimus
577 1630 717 1693 omnibns
729 1630 850 1693 abunde
862 1627 996 1712 patefiat.

367 1725 540 1789 Poterimus
553 1727 599 1807 (ni
610 1726 710 1805 fallor)
723 1748 854 1810 quoqne,
866 1735 996 1799 tantum,
1009 1725 1092 1807 apud
1104 1732 1222 1787 exteros
1234 1724 1411 1787 etiamnum
1421 1724 1453 1785 in
1465 1723 1527 1785 lm·

324 1821 410 1903 perio
422 1830 453 1883 et
465 1830 572 1885 contra
585 1822 781 1887 Germaniam
794 1824 959 1888 militantes
972 1822 1143 1905 Principes,
1155 1820 1359 1902 (quibuscum
1378 1820 1523 1883 Dominus

325 1916 448 2001 conjux
460 1928 561 1983 noster
571 1920 765 2002 pientissimus
778 1920 932 1983 memorie
945 1921 978 1983 in
992 1919 1133 1984 comitiis
1147 1918 1363 1999 Lipsiensibus
1382 1918 1421 1979 ab
1441 1917 1523 1979 Eloc-

324 2010 437 2075 toribus
449 2010 576 2094 aliisque
590 2012 676 2075 Sacri
689 2013 821 2076 Romani
834 2013 961 2097 Imperii
974 2012 1170 2097 Principibus
1181 2024 1214 2076 et
1225 2014 1360 2077 antibus
1373 2016 1465 2077 Anno
1475 2014 1518 2075 M.

327 2106 399 2171 Do.
404 2106 533 2171 XXXI.
546 2108 714 2184 celebratis,
727 2129 782 2191 pro
794 2109 931 2173 libertate
943 2110 1070 2191 Imperii
1083 2112 1197 2175 tuenda
1208 2121 1244 2173 et
1263 2114 1482 2189 conservande,
1494 2134 1523 2175 se
1582 2121 1583 2162 l

328 2205 486 2288 obligarit,
500 2214 531 2269 et
546 2205 607 2269 huc
626 2226 720 2288 usqne
739 2206 760 2269 l
778 2207 867 2269 nobis
885 2206 978 2269 etism
996 2217 1169 2272 constanter
1179 2220 1410 2291 perseveratum
1422 2220 1476 2286 est,
1487 2212 1521 2274 ob

327 2321 434 2385 graves
447 2301 667 2386 persecutiones
679 2322 754 2385 quus
765 2323 821 2366 nos
833 2322 919 2386 aeque
928 2321 965 2365 ac
974 2303 1103 2368 dilectus
1115 2303 1197 2369 filim
1206 2316 1314 2371 noster
1326 2308 1520 2384 immerentes,
1583 2366 1584 2401 ,

329 2409 364 2462 ut
382 2399 614 2466 Dominationss
626 2409 733 2462 vestrm
746 2400 882 2484 ipsosmet
892 2410 1013 2478 norunt,
1027 2401 1106 2484 parsi
1119 2423 1234 2481 sumus,
1252 2405 1299 2468 ite
1309 2415 1346 2470 nt
1357 2427 1420 2484 nec,
1429 2405 1520 2468 edbuc
1583 2412 1584 2459 i

327 2497 346 2559 d
359 2496 613 2562 confederatione
625 2517 730 2560 eornm
742 2499 900 2562 commode
912 2497 1053 2562 recedere
1069 2499 1231 2583 possimus)
1243 2512 1282 2565 nt
1295 2523 1348 2565 eos
1361 2503 1435 2566 illuc
1446 2522 1518 2563 oom-

328 2593 426 2656 nrodis
439 2593 605 2658 rationibus
617 2594 804 2658 adducemus
818 2605 853 2658 ut
864 2615 971 2678 pacem
983 2595 1084 2676 potius
1095 2594 1231 2678 Imperio
1244 2599 1418 2681 proficuam
1435 2619 1517 2680 ᾳιιιι

328 2690 369 2753 ed
381 2689 537 2754 ulteriores
550 2691 651 2754 turbas
664 2692 795 2754 externis
808 2691 1004 2774 Principibus
1013 2692 1189 2769 movendas,
1198 2713 1288 2758 arma
1299 2696 1519 2778 amplectantur,

329 2807 399 2848 enm
413 2786 471 2868 ipsi
484 2797 569 2850 extre
578 2787 811 2850 controversiam
821 2787 943 2871 pseilici
955 2787 1115 2872 Principes
1124 2789 1185 2853 sint
1197 2801 1229 2854 et
1237 2791 1346 2856 baberi
1357 2792 1517 2868 velintnec

330 2883 414 2948 uliud
427 2883 608 2962 desiderent,
622 2903 712 2964 quam
726 2893 761 2947 ut
772 2884 870 2949 cuivis
882 2905 938 2967 pro
950 2904 1038 2967 usquo
1050 2896 1082 2950 et
1093 2889 1173 2950 bono
1184 2888 1325 2952 sudam

348 2981 465 3058 ,Quod
488 2978 755 3045 Domiuetionibns
778 2982 887 3047 restris
907 2983 975 3045 loco
995 2984 1132 3066 responsi
1158 2984 1258 3048 celare
1282 2985 1379 3058 nolui,
1405 2999 1513 3062 unoque

329 3097 434 3140 omnes
448 3077 509 3140 Dei
522 3076 701 3159 protectioni
713 3079 902 3142 commendo.
947 3077 1087 3143 Cnssellis
1103 3082 1151 3144 14.
1165 3081 1276 3146 Martii
1286 3084 1382 3147 Anno
1398 3080 1478 3143 1640.

738 3176 847 3238 Vestris
861 3177 1118 3238 Domiaotioaibar
1130 3179 1343 3242 Addietisa'rao

1094 3275 1224 3338 Auum
1238 3277 1443 3340 nmmum

373 3363 475 3436 Quom
484 3365 578 3448 igitur
588 3385 694 3448 paoem
706 3366 901 3451 landgravio
910 3367 1031 3434 Hussiae
1041 3371 1120 3434 inire
1130 3373 1269 3449 voluerit,
1279 3373 1328 3436 bre
1340 3368 1511 3454 ejusrioere

331 3462 404 3524 sutis
417 3462 558 3526 innuunt.
594 3463 718 3528 Interea
729 3467 903 3528 servabatur
922 3467 1101 3532 inviolatum
1120 3469 1314 3534 armistitinm
1333 3469 1410 3530 inter
1421 3463 1512 3526 coe·

331 3579 437 3624 roanos
450 3569 481 3622 et
494 3557 609 3624 Hessos
622 3581 675 3643 per
687 3560 913 3645 Westpbalium.
