3225 4700
334 327 397 390 236
731 320 752 387 1
760 317 1042 386 TINERARI
1049 318 1135 385 UM.

336 473 493 556 perialium
506 474 622 535 urbium
638 472 779 555 delegati,
792 490 828 531 ac
841 471 919 533 iuter
930 470 984 533 bos
996 471 1149 533 variorum
1162 470 1307 553 Regum
1322 488 1366 531 ac
1384 467 1554 550 Principum

335 572 368 633 in
385 569 582 651 Imperatoria
599 568 668 630 aula
685 567 806 629 stabiles
819 568 971 641 Oratores,
990 587 1043 629 seu
1060 568 1209 649 Agentes,
1234 576 1301 627 aut
1316 565 1554 626 Procuratores:

337 687 413 748 quos
426 665 614 747 excipiebant
627 664 703 725 varii
720 663 857 736 Praelati,
871 661 1006 725 Comites
1016 652 1054 726 aa
1069 663 1210 737 Domini,
1233 670 1272 724 et
1293 682 1377 723 cum
1397 661 1450 723 bis
1464 663 1554 722 abssu

337 764 413 823 tium
434 762 591 843 Deputati‚
611 772 645 821 ut
662 770 692 821 et
711 759 817 842 Legati
834 767 895 821 tam
916 758 1194 821 Ecclesiastiaorum
1219 779 1334 840 quam
1360 758 1556 819 Seculariuu

339 858 464 939 lmperii
478 857 669 938 Principum,
685 856 755 917 Sue
769 874 889 935 quoque
903 854 1056 937 Majeatati
1076 856 1251 917 bSecretia
1273 865 1311 918 et
1332 854 1468 919 Aulicis
1485 855 1554 917 Con·

336 952 421 1028 siliis,
437 952 584 1015 Officiarii
597 953 670 1013 item
688 962 718 1013 et
731 950 919 1014 Cubicularii
937 972 1007 1014 cum
1020 952 1140 1034 eopiosa
1156 953 1260 1014 variae
1279 952 1479 1015 Nobilitatis
1490 950 1555 1011 mul·

336 1049 475 1125 titudine,
490 1050 602 1129 absque
611 1048 694 1110 omni
706 1060 843 1129 respectu
853 1047 968 1109 ordinis
977 1058 1008 1109 et
1020 1068 1230 1129 personarum.
1275 1049 1416 1111 Horum
1426 1049 1552 1109 omniun

336 1147 463 1230 vestigia
474 1148 649 1229 premebant
660 1145 879 1208 caduceatores
892 1154 962 1219 tres,
983 1145 1179 1228 Hungaricua
1191 1145 1362 1206 videlicet
1376 1143 1554 1207 Bobemicus

336 1251 366 1305 et
386 1244 572 1315 Austriaeus,
591 1263 646 1304 suo
663 1241 789 1322 quisque
805 1243 897 1323 juata
916 1241 1048 1303 officium
1065 1260 1102 1303 ac
1119 1241 1286 1303 nationem
1306 1242 1437 1315 habitu,
1457 1242 1551 1321 siugu-

335 1340 417 1421 lique
434 1339 535 1400 album
552 1338 658 1398 dextra
679 1338 803 1399 cadumi
825 1337 891 1399 loeo
908 1337 1106 1419 preferebant
1129 1338 1299 1399 bacillum.
1350 1338 1419 1399 His
1438 1338 1457 1399 d
1476 1348 1552 1416 tergo

336 1436 467 1497 instabat
481 1432 706 1495 Illustrissimus
720 1432 868 1513 Princeps
884 1443 915 1494 et
928 1433 1068 1495 Marcbio
1082 1434 1238 1495 Badensis
1255 1434 1459 1509 Gulielmm,
1474 1434 1549 1513 cujus

337 1533 487 1611 utrimque
499 1528 593 1591 latera
604 1529 731 1612 stipabat
745 1550 799 1611 par
811 1529 925 1591 illustre
935 1530 1062 1592 fratrum
1075 1551 1113 1592 ex
1127 1529 1359 1593 Illustriaaimo
1375 1530 1550 1611 Principum

337 1626 581 1689 Anboldinorum
604 1625 749 1707 sangume
770 1625 950 1702 oriundum3
980 1625 1131 1688 Amatbeo
1149 1628 1294 1689 Ernesto
1319 1628 1428 1709 primo
1448 1646 1546 1687 nomeu

336 1734 400 1785 erat
413 1722 498 1784 alteri
514 1722 700 1784 Liebwerdo.
742 1722 898 1783 Pastillos
911 1722 996 1784 ibant
1013 1722 1106 1784 trium
1124 1723 1417 1785 serenissimorum
1434 1722 1547 1783 Princi-

335 1838 408 1899 pum
422 1838 458 1879 aa
477 1816 674 1880 Seoulnrium
689 1816 863 1879 Electorum
884 1839 920 1880 ae
939 1818 1063 1881 Ducum
1081 1820 1224 1881 Bavarise
1239 1820 1381 1894 scilicet,
1399 1818 1541 1890 saxonie,

335 1924 365 1976 et
384 1915 665 1998 Braudeburgensis
684 1914 790 1997 Legati
808 1915 1000 1997 principales,
1019 1924 1120 1998 utpote
1140 1915 1208 1977 loco
1230 1902 1363 1977 Bavari
1382 1916 1495 1978 Comes
1510 1914 1543 1974 de

339 2011 493 2095 Ddringb,
508 2012 630 2073 nomine
645 2011 773 2073 Saxonis
787 2012 960 2075 Fridericua
974 2012 1095 2075 Metscb
1105 2014 1136 2074 iu
1152 2012 1384 2095 Ringenbacb,
1402 2012 1467 2074 vioe
1480 2030 1542 2070 vero

337 2107 601 2189 Brandenburgioi
613 2108 636 2169 J
638 2128 748 2169 oannes
763 2108 935 2169 Friderieua
948 2109 987 2170 de
1007 2109 1128 2172 quen.
1171 2108 1335 2171 Ordinem
1349 2109 1466 2171 debinc
1478 2128 1540 2168 eon·

336 2204 494 2266 tinuabaut
513 2204 574 2265 duo
593 2202 718 2284 Imperii
737 2201 959 2264 caduceatores
976 2204 1009 2265 in
1026 2224 1082 2265 suo
1098 2215 1227 2285 uterque
1243 2226 1306 2286 pro
1320 2205 1419 2267 offleii
1432 2204 1537 2266 ratione

335 2298 450 2376 babitu,
465 2319 567 2362 corum
579 2318 650 2361 vero
660 2298 794 2381 vestigiis
805 2297 959 2361 insistebat
973 2299 1193 2364 Hereditarius
1204 2302 1346 2384 Imperii
1359 2297 1539 2364 Maresebal·

335 2397 382 2459 lus
392 2397 511 2478 Gaspar
521 2395 707 2458 Godel'ridus
715 2394 953 2478 a-Pappeubeim
962 2397 1078 2458 nudum
1089 2398 1202 2460 Cesari
1212 2399 1388 2480 praeterens
1395 2397 1533 2480 gladium,

336 2493 464 2575 quadiu
478 2493 605 2575 publicis
622 2492 684 2554 fere
699 2492 895 2554 conventibus
908 2495 1107 2555 communiter
1123 2495 1191 2557 deri
1204 2496 1332 2559 assolet.
1375 2495 1464 2556 Tunc
1477 2503 1535 2554 tau·

337 2590 405 2650 dem
428 2608 482 2670 pro
506 2589 666 2670 Majestate
688 2587 844 2670 Imperiali
863 2590 1043 2670 procedebat
1062 2591 1275 2654 Romanorum
1296 2591 1532 2676 Angustissimut

336 2685 438 2748 (teser
457 2683 535 2747 latus
555 2705 609 2766 pro
625 2685 842 2746 consuetudine
858 2686 999 2768 cingebat
1015 2685 1158 2758 Quardiae
1176 2689 1358 2771 Imperialis
1373 2686 1532 2749 Praefeetus

334 2782 444 2844 Comes
454 2781 550 2842 Iesle.
581 2780 731 2843 Cesaram
743 2781 762 2842 b
772 2791 856 2865 tergo
866 2782 961 2844 secuti
974 2794 1045 2844 suut
1059 2782 1203 2846 Primarii
1213 2783 1529 2847 Eminentisaimorum

336 2880 509 2941 Electorum
537 2877 818 2940 Ecclesiastiaorum
846 2878 952 2961 Legati
983 2879 1105 2941 nomine
1136 2882 1263 2962 quidem
1292 2873 1527 2943 Emiueudssini

335 2975 488 3058 Principis
517 2972 662 3036 Electoris
687 2972 875 3057 Magantini‚
901 2973 997 3058 Hugo
1023 2976 1216 3039 Eberhardus
1240 2979 1338 3041 Grata
1361 2977 1469 3039 Comes
1490 2969 1524 3028 de

336 3069 587 3152 Scharpfenstein,
608 3089 734 3131 summe
754 3069 828 3130 sedis
845 3070 1038 3153 Moguutine
1056 3072 1175 3147 Custos,
1189 3075 1346 3156 juxtaque
1364 3074 1462 3153 ipsum
1477 3084 1523 3125 πο·

334 3165 415 3227 mine
429 3165 668 3240 Eminentissimi
682 3165 837 3248 Principis
851 3167 999 3229 Electoris
1011 3168 1198 3232 coloniensis
1216 3171 1375 3232 Dominus
1393 3159 1520 3229 Bertbol·

334 3263 390 3324 dus
403 3261 513 3324 Comes
530 3263 569 3324 de
589 3261 800 3345 Kdniugsecla,
816 3262 1057 3346 Metropolitanus
1071 3267 1216 3330 Ecclesiae
1233 3263 1426 3332 coloniensis
1439 3257 1520 3319 δώο-

332 3357 463 3419 lasticus.
485 3359 597 3435 (loom
608 3359 847 3421 Eminentissimi
856 3360 1010 3443 Principis
1021 3363 1168 3426 Electoris
1177 3360 1368 3427 Trevirensis
1376 3352 1516 3424 ramim)

334 3453 397 3516 Hic
416 3453 448 3515 iu
467 3454 603 3516 ordinem
624 3456 743 3518 subibat
761 3456 963 3520 Serenissimoe
981 3461 1152 3524 Austriaeae
1173 3462 1283 3525 domus
1304 3459 1442 3539 legum,
1457 3448 1516 3509 Di*

332 3551 432 3613 minus
453 3550 603 3633 aarum
616 3552 764 3614 scissus
783 3553 893 3615 coma
909 3554 948 3616 us
967 3557 1151 3635 mussan,
1166 3570 1197 3622 es
1215 3557 1338 3620 nomine
1352 3541 1511 3624 moueri·

330 3659 453 3731 copatus
468 3647 713 3730 salisburgensis,
730 3649 882 3713 Dominus
896 3651 919 3714 J
921 3673 1032 3716 munes
1045 3654 1247 3718 'l'beodoricus
1263 3656 1346 3717 Baro
1359 3648 1396 3710 de
1411 3636 1511 3704 Mucb·
