3225 4700
491 310 895 381 ITINERARIUM.
1247 320 1289 388 69

87 464 251 529 Gallnssas
259 465 392 529 retinuit.
418 464 529 528 Nostra
539 476 610 529 tunc
623 466 716 551 legio
725 486 796 529 cum
804 466 948 529 Generali
957 466 1107 531 Praelecto
1115 466 1288 551 vigiliarum

87 562 243 645 Wangler
254 563 288 625 in
300 562 436 643 hyberna
450 562 534 639 abiit,
549 572 631 625 recta
645 563 740 646 igitur
753 563 1026 626 Bockenbeimium
1039 565 1203 627 direximus
1220 565 1288 635 iter,

88 658 177 738 quod
193 677 256 720 non
272 658 315 719 ita
328 658 447 740 pridem
464 657 547 721 Duci
563 658 766 742 lotharingie
779 659 799 720 b
812 659 951 735 Caesarei
963 662 1084 723 camard
1102 661 1209 743 Spirae,
1223 670 1291 742 post

89 754 216 837 longam
238 763 342 816 contre
361 753 542 817 Nassovium
562 754 818 835 disceptationem,
838 776 909 817 cum
927 756 1038 839 viginti
1058 765 1187 837 quatuor
1204 758 1291 840 pagis

90 848 282 931 migratum
300 848 408 925 fuerat,
426 851 499 912 dein
516 870 570 932 per
587 850 740 913 Sarbruck
757 852 960 925 transivimus,
976 861 1021 915 est
1039 874 1076 915 ea
1094 854 1200 917 civitas
1219 854 1290 915 satis

91 944 195 1026 ampla
203 945 237 1006 in
246 945 346 1009 medio
356 944 440 1007 Sarte
448 946 618 1021 constituta,
629 946 796 1027 visiturque
805 948 838 1007 in
851 948 888 1009 eb
896 968 950 1011 arx
958 949 1120 1031 magnifice
1130 959 1288 1024 exstructa,

91 1040 288 1103 conchvibus
300 1052 331 1103 et
343 1041 421 1104 aulis
433 1042 562 1123 egregiis
574 1042 708 1104 visenda
751 1042 853 1103 Incidi
866 1031 915 1105 bro
928 1044 961 1105 in
972 1044 1115 1107 Nobilem
1127 1046 1290 1107 Dominam

93 1136 286 1199 Marclrionis
300 1136 496 1201 Durlaceusis
511 1137 633 1213 Filiam,
649 1137 781 1199 Mariam
797 1137 1014 1217 Elimbetbm,
1028 1140 1143 1203 Comiti
1159 1140 1291 1203 Nassou-

91 1232 170 1293 iemi
182 1242 256 1295 tnnc
270 1242 404 1315 nuptam,
419 1252 488 1313 qnoe
501 1232 707 1295 dbsertissime
721 1233 856 1317 linguam
870 1234 1011 1298 latinam
1022 1236 1210 1317 loquebatur,
1224 1236 1292 1318 pbi-

92 1331 317 1415 losopbiciaque
330 1332 422 1395 etiam
434 1331 601 1413 disciplinis
613 1332 768 1393 commode
781 1332 900 1395 exculta
912 1342 986 1409 erat,
999 1353 1103 1395 uersus
1113 1333 1184 1394 item
1197 1332 1291 1394 artili-

92 1426 283 1491 ciosirsime
274 1448 307 1489 ιιι
320 1438 448 1491 metrum
462 1428 636 1510 stringebat,
649 1427 745 1489 multi
757 1428 889 1489 militnm
901 1440 1069 1492 nostrorum
1082 1429 1292 1491 admiratione

95 1522 218 1585 Hinc
208 1546 241 1586 ιιι
266 1524 486 1608 Walderfangk
510 1524 528 1585 l
553 1524 683 1588 Gallis
673 1544 820 1587 msessnm
842 1526 994 1608 progressi
1011 1546 1124 1602 sumus,
1146 1525 1165 1587 b
1184 1526 1293 1608 quibus

93 1621 243 1701 oppidum
255 1620 342 1683 nobie
355 1621 434 1683 tradi
446 1620 672 1702 postulavimus,
685 1620 739 1702 qui
752 1640 824 1683 cum
835 1630 995 1683 renuerent
1005 1623 1039 1683 ri
1052 1623 1197 1705 cepimus,
1211 1623 1292 1686 etad

92 1736 192 1785 unum
201 1736 306 1779 ornnes
315 1716 346 1777 in
356 1716 665 1798 praedicassem
678 1716 887 1779 mactavimus.
915 1716 986 1777 Hoc
995 1718 1140 1798 oppidum
1150 1717 1293 1797 hybernis

94 1812 209 1873 nostris
224 1813 442 1895 assignabatnr,
457 1832 527 1874 cum
541 1814 612 1875 verb
628 1813 662 1875 id
677 1813 829 1875 abnuisset
842 1811 1016 1875 colonellas
1028 1821 1127 1873 noster
1142 1812 1181 1873 ob
1194 1812 1294 1875 victus

94 1909 242 1989 inopiam,
263 1918 353 1990 atque
378 1908 418 1970 ad
443 1908 616 1971 Gallnssum
638 1909 851 1991 indignitatem
877 1906 922 1970 rei
944 1908 1108 1984 detulisset,
1129 1908 1168 1968 ab
1188 1909 1294 1971 eodem

94 2004 293 2067 nihilominus
298 2006 401 2087 jussus
414 2014 459 2067 est
467 2004 577 2067 iterum
589 2004 688 2066 locum
699 2004 786 2067 illum
798 2013 962 2087 acceptare.
991 2004 1062 2067 Hoc
1074 2023 1155 2065 anno
1167 2014 1293 2065 exeunte

93 2120 134 2161 ex
144 2100 366 2163 Polonibnobis
373 2101 622 2183 suppetioemissts
630 2109 774 2163 suntocto
782 2100 879 2163 millia
885 2101 1016 2163 militum
1023 2099 1294 2175 selectisaimorum,

96 2215 230 2278 quornm
250 2197 362 2259 vexilla
380 2198 460 2259 hanc
484 2198 681 2280 praeferebant
701 2196 897 2280 Epigrspben
921 2198 999 2260 Avis
1020 2196 1136 2279 Aquilo
1157 2198 1292 2281 grandis,

97 2292 329 2376 magnosbostes
339 2294 433 2377 pellit.
462 2293 597 2368 Quilibet
605 2294 737 2357 militnm
746 2313 850 2356 eorum
857 2292 973 2377 duplici
982 2294 1152 2356 armabatur
1160 2294 1293 2370 aristaee,

97 2389 193 2452 altero
206 2391 246 2453 ad
255 2391 334 2453 latus
346 2391 512 2474 proprium,
521 2390 615 2453 altero
625 2390 665 2452 od
674 2391 744 2472 equi
754 2389 928 2472 eplrippium
938 2389 1072 2474 alligato
1094 2391 1211 2452 Eodem
1218 2400 1294 2452 tem·

99 2507 172 2567 pore
186 2486 226 2548 od
238 2507 294 2548 nos
307 2487 503 2570 perscriptum
517 2498 562 2549 est
578 2487 617 2549 de
631 2487 815 2548 dissensione
830 2489 909 2548 inter
922 2486 1039 2562 Gallos,
1054 2487 1174 2562 Scotos,
1184 2496 1216 2548 et
1228 2487 1295 2548 An·

99 2582 168 2666 glos
184 2593 287 2646 exorta
299 2584 330 2646 in
346 2583 521 2646 Hollandiae
534 2582 767 2664 partibus,sicut
780 2584 862 2645 etde
874 2582 1026 2646 luculenti
1040 2583 1198 2646 Gallorum
1211 2583 1297 2646 clade

98 2679 170 2740 istic
183 2678 314 2762 accepti.
356 2680 449 2754 Quod
463 2681 535 2743 item
550 2677 748 2741 Dbnlrirkani
762 2679 874 2762 viginti
888 2699 980 2762 supra
992 2680 1137 2742 ducentos
1151 2698 1242 2742 nares
1256 2681 1296 2742 ab

100 2775 267 2838 Hollondis
287 2777 495 2839 obtinuissent.
538 2776 659 2838 Ducem
680 2776 752 2838 item
770 2776 981 2838 Roannensem
1000 2776 1095 2858 Regis
1112 2775 1223 2838 Galliae
1243 2796 1298 2858 per

101 2872 225 2934 Italiam
239 2871 473 2946 Maresclrallum
481 2893 545 2934 rem
558 2871 686 2934 infausti
694 2881 800 2934 contre
811 2871 964 2954 Hispanos
971 2873 1106 2956 gessisse,
1115 2881 1146 2933 et
1156 2873 1217 2934 und
1226 2893 1297 2934 cum

99 2968 214 3032 eximio
233 2969 364 3032 exercitu
378 2969 533 3030 Ducatum
546 2967 742 3032 Parmensem
755 2969 773 3029 b
786 2968 925 3030 manibus
939 2968 1066 3032 Gallicis
1083 2968 1233 3030 dimittere
1247 2989 1297 3030 oo·

98 3074 202 3127 actum
215 3083 288 3126 esse.
321 3064 481 3126 Postremo
495 3063 672 3126 Decembris
685 3063 735 3126 die
744 3063 1057 3126 Viae-Marescballus
1066 3064 1225 3142 Coloredo,
1235 3066 1298 3128 und

99 3183 173 3224 cnm
187 3161 298 3242 Mercy
311 3169 341 3222 et
354 3160 546 3243 Passampier
557 3161 598 3222 ad
611 3160 879 3243 Luxenburgensee
891 3160 997 3237 movit,
1010 3181 1047 3222 eo
1062 3162 1142 3242 quod
1155 3161 1297 3225 Wimari·

99 3259 182 3320 ensis
197 3258 272 3320 Dux
287 3257 462 3319 Bemardns
476 3257 663 3337 nescioquas
676 3257 777 3318 turbas
791 3256 893 3318 cieret.

304 3418 484 3478 Adducam
501 3416 613 3478 Olrtrrt
627 3417 755 3478 M.D0.
763 3416 857 3476 XXX
863 3416 916 3477 VI.
931 3418 1093 3498 inpressas.

142 3565 274 3626 Ineunte
286 3582 366 3625 anno
378 3581 469 3644 supra
481 3559 772 3644 sesquimillesimum
786 3561 949 3624 centesimo
962 3563 1117 3647 trigesimo
1129 3574 1223 3638 sexto,
1234 3564 1301 3636 dux⁸

101 3671 204 3740 noster
216 3659 350 3724 extremi
363 3677 481 3741 pressus
493 3657 606 3740 inopib,
619 3677 738 3720 omnem
752 3658 908 3742 indagavit
919 3659 1000 3723 riam
1013 3680 1044 3722 se
1056 3659 1075 3720 b
1086 3659 1201 3742 duplici
1214 3658 1298 3722 hoste
