3225 4700
500 320 522 385 1
530 319 905 388 TINERARIUM.
1222 326 1285 396 24⁷

91 469 266 552 guttittims
278 489 332 531 sua
345 469 491 552 Majestas
504 482 588 534 curet
600 473 782 555 interpositis
800 473 890 535 etiam
907 473 1171 553 sumptuosissimis
1187 474 1284 560 Iege-

91 565 244 642 tionibus3
274 586 365 646 quam
385 586 445 647 qua
465 569 578 631 ratione
599 571 707 652 cuique
729 571 761 631 in
782 570 928 631 altissima
947 589 1021 652 pace
1040 570 1085 631 fas
1104 591 1284 654 aequumque

89 663 231 724 distribui
244 683 279 726 ac
293 663 469 746 dispensari,
490 667 593 746 possit,
613 687 774 748 omnesque
791 666 913 728 hostiles
933 666 1099 728 inimicitie
1117 678 1147 729 et
1160 668 1285 750 iniquis·

90 759 170 822 sima
187 760 323 842 tyrannis
340 780 402 841 qua
421 761 588 824 Germania
602 763 783 844 opprimitur
800 763 932 825 amoveri
945 764 983 824 ab
1003 763 1135 845 Imperio
1151 767 1284 846 possint3

91 856 124 918 in
146 877 208 938 quo
227 858 351 938 quidem
368 859 489 942 negotio
506 879 545 920 ne
563 859 715 922 tantillum
732 859 934 922 desideratum
955 859 1046 921 fuerit
1063 879 1100 921 ex
1118 871 1202 941 purte
1221 883 1284 927 sure

92 953 272 1034 Msjestatis,
288 955 370 1035 qnod
383 955 424 1017 ad
437 975 558 1018 anrmm
572 975 676 1038 pacem
689 956 840 1038 longeque
852 955 1069 1035 optatissimam
1086 957 1285 1036 tranquillita-

93 1061 156 1113 tem
170 1051 360 1113 conduceret.

134 1147 206 1209 Hoc
223 1167 313 1228 quem
331 1148 496 1210 admodum
514 1149 646 1211 universi
664 1149 719 1230 qni
737 1148 768 1208 in
786 1148 844 1209 hoc
864 1147 1079 1228 spectatissimo
1097 1146 1285 1223 Electornm,

95 1243 289 1325 Principum,
305 1243 455 1321 Statuum,
472 1254 502 1306 et
515 1245 697 1307 Absentiam
708 1242 957 1307 consiliariorum
971 1262 1007 1303 uc
1021 1243 1202 1326 legatorum
1215 1264 1288 1306 con-

88 1359 174 1402 sessu
186 1360 303 1402 summo
317 1362 387 1404 curn
401 1343 494 1404 animi
507 1343 553 1404 sui
564 1342 669 1404 solatio
683 1350 794 1413 notant,
809 1339 902 1402 Suam
913 1338 1081 1401 Caesaream
1094 1339 1285 1421 Majestatem

89 1438 131 1500 de
152 1447 284 1519 tempore
303 1439 334 1500 in
354 1447 470 1521 tempus
488 1441 519 1500 in
539 1439 570 1500 id
589 1438 752 1512 collimare,
771 1456 832 1518 qua
849 1436 963 1498 ratione
981 1436 1098 1499 sublato
1115 1447 1240 1500 cruento
1257 1448 1289 1501 et

91 1535 197 1596 omnia
209 1545 405 1598 consumente
422 1535 500 1598 bello
514 1555 619 1598 seonrs
632 1555 691 1616 pax
708 1533 834 1607 restitui,
852 1531 946 1613 possit
966 1532 1093 1594 Sacrum
1113 1534 1287 1597 Romanum

92 1631 261 1712 Imperium
281 1632 321 1693 ad
341 1633 473 1714 quietem
488 1633 603 1707 reduci,
625 1651 661 1694 ac
678 1631 744 1713 ejus
762 1639 855 1692 status
870 1637 902 1693 et
921 1629 1045 1704 subditi,
1063 1650 1133 1691 cnm
1153 1630 1287 1713 pauxillo

90 1723 213 1804 quode
233 1734 276 1786 tot
296 1725 441 1788 bellorum
461 1736 491 1788 et
514 1733 649 1786 motuum
675 1723 894 1786 calamitatibus
917 1724 1068 1805 reliquum
1090 1725 1158 1802 fuit,
1184 1748 1287 1790 secure

90 1821 281 1895 commorari,
309 1830 340 1883 et
366 1822 666 1902 quantulumcunque
692 1820 750 1882 hoc
773 1819 874 1900 quiete
898 1819 1049 1902 possidere
1071 1821 1205 1901 possint3
1238 1823 1288 1883 Ita

92 1916 264 1978 Praesentes
276 1937 380 1979 omnes
394 1917 557 1992 Electores,
571 1916 742 1997 Principes,
756 1916 868 1991 Status,
878 1916 1105 1997 absentiumque
1115 1916 1288 1978 Consiliarii

91 2023 125 2074 et
146 2013 262 2096 Legati,
282 2034 338 2095 pro
354 2022 416 2076 mm
436 2013 552 2094 prolixa
571 2033 644 2074 cura
661 2021 692 2074 et
710 2021 836 2092 paterna
854 2011 1058 2074 sollicitudine
1077 2012 1287 2076 demississimo

90 2108 208 2171 affectu
223 2109 404 2174 immortales
425 2131 487 2173 snoe
507 2109 664 2193 Majsstati
684 2108 795 2171 habent
810 2109 934 2192 gratias,
950 2118 1113 2191 optantque
1127 2111 1146 2172 b
1159 2110 1229 2172 Deo
1241 2097 1288 2172 ¹ter

93 2204 212 2286 optimo
233 2215 336 2287 terque
351 2207 483 2270 maximo
499 2217 563 2270 tota
579 2207 679 2269 cordis
699 2206 882 2282 extensione,
903 2209 973 2284 (nec
990 2206 1131 2269 dubitant
1148 2207 1287 2269 divinam

92 2301 269 2375 bonitatem,
282 2323 367 2367 suam
381 2303 549 2367 Cesaream
566 2303 757 2385 Mnjestatem
777 2302 900 2384 ejusque
917 2302 1087 2367 institutum
1106 2303 1289 2385 amplissima

91 2400 134 2461 de
154 2400 230 2463 eoelo
249 2401 458 2463 benedictione
476 2402 694 2483 promoturum)
720 2408 754 2461 nt
770 2398 879 2461 horum
899 2400 1088 2461 comitiorum
1110 2401 1289 2463 consultatio

92 2496 160 2557 siue
186 2496 287 2561 fructu
316 2517 375 2559 non
402 2496 546 2559 elabatur.
594 2496 792 2577 Offeruntque
812 2496 852 2557 ad
872 2495 930 2557 boc
950 2496 1162 2559 demississima
1179 2498 1289 2560 mentis

90 2592 295 2669 contentione,
320 2593 451 2655 consiliis
473 2592 662 2674 auxiliisque,
684 2613 738 2673 pro
759 2601 892 2653 extremo
913 2612 1010 2674 posse,
1033 2612 1095 2655 snae
1117 2594 1288 2677 Majestatis

92 2689 279 2773 propositum
293 2690 336 2753 ita
349 2692 398 2772 adj
404 2710 503 2766 urere,
519 2699 553 2752 ut
566 2691 606 2752 ad
620 2700 753 2772 optatum
768 2688 946 2769 felicemque
958 2688 1050 2752 finem
1063 2699 1108 2752 tot
1120 2692 1198 2753 notis
1210 2692 1289 2753 desi·

92 2787 207 2849 derare
224 2787 308 2868 pacis
326 2788 483 2863 decurrat,
514 2788 597 2869 quod
615 2787 715 2869 superi
732 2806 864 2847 annuere
880 2795 911 2847 et
926 2786 1057 2869 benigno
1071 2786 1172 2871 favore
1189 2796 1288 2850 ratum

94 2882 206 2944 babere
219 2883 325 2945 velint.

136 2980 229 3053 Quod
243 3000 314 3042 vero
328 2980 466 3041 nonnulli
477 3000 514 3042 ex
527 2980 714 3062 principibus
727 2988 757 3041 et
770 2980 896 3041 statibus
910 2980 1036 3061 Imperii
1053 2980 1107 3060 qui
1120 2980 1140 3042 b
1151 2999 1206 3041 sua
1219 2978 1288 3041 Ma·

15 3062 17 3091 '
87 3078 201 3159 jestate
223 3096 309 3157 aeque
326 3097 362 3139 ao
380 3076 432 3137 alii
450 3078 489 3139 ad
502 3076 568 3139 hoeo
586 3076 708 3138 comitia
724 3097 778 3158 pro
795 3077 873 3138 bono
887 3096 994 3158 pressae
1010 3084 1040 3137 et
1052 3096 1129 3157 pene
1141 3094 1287 3158 oppressa

95 3173 202 3253 pntriae
215 3172 365 3247 instituta,
378 3172 490 3253 scripto
503 3172 731 3235 clementissime
750 3174 917 3249 convocati,
936 3172 1037 3234 adhuc
1051 3173 1152 3234 necin
1166 3173 1288 3256 propria

94 3288 222 3349 persona
243 3288 298 3329 nec
317 3289 371 3350 per
390 3268 518 3352 Legatos
536 3288 706 3350 comparere
724 3269 884 3351 potuerint.
926 3269 966 3331 Id
983 3289 1038 3331 sua
1056 3269 1199 3351 Majestas
1216 3270 1288 3351 (nisi

95 3385 164 3445 spes
177 3364 274 3443 fallet)
289 3384 370 3447 segre
383 3386 444 3427 non
454 3365 538 3441 feret,
551 3366 604 3427 sed
614 3365 714 3447 potius
725 3365 814 3427 simul
824 3386 927 3427 omues
937 3375 968 3428 et
977 3366 1111 3449 singulos
1122 3367 1287 3449 speciatim,

94 3462 134 3523 ob
155 3470 345 3545 pregnantes
357 3462 496 3545 jamdum
514 3471 599 3524 notes
615 3482 720 3523 causas
741 3459 968 3525 clementissime
984 3473 1138 3526 excusatos
1155 3461 1287 3537 babebit,

94 3579 167 3620 cum
181 3558 214 3620 id
224 3578 283 3621 non
298 3578 336 3619 ex
348 3558 467 3621 defectu
480 3557 718 3639 propensissimae
732 3578 837 3620 eorum
848 3558 1010 3621 uoluntatis
1022 3569 1053 3621 et
1063 3559 1171 3623 debitre
1184 3557 1287 3620 obedi-

96 3654 196 3728 entiae,
210 3656 263 3718 sed
277 3655 375 3736 potius
389 3656 427 3716 ob
442 3653 613 3719 calamitosa
625 3664 770 3736 tempora,
787 3653 950 3734 infestaque
963 3655 1072 3735 passim
1086 3655 1169 3719 hoste
1179 3653 1287 3717 itinera
