3225 4700
31 400 1235 586 ΨΨΞΨΨΨΨΨΨ

483 756 671 834 CAPUT
707 759 864 836 XXVI.

442 953 496 1021 De
511 956 696 1025 calamitate
712 958 917 1025 Pomeraaia.

303 1173 308 1226 J
335 1166 548 1242 OSTQUAM
556 1170 1274 1257 CaesareanicodgeruntSuecosinmagismunita

301 1257 307 1310 Ῐ
353 1267 491 1328 secedere
508 1268 584 1343 loca,
598 1279 632 1331 ut
647 1270 696 1331 vel
711 1270 780 1332 istic
798 1272 837 1331 ab
854 1270 968 1351 impetu
985 1278 1155 1332 nostrorum
1173 1289 1205 1329 se
1221 1268 1273 1329 dc-

197 1379 273 1446 ff
294 1375 321 1396 ff
354 1362 520 1425 sauderent.
552 1364 706 1427 Continuo
719 1366 878 1427 Generalis
893 1366 998 1427 Gallas
1010 1367 1042 1426 in
1056 1364 1275 1447 variaagmina

55 1519 81 1532 ,,
109 1453 111 1456 ’
132 1536 134 1540 Ι
177 1439 218 1560 ⁸¹5!
232 1455 314 1566 pm)
352 1459 456 1520 divisit
474 1461 647 1537 exercitum,
664 1473 695 1523 et
713 1463 925 1525 munitissimas
944 1465 1032 1524 urbes
1050 1463 1082 1523 in
1098 1470 1272 1545 potestatam

64 1551 67 1554 ’
97 1549 103 1560 ‘
167 1548 232 1602 ’.2
296 1545 315 1608 s
352 1554 480 1617 Caesaris
491 1558 670 1639 redigendas
682 1559 760 1618 inter
772 1557 875 1620 Duces
888 1560 1014 1640 partitus
1023 1568 1078 1619 est.
1107 1559 1171 1639 Ipsi
1182 1578 1273 1638 quam

39 1650 197 1728 primum
213 1650 258 1710 ita
271 1670 302 1713 se
315 1651 493 1728 diviserunt,
510 1661 543 1713 ut
555 1653 644 1714 simul
661 1654 895 1736 praescinderem
907 1664 1090 1716 commeatus
1105 1655 1273 1716 subrectio-

44 1764 134 1805 nem
147 1745 398 1821 Stralsnndianis,
410 1749 567 1825 ducianis,
581 1748 878 1831 Glypswaldensibus
888 1760 919 1810 et
929 1749 1173 1823 Dominensibus,
1183 1760 1273 1829 atque

45 1862 99 1903 na
117 1841 181 1921 qud
196 1863 235 1902 ex
251 1842 409 1924 adaperta
425 1845 611 1907 advehendas
625 1865 752 1906 annona
766 1866 834 1926 spes
847 1845 920 1927 ipsis
935 1844 1162 1924 relinqueretur,
1176 1844 1273 1905 vasti·

52 1946 140 1997 runt
152 1946 249 1998 totam
264 1938 498 2021 circumquaque
516 1942 713 2022 provinciam,
727 1951 762 2003 ut
778 1942 858 2002 intra
875 1940 1003 2002 multum
1022 1949 1139 2021 tempus
1156 1939 1273 2002 hostilis

51 2033 218 2095 exercitus
231 2054 349 2115 sperare
363 2056 423 2096 non
437 2045 535 2117 posset
548 2037 620 2099 vitae
633 2038 776 2099 subsidia.
804 2038 902 2119 quue
914 2038 1027 2098 iactum
1041 2055 1107 2097 reor
1112 2036 1197 2118 justo
1207 2036 1272 2098 Dur

55 2132 84 2192 J
89 2130 208 2205 udicio,
224 2139 259 2191 ut
276 2130 392 2193 scilicet
408 2131 461 2193 illa
477 2134 576 2215 patria
590 2154 659 2214 quaa
677 2135 774 2216 prima
790 2135 934 2195 Suedicas
953 2143 1065 2193 turmas
1083 2142 1187 2194 contm
1203 2132 1272 2195 Ca-

56 2247 165 2289 sarem
185 2228 356 2304 admiserat,
377 2229 437 2290 illis
457 2229 604 2291 bellorum
626 2229 844 2292 calamitatibus
865 2238 1059 2311 premeretur,
1078 2228 1188 2309 quibus
1208 2229 1274 2310 ipsa

62 2323 239 2406 Imperium
252 2324 425 2397 Romanurn
438 2325 570 2410 affligere
582 2347 667 2409 posse
680 2326 809 2410 putarat.
845 2327 925 2391 Cum
938 2345 1011 2408 ergo
1026 2324 1163 2387 Suedica
1177 2326 1272 2408 copiae

61 2421 187 2482 nullum
201 2432 411 2496 commeatum,
424 2423 516 2504 qudm
530 2444 583 2506 per
597 2443 677 2485 mare
694 2422 800 2485 habere
817 2432 946 2504 possent,
961 2423 1041 2504 cepit
1052 2422 1164 2482 mirum
1179 2442 1272 2502 quau·

63 2522 135 2579 tum
153 2519 282 2579 diminui
302 2540 404 2581 eorum
423 2520 581 2594 exercitus,
601 2519 644 2580 ite
663 2528 696 2582 ut
715 2531 872 2602 cogeretur
886 2518 1023 2601 Uraugel
1040 2538 1109 2579 suos
1126 2518 1159 2577 in
1178 2518 1272 2579 multa

64 2613 138 2676 loca
150 2633 210 2674 non
224 2615 286 2677 sine
300 2627 402 2697 aperto
415 2617 461 2677 sui
477 2635 658 2698 suorumque
672 2616 846 2678 discrimine
859 2615 1040 2698 dispergere.
1074 2612 1274 2676 submittebat

66 2711 205 2791 quidem,
220 2715 356 2792 quamvis
368 2714 527 2787 rarissime,
540 2712 681 2794 pauculas
695 2713 849 2776 naviculas
862 2713 1012 2773 frumento
1024 2719 1145 2772 onustas
1157 2709 1273 2771 Benni-

68 2807 145 2878 rius,
163 2807 215 2868 sed
232 2807 280 2869 val
300 2808 361 2870 illae
383 2809 657 2890 intercipiebantur,
676 2819 729 2871 aut
750 2809 776 2871 si
797 2808 981 2891 appellerent
1000 2809 1078 2868 inter
1098 2815 1144 2868 tot
1162 2805 1273 2867 milites

71 2907 180 2984 parum
192 2903 397 2985 proficiebant.
429 2905 628 2967 laudandum
642 2904 678 2966 ed
693 2905 823 2986 amplius
836 2915 881 2966 est
893 2904 1011 2986 insigne
1025 2902 1153 2964 Gallassi
1167 2912 1272 2962 stratu·

71 3019 172 3081 gama,
186 2999 237 3080 qui
254 3007 317 3061 tam
332 3001 436 3062 dextre
453 3023 514 3062 uno
531 3002 694 3081 eodemque
712 3011 845 3083 tempore
863 3000 964 3082 copias
976 2999 1049 3060 'suas
1065 2999 1179 3072 divisit,
1194 3008 1272 3060 utet

74 3097 137 3158 illoe
154 3098 238 3158 nrbes
255 3097 345 3158 simul
366 3098 536 3160 obsiderent
556 3105 587 3158 ct
607 3096 776 3159 obsidentes
797 3097 854 3157 sibi
874 3105 968 3172 mutu,
987 3095 1013 3156 si
1034 3095 1193 3156 necessitas
1209 3095 1272 3156 exi·

74 3202 169 3276 geret,
183 3213 352 3255 succurrere
366 3195 482 3255 mature
495 3202 625 3274 possent.
654 3194 724 3275 Ipse
737 3213 826 3275 porro
842 3191 946 3254 Gallus
959 3191 1114 3252 constituit
1122 3211 1153 3252 se
1166 3191 1198 3251 in
1208 3211 1272 3252 cer-

76 3300 141 3350 tum
159 3289 254 3350 locum
271 3291 364 3371 prope
379 3290 483 3362 Luetz,
498 3291 578 3350 uude
596 3291 733 3350 omnibus
751 3289 879 3370 imperia
894 3288 1101 3350 distribueret:
1123 3307 1159 3348 ac
1172 3289 1271 3368 primb

77 3386 195 3467 quidem
208 3385 328 3446 Ducem
340 3385 489 3468 insignem
505 3386 635 3448 Bredas
644 3385 846 3469 Wolgastium
859 3385 972 3446 adoriri
984 3384 1089 3459 voluit,
1100 3385 1132 3444 in
1144 3403 1205 3464 quo
1218 3405 1272 3444 arx
1405 3426 1408 3440 .

79 3493 143 3542 erat
154 3501 188 3542 er
198 3481 384 3543 Pomerauiae
400 3481 602 3563 Principibus,
615 3502 682 3563 quoe
697 3481 787 3543 etiam
801 3480 935 3562 preasidii
946 3480 1013 3541 loco
1026 3480 1153 3541 habebat
1165 3479 1273 3541 Suedi-

82 3599 131 3639 cas
142 3577 267 3661 legiones
279 3577 458 3660 complures,
469 3579 511 3639 ita
523 3589 557 3641 ut
568 3578 714 3640 Officiarii
724 3578 809 3660 (ipsis
818 3578 934 3639 civibus
946 3576 1165 3651 attestantibus)
1176 3582 1273 3636 essent

84 3675 195 3737 circiter
208 3676 343 3738 trecenti.
386 3676 516 3738 Bredew
529 3686 564 3738 ut
576 3677 707 3760 primum
721 3675 777 3738 hoc
791 3675 967 3738 mandatum
982 3672 1099 3756 accepit
1113 3673 1273 3754 Dragones

691 3793 710 3833 o
