3225 4700
256 593 356 700 ‚2111
472 573 702 698 2215231
812 572 876 699 ζ
1048 598 1057 699 ;

491 886 682 965 CAPUT
717 889 872 966 XLIX.

63 1065 265 1155 Fridbcrgc
286 1064 480 1135 Wetteracic
493 1080 525 1136 et
539 1066 815 1157 Brounfclciumd
829 1069 1082 1137 Womcvsemiom
1092 1028 1294 1159 occupatan·

126 1167 302 1233 Annorum
331 1190 451 1257 quoque
482 1170 700 1258 imperialium
727 1170 942 1254 Suedicorom,
974 1172 1209 1256 Samicorum,
1241 1198 1279 1241 cc

126 1270 484 1360 Brcodcodargeurium
500 1271 670 1371 Succmnrc

315 1469 320 1498 ³
349 1472 672 1537 ROGESSERAN'I'
684 1472 798 1536 interea
812 1472 959 1557 legiones
969 1474 1220 1540 Saxo-wimarioe
1228 1500 1279 1561 po·

95 1623 100 1630 .
156 1610 160 1622 ·
322 1563 323 1566 '
367 1570 484 1632 tissima
501 1589 539 1632 ex
554 1578 638 1652 purte
656 1568 689 1631 iu
701 1569 928 1646 Wetteruviem,
946 1579 978 1633 et
993 1592 1063 1634 cum
1080 1572 1277 1659 Fridbergnm

118 1669 149 1708 ·'·-
223 1695 293 1768 Γ.»
313 1683 339 1702 ⁴
368 1666 430 1729 suis
438 1665 571 1730 consiliis
579 1676 679 1749 aptam
688 1686 751 1729 esse
758 1666 914 1742 vidissent,
924 1666 1015 1729 minis
1024 1674 1277 1752 coronaverunt,

103 1795 156 1898 ὃ,
199 1707 214 1850 ql
238 1749 330 1898 ἐς)
367 1762 455 1826 facile
466 1762 525 1825 fuit
532 1764 599 1845 jum
608 1762 1279 1944 aqlitqqpquirqaqrfffflttqqdssqqqchiub

209 1901 225 1910 -
367 1880 618 1943 expugnare,qu1
1154 1884 1165 1923 1
1203 1885 1277 1946 pou-

74 1958 158 2019 dere
168 1958 266 2040 parati
274 1965 378 2021 erantr
400 1957 493 2030 Quod
502 1976 597 2040 geum
607 1956 764 2019 homiuum
774 1956 882 2019 merito
891 1956 1046 2019 detesteris
1054 1956 1152 2018 amice
1160 1958 1278 2033 lector,

74 2053 230 2135 quoniam
242 2054 266 2116 ii
277 2055 331 2137 qui
344 2053 517 2117 immediate
531 2053 657 2136 imperio
669 2053 807 2127 subsunt,
820 2060 883 2116 turn
896 2052 1042 2116 malevolo
1058 2072 1128 2115 cum
1143 2052 1278 2117 hostibus

76 2150 251 2223 colludunt,
261 2152 372 2233 quique
381 2150 575 2232 Imperatoris
584 2150 748 2233 Legionem
762 2169 825 2211 uuo
836 2149 875 2211 ab
886 2148 960 2211 binc
970 2170 1050 2211 cuno
1058 2160 1174 2212 armate
1186 2150 1276 2212 otiam

78 2266 179 2307 mauu
192 2256 296 2309 contra
303 2247 424 2329 jussum
440 2246 570 2309 casuris
583 2246 659 2308 urbe
671 2245 830 2327 prohibere
842 2246 939 2328 parati
954 2254 1041 2308 eruut
1056 2246 1116 2307 uisi
1132 2266 1224 2329 sagax
1240 2269 1278 2310 ex

78 2363 154 2406 erce
169 2342 337 2408 Praefectus
355 2342 529 2420 obstitisset,
543 2364 625 2405 nuuc
641 2341 756 2405 nullam
769 2363 890 2426 prorsus
904 2342 965 2405 vim
979 2343 1017 2404 cb
1033 2342 1151 2426 imperii
1165 2346 1276 2427 cupite·

79 2440 164 2502 libus
180 2440 313 2504 inimicis
330 2440 505 2504 sustineant.
547 2439 678 2502 Decimo
693 2439 795 2522 itaque
813 2439 838 2502 J
838 2440 955 2500 anuarii
972 2440 1082 2523 putidis
1100 2442 1194 2523 portis
1210 2441 1278 2504 Wi-

79 2537 247 2598 marieuses
259 2538 355 2619 copiae
368 2537 546 2600 intromissas
560 2544 647 2598 sunt:
669 2535 774 2598 dedito
786 2535 861 2597 urbe
873 2534 962 2597 facile
976 2534 1035 2599 fuit
1049 2537 1189 2620 Burgum
1203 2558 1277 2619 quo·

80 2653 144 2715 que
157 2633 324 2696 ueoooearic
333 2653 390 2717 ope
397 2653 434 2696 ac
443 2634 609 2696 sufficiente
619 2631 716 2694 milite
725 2631 903 2694 destitutum
912 2632 952 2693 ad
962 2633 1145 2696 deditionem
1158 2653 1276 2716 cogere,

81 2730 134 2792 vel
146 2729 247 2814 potius
258 2731 446 2813 persuadere.
489 2729 646 2792 Insidebat
659 2727 775 2790 dictum
790 2727 932 2811 Burgum
945 2728 1128 2812 Gepitaueus
1141 2732 1277 2812 quidam,

82 2847 155 2889 cum
168 2826 389 2910 quinquaginta
401 2835 436 2889 ut
448 2825 543 2908 aliqui
555 2834 702 2901 asserum,
713 2824 763 2887 vel
775 2833 812 2886 ut
823 2824 876 2886 elii
889 2845 960 2887 cum
967 2826 1160 2908 paucioribus
1173 2849 1279 2911 gregu-

84 2923 138 2986 riis
154 2922 311 3001 militibus,
325 2924 376 2987 cui
388 2923 482 2986 dubio
494 2921 599 3004 procul
612 2941 678 3014 ¹uou
696 2921 861 2983 admodum
876 2923 1005 2984 arduum
1021 2921 1126 2986 fuisset
1141 2924 1278 3006 aliquan·

81 3020 183 3082 tulum
202 3019 334 3083 bostium
352 3019 576 3082 sollicitationes
596 3017 731 3098 rejicere,
751 3027 804 3079 aut
823 3017 969 3101 impetum
989 3020 1146 3082 coutroriis
1163 3021 1278 3084 viribus

84 3115 259 3199 propulsare
277 3116 432 3200 tantisper,
447 3116 547 3198 quoad
561 3114 730 3178 subsidium
747 3114 872 3177 aliunde
886 3115 991 3179 suisset
1003 3116 1193 3179 submissum.
1233 3119 1279 3182 At

85 3233 143 3275 nec
156 3212 207 3276 hic
220 3213 284 3295 ipso
297 3212 352 3276 diu
365 3211 543 3298 tergiversut
554 3221 610 3289 est,
621 3210 676 3273 sed
688 3230 780 3293 quam
793 3231 865 3272 mox
878 3211 991 3274 exitum
1005 3232 1076 3275 cum
1088 3214 1150 3276 suis
1162 3228 1278 3296 pactus,

86 3309 186 3371 locum
199 3307 361 3394 ceteroqui
374 3317 437 3372 arte
451 3318 482 3371 et
494 3317 601 3372 natura
613 3308 734 3371 abunde
747 3309 908 3385 munitum,
917 3309 950 3370 in
964 3308 1093 3371 hostium
1103 3320 1277 3391 potestatem

87 3405 224 3469 tradidit.
266 3404 414 3480 Quamvis
428 3405 493 3487 ipsc
505 3413 618 3488 postea,
630 3423 740 3467 verene
753 3424 793 3467 au
806 3403 892 3487 pallii
904 3404 1034 3488 gnavius
1047 3426 1109 3469 sucu
1118 3408 1280 3470 obtexeudi

89 3504 197 3587 gratia,
208 3504 320 3579 nescio,
331 3503 431 3586 Burgi
447 3502 606 3578 Dominus,
617 3501 696 3563 viros
709 3500 834 3578 nobiles,
843 3510 874 3563 et
886 3501 1033 3583 imprimis
1045 3512 1180 3566 strenuos
1193 3506 1279 3566 iucu-

91 3601 200 3662 saverit
213 3600 295 3682 quod
313 3599 414 3662 locum
428 3599 447 3661 d
460 3597 627 3660 necessario
643 3599 791 3673 comeatu,
806 3607 838 3660 ot
853 3599 1115 3662 armamentarium
1129 3599 1149 3661 d
1164 3601 1281 3681 reliqua

93 3696 270 3773 munitione,
284 3717 346 3780 qua
363 3696 427 3759 siue
446 3693 523 3758 nihil
540 3692 681 3757 effectum
699 3694 799 3767 datur,
816 3703 927 3756 temere
942 3694 1140 3758 destituerint.
1183 3697 1230 3759 Ut
1247 3707 1281 3760 ut
