3225 4700
519 787 709 864 curun
743 748 856 865 rin.¹

321 952 374 1021 De
387 969 484 1024 morte
500 958 746 1026 Wimcrieuriam
761 958 864 1026 Ducit
878 958 1050 1025 Beruardi.

255 1202 258 1207 ,
344 1139 561 1212 OSTQUAM
587 1140 767 1205 sordesimns
791 1142 957 1205 Succorum
983 1140 1098 1203 Ductor
1121 1140 1276 1203 Wimariae

309 1263 311 1267 ·
364 1237 439 1298 Dux
453 1236 628 1301 Bernardus
647 1238 804 1322 Neoburgi
822 1240 919 1320 ipsum
939 1239 1075 1301 triduum
1096 1237 1191 1299 colice
1211 1257 1278 1319 pas-

77 1317 111 1413 s
176 1395 288 1416 f
303 1341 316 1351 Α
360 1329 443 1391 done
456 1330 654 1393 lectoaffixus
667 1332 868 1408 decubuisset,
883 1332 1005 1395 taudem
1024 1350 1056 1392 se
1070 1329 1226 1391 mortalem
1240 1329 1280 1390 si·

94 1505 96 1510 Α
184 1501 216 1557 ἶ
264 1537 268 1549 ’
279 1509 287 1527 χ’
303 1498 323 1562 t
360 1519 432 1593 Dei,
446 1528 591 1583 statutum
605 1530 650 1583 est
666 1522 759 1583 semel
776 1522 866 1596 mori,
885 1522 1020 1604 quovit,
1035 1520 1227 1600 medicosque
1240 1518 1281 1581 ad

45 1628 85 1671 se
97 1615 288 1677 accersitos
300 1617 429 1698 rogarit,
442 1626 477 1678 ut
489 1617 565 1697 quid
580 1618 619 1680 de
637 1620 743 1680 morbo
762 1638 818 1681 suo
836 1618 990 1692 sentirent,
1010 1626 1041 1679 et
1056 1626 1157 1679 utrum
1178 1614 1281 1698 aliqua

46 1708 171 1771 adhuc
191 1731 267 1793 spes
285 1713 357 1774 uitae
377 1712 547 1795 affulgeret,
565 1715 630 1777 sine
647 1716 774 1799 ambage
789 1716 953 1787 edicerent,
966 1714 1020 1795 qui
1033 1714 1222 1794 desperatum
1240 1713 1280 1773 de

45 1804 221 1868 humanis
229 1809 354 1889 quidem
366 1810 487 1872 auxiliis
496 1811 648 1887 dixerunt,
663 1820 901 1893 monueruntque
913 1819 948 1872 ut
959 1830 990 1871 se
1001 1809 1041 1871 sd
1051 1808 1121 1871 vitae
1132 1807 1279 1889 originem

54 1901 181 1965 Deum
197 1915 399 1982 converteret,
413 1906 451 1968 ab
463 1927 559 1987 eoque
574 1908 817 1989 prorogationem
834 1906 939 1969 mortis
956 1913 1136 1986 exposceret,
1152 1923 1280 1983 quonum

55 2000 207 2062 consilio
220 2002 330 2084 paruit,
347 2022 385 2065 sc
401 2023 434 2065 se
451 2023 595 2065 converso
611 2004 651 2065 ad
666 2004 777 2067 celum
792 2004 879 2067 vultu
896 2004 936 2065 ad
955 2001 1072 2064 fortiter
1090 2000 1279 2061 moriendum

56 2094 249 2177 disposuit3
277 2119 313 2162 ec
333 2098 482 2182 imprimis
506 2099 644 2161 ultimam
664 2120 749 2162 suam
769 2101 954 2163 voluntatem
976 2098 1087 2179 scripto
1108 2095 1280 2179 consignari

57 2190 178 2271 jussit,
194 2214 235 2257 ne
247 2215 307 2275 qua
318 2205 387 2277 post
398 2205 526 2259 mortam
537 2216 623 2259 suam
636 2196 764 2260 dissidia
776 2197 858 2259 circa
871 2216 918 2258 res
931 2214 1000 2257 suas
1013 2192 1173 2257 orirentur.
1196 2192 1279 2253 Dein

65 2286 249 2354 Generales
260 2312 366 2356 omnes
377 2312 414 2356 ac
424 2292 648 2358 Colouellorum
660 2292 829 2377 praecipuos
842 2292 944 2355 adesse
958 2289 1064 2364 voluit,
1077 2309 1151 2371 quos
1163 2286 1279 2370 signifi·

64 2386 219 2450 cantibus
239 2391 365 2452 omnino
384 2391 484 2453 verbis
501 2393 539 2452 ab
556 2391 706 2453 bonorum
721 2399 753 2452 et
767 2390 904 2471 pecumoe
923 2387 1097 2450 damnande
1115 2385 1279 2466 cupiditate

65 2483 227 2560 Proeclarl
243 2486 377 2550 oratioue
392 2498 438 2550 est
451 2488 635 2564 dehortatus,
655 2489 696 2549 ad
711 2487 859 2548 unitatem
877 2504 949 2547 vero
962 2493 1075 2564 quanta
1086 2482 1184 2563 potuit
1196 2480 1280 2542 vocis

67 2591 386 2665 argumentorumque
408 2585 599 2647 contentione
616 2584 772 2647 incitavit:
794 2581 934 2645 riderent
951 2580 1020 2664 ipsi,
1041 2579 1149 2652 aiebat,
1166 2585 1281 2659 quauta

70 2676 218 2754 qnotidie
231 2699 268 2740 ex
277 2680 437 2743 discordiis
449 2681 529 2743 mala
541 2681 702 2757 orirentur,
713 2699 806 2762 qnam
819 2678 919 2760 ampla
928 2696 1033 2761 regua,
1044 2693 1136 2757 quam
1146 2682 1280 2756 potantes

71 2771 217 2855 Resspub·
238 2797 359 2859 pessum
381 2777 487 2840 iissent
502 2777 612 2861 litigio,
631 2776 758 2858 proinde
778 2775 836 2858 ipsi
854 2793 973 2855 quoque
994 2773 1121 2834 aliorum
1142 2768 1280 2851 exemplo

72 2871 229 2934 candores
249 2894 398 2956 nusquam
416 2884 570 2955 sperarent
585 2873 715 2956 dignum
733 2872 850 2953 aliquid
865 2869 962 2954 gloria
975 2867 1129 2950 perlicere,
1144 2865 1193 2927 vel
1206 2885 1279 2927 con·

74 2975 198 3046 ceptam
217 2969 237 3031 b
253 2991 287 3032 se
307 2971 400 3033 telum
420 2980 585 3054 pertexere,
607 2969 667 3032 nisi
688 2968 887 3032 concordibus
908 2965 1016 3028 animis
1033 2963 1137 3026 sedulo
1156 2963 1279 3044 inopus

74 3081 130 3142 pro
143 3065 231 3126 virili
245 3066 357 3150 singuli
371 3068 597 3130 incumberent:
619 3086 677 3128 uec
690 3065 758 3141 sibi,
773 3065 913 3139 addebat,
928 3082 1013 3145 posse
1028 3062 1151 3123 dmorte
1162 3059 1278 3140 aliquid

76 3159 219 3223 accidere
235 3163 368 3245 gravius,
386 3163 518 3246 quamsi
535 3163 718 3246 intelligeret
734 3160 895 3224 nonnullos
908 3161 946 3221 cb
959 3157 1140 3240 particulare
1155 3155 1277 3235 aliquod

77 3259 275 3320 commodum
297 3259 316 3321 d
336 3260 490 3322 communi
512 3259 664 3342 opinione,
683 3267 714 3320 et
730 3258 845 3339 reipub.
866 3255 1007 3318 societate
1029 3252 1196 3316 discessisse
1218 3261 1277 3312 etc.

79 3355 187 3432 quibus
203 3363 265 3417 tam
283 3357 454 3420 efficacibus
471 3357 568 3419 verbis
583 3355 657 3418 illuc
677 3354 840 3418 commovit
859 3353 1010 3416 adstamae
1028 3357 1062 3412 ut
1078 3349 1110 3411 iu
1129 3349 1279 3430 lacrymas

81 3447 166 3512 effusi
187 3452 268 3514 datis
285 3463 390 3516 mutuo
411 3453 543 3515 dexteris
566 3452 851 3534 compromitterent.
893 3449 1034 3530 Denique
1055 3445 1201 3509 ordinatis
1222 3443 1279 3504 rite

84 3547 221 3610 omnibus
241 3549 361 3611 vocavit
377 3550 463 3610 verbi
485 3549 656 3611 ministrum
669 3548 722 3628 qui
736 3568 768 3608 se
781 3546 820 3608 de
836 3546 931 3608 salute
949 3543 1062 3606 teternb
1079 3538 1279 3604 commonefa-
1303 3547 1311 3556 '

86 3652 171 3704 cerat.
222 3644 295 3706 Non
319 3646 417 3709 deluit
439 3644 547 3729 lingua
570 3643 770 3718 Praedicanti,
793 3663 850 3704 nec
875 3642 988 3725 linguar
1014 3639 1191 3721 praedicans,
1216 3654 1279 3694 rem

653 3763 672 3801 Λ
683 3763 702 3800 n
