3225 4700
327 358 393 423 316
714 354 1118 425 Il'INERARIUM.

330 514 416 577 rifice
427 519 568 592 acceptus
579 509 648 585 fuit,
662 528 698 572 ac
711 509 801 592 paulo
819 518 886 592 post
900 508 1102 582 Beufeldiam,
1116 504 1169 566 ubi
1187 502 1376 587 longiuscule
1394 500 1526 564 substitit

329 610 479 693 profectus
492 617 553 670 est:
575 606 730 669 Warthius
742 607 814 669 verb
829 605 1061 688 Offenburgum,
1076 602 1147 665 inde
1162 600 1358 663 Monaohium
1374 600 1526 673 Barariae,

330 726 366 767 ac
379 704 687 767 Viennam‘Austrioe
710 704 794 765 abiit.
837 704 1008 764 Memorato
1027 702 1154 783 dignum
1172 707 1217 760 est
1234 696 1313 759 illud
1331 697 1415 777 quod
1433 696 1528 777 eapti·

330 821 437 863 uorum
454 801 652 863 conductores
668 800 701 861 in
719 799 841 861 Homio
860 808 1012 875 notarunt,
1026 796 1110 878 quod
1126 816 1164 857 ex
1184 814 1245 875 quo
1262 804 1367 877 captus
1383 792 1492 854 fuisset
1510 792 1528 853 i

329 896 423 978 priori
442 906 521 960 statu
535 906 566 959 et
582 896 679 958 forma
698 895 774 957 nihil
794 895 914 976 penitus
932 893 1024 956 fuerit
1042 902 1184 968 mutabis,
1200 900 1231 953 et
1246 912 1286 953 ex
1302 901 1365 953 tam
1383 890 1527 952 diuturna

329 994 502 1075 captivitate
515 1013 572 1055 nec
584 1012 695 1055 cauum
707 992 832 1073 quidem
844 990 1023 1053 admisisset.

371 1091 492 1156 Interea
500 1090 677 1152 Franciscus
686 1090 724 1151 da
733 1088 818 1151 Melo
831 1088 863 1149 in
874 1086 996 1149 Artenia
1005 1107 1059 1168 pro
1071 1086 1217 1168 Hispanis
1227 1093 1331 1147 contra
1341 1082 1447 1145 Gallos
1461 1102 1526 1143 rem

331 1185 458 1249 feliciter
471 1188 571 1268 gessit.
614 1186 782 1267 Postquam
793 1184 876 1246 enim
894 1183 1115 1246 tertiodecimo
1129 1182 1244 1264 Aprilis
1260 1181 1362 1262 copias
1377 1200 1447 1242 suas
1464 1179 1526 1240 lus·

331 1292 437 1346 nasset
449 1283 662 1365 reperissetque
671 1282 781 1364 viginti
787 1280 923 1362 quinque
934 1280 1031 1341 millia
1039 1279 1300 1341 scientissimorum
1310 1278 1452 1352 militurn,
1463 1285 1527 1337 mm

331 1381 478 1461 peditum,
495 1398 585 1460 quum
603 1378 740 1459 equitum
756 1386 863 1453 eastre,
882 1384 989 1439 contra
1003 1376 1160 1438 adversam
1178 1383 1293 1456 partem
1309 1372 1413 1443 movit,
1433 1381 1464 1434 et
1485 1372 1527 1433 sd

332 1476 517 1539 valencenas
530 1484 766 1556 pretergressus,
785 1474 978 1535 Attrebatum
992 1492 1029 1534 ex
1041 1472 1162 1553 opinato
1175 1471 1258 1553 cingi
1269 1470 1371 1553 jussit,
1386 1479 1478 1550 atque
1492 1480 1529 1530 ut

331 1572 440 1635 seriem
466 1592 528 1632 esse
547 1571 733 1631 obsidionem
759 1569 961 1651 persuaderet,
983 1570 1046 1650 ipse
1070 1570 1168 1631 Melos
1190 1589 1260 1630 cum
1274 1568 1336 1629 suis
1353 1567 1527 1649 legionibus

331 1675 464 1730 montem
471 1675 670 1747 opportunum
678 1686 740 1728 sum
754 1666 874 1727 stationi
887 1666 1056 1747 occupavit,
1067 1666 1144 1731 adeo
1157 1674 1191 1727 ut
1199 1666 1265 1747 jam
1279 1683 1368 1725 nemo
1381 1663 1459 1724 foret
1471 1662 1528 1743 qui

330 1784 391 1825 non
404 1764 481 1825 serio
497 1763 632 1824 erederet
644 1762 797 1825 civitatem
812 1762 895 1824 illam
908 1762 1001 1824 armis
1016 1762 1186 1844 petendam,
1206 1781 1275 1823 oum
1289 1780 1360 1822 ecce
1373 1760 1439 1833 tibi,
1452 1780 1527 1820 mox

330 1859 453 1921 mutatis
466 1858 599 1921 consiliis
609 1859 751 1920 Isensium
765 1868 862 1921 caetra
874 1859 1025 1935 transfert,
1040 1869 1071 1922 et
1084 1858 1168 1920 nulla
1178 1856 1350 1939 interposita
1362 1876 1449 1917 mora
1460 1876 1526 1917 ma·

324 1957 443 2039 juribus
454 1954 609 2018 tormentis
622 1956 734 2017 moenia
747 1955 906 2017 fortissime
920 1955 1026 2037 qualit,
1037 1976 1074 2018 ac
1088 1976 1148 2017 non
1162 1955 1257 2017 multo
1269 1963 1338 2035 post
1350 1954 1442 2015 certis
1452 1974 1525 2015 eon·

331 2054 494 2115 ditionibus
507 2054 539 2115 in
552 2052 736 2114 deditionem
747 2052 869 2134 accipit.
902 2052 973 2125 Quo
986 2053 1018 2113 in
1033 2062 1210 2134 potestatem
1224 2052 1354 2123 redacto,
1362 2050 1427 2111 sine
1441 2071 1527 2111 mora

329 2152 363 2212 iu
377 2150 551 2211 Flandriam
564 2150 756 2232 progreditur
768 2157 799 2210 et
811 2150 964 2211 Bassaeam
980 2150 1081 2211 locum
1094 2148 1337 2223 munitissimum,
1358 2168 1451 2229 quem
1465 2168 1525 2207 nu-

330 2266 383 2328 per
394 2246 525 2326 Hispani
535 2244 634 2307 Gallis
646 2245 991 2308 victorrbnsdimiserant
1003 2254 1224 2329 aggressusest.
1256 2244 1345 2306 Nihil
1357 2254 1459 2305 tamen
1468 2242 1526 2304 hae

331 2343 430 2406 subita
442 2341 597 2404 obsidione
610 2343 706 2405 territi
713 2341 901 2406 Praesidiarii
914 2343 1065 2406 continuis
1080 2341 1286 2404 ecursionibus
1299 2341 1467 2404 obsidentes
1482 2341 1526 2401 fu·

331 2441 523 2521 tigarunt,ac
536 2439 772 2521 primoquidem
785 2439 957 2522 quingentis
975 2439 1130 2514 militibus,
1148 2458 1184 2500 ac
1198 2439 1288 2520 paulo
1301 2447 1368 2521 post
1379 2439 1426 2499 bis
1440 2437 1525 2498 mille

331 2535 479 2611 ducentis,
497 2536 610 2618 egressi
623 2545 703 2612 sunt,
720 2555 755 2597 ae
769 2536 802 2596 in
818 2536 958 2598 Italicam
970 2536 1128 2598 stationam
1140 2534 1337 2617 irrumpentes
1353 2533 1473 2609 multas,
1494 2543 1527 2594 et

332 2651 370 2693 ex
379 2630 438 2692 illis
451 2632 620 2714 capitaneos
633 2631 721 2707 duos,
737 2633 936 2710 trucidarunt,
951 2651 1123 2715 quanquam
1135 2631 1207 2693 verb
1221 2641 1252 2694 et
1265 2631 1349 2694 Galli
1361 2631 1440 2692 banc
1455 2630 1526 2692 ulti·

331 2747 411 2789 mam
424 2728 610 2810 eruptionem
621 2749 681 2790 non
692 2730 816 2791 omuino
825 2730 949 2812 impune
959 2729 1091 2804 tulerint,
1102 2728 1176 2789 dum
1186 2729 1266 2790 enim
1277 2729 1410 2789 reditum
1425 2727 1457 2788 in
1471 2747 1526 2788 nr-

331 2825 401 2886 bem
413 2833 562 2906 pararent,
574 2825 729 2886 tormentis
738 2825 943 2907 Hispanorum
954 2826 997 2886 ita
1008 2823 1127 2885 salutati
1140 2833 1220 2899 sunt,
1230 2833 1265 2886 ut
1277 2823 1421 2904 plurimos
1431 2824 1524 2885 etiam

332 2921 370 2983 de
383 2921 444 2982 suis
457 2921 665 2983 desiderarint.
708 2920 873 2984 Petebatur
886 2922 999 2983 interea
1011 2918 1160 2981 continuis
1173 2919 1432 2981 exonerationibus
1448 2939 1524 3002 qua-

332 3018 472 3101 draginta
483 3026 698 3080 tormentcrum
711 3018 840 3080 munitio
853 3026 915 3080 tam
929 3017 1053 3090 fortiter,
1070 3024 1105 3077 ut
1117 3015 1244 3097 septima
1257 3015 1335 3077 Maii
1348 3018 1446 3078 coacti
1459 3018 1526 3078 fus·

333 3114 395 3176 rint
414 3113 584 3176 fortitudini
610 3124 640 3177 et
659 3114 816 3177 indefessis
840 3113 995 3176 conatibus
1020 3112 1227 3192 Hispanorum
1251 3113 1357 3174 cedere
1380 3113 1465 3176 Galli
1486 3135 1526 3175 ex

332 3210 470 3272 omnibus
483 3211 678 3273 exterioribus
693 3211 896 3286 munimentis,
918 3211 999 3271 unde
1014 3210 1081 3290 jam
1098 3207 1198 3267 minus
1212 3208 1344 3285 difficile,
1364 3210 1526 3273 videbatur

333 3305 505 3368 ulteriorem
518 3309 709 3371 traditionem
722 3327 840 3391 urgere.
870 3306 951 3368 Cum
963 3306 1056 3388 igitur
1069 3303 1109 3364 ad
1121 3302 1199 3384 ipsas
1209 3289 1300 3366 fossas
1312 3305 1526 3386 applicuissent

334 3401 477 3483 Hispani,
499 3404 647 3466 cuniculis
659 3406 854 3485 imposterum
868 3411 969 3463 actum
983 3410 1044 3477 est3
1067 3396 1175 3480 quibus
1191 3401 1344 3477 confectis,
1360 3410 1522 3481 autequam

331 3501 593 3577 succenderentur,
613 3502 745 3564 monitus
768 3511 814 3562 est
833 3500 925 3562 castri
944 3499 1101 3582 prefectus
1119 3499 1284 3561 commodis
1299 3497 1521 3560 conditionibus

331 3598 516 3661 deditionem
529 3597 637 3660 facere.
679 3598 742 3659 Hic
755 3617 825 3660 cum
839 3598 957 3659 videret
972 3617 1032 3657 nou
1046 3616 1108 3658 asse
1122 3597 1241 3659 facilem
1261 3597 1382 3657 modum
1400 3593 1522 3656 tenendi

331 3695 456 3757 ulterius
474 3695 575 3757 locum
595 3693 691 3769 illum,
712 3704 869 3776 sequentes
888 3694 1072 3764 conditiones
1091 3703 1196 3776 paetus
1214 3701 1269 3756 est.
1313 3695 1340 3753 1.
1363 3691 1521 3754 Guberna-
