3225 4700
343 349 406 416 270
730 345 1152 415 Il'INERARIUM.

343 499 519 584 gravissimo
545 497 704 581 supplicio,
728 499 883 582 octoginta
904 497 993 562 facile
1018 497 1194 571 homicidia,
1213 519 1282 580 quo
1300 505 1554 581 perpetraverat,

343 598 417 668 luit:
436 595 534 678 primo
547 595 629 657 enim
642 595 805 677 fomIpibus
819 595 1016 658 candentibus
1029 595 1176 658 ustulatus
1188 605 1244 672 est,
1258 596 1333 657 dein
1349 595 1555 658 brachiorum

342 695 534 775 orariumque
555 692 637 756 tibia
657 701 801 765 contuse,
819 703 911 775 eaput
927 693 959 754 iu
977 692 1080 776 palum
1099 702 1212 766 actum,
1232 713 1348 775 corpus
1366 693 1406 754 in
1427 703 1555 776 quatuor

341 800 439 873 partes
452 801 566 852 sectum
578 809 815 873 suspensumque
827 800 884 853 est.

383 887 441 949 lv.
462 885 590 948 Vienna
602 887 776 949 colonellas
789 886 913 970 Trrghi,
926 907 997 949 cum
1010 887 1030 948 ir
1041 887 1183 951 convivio
1194 908 1233 950 ex
1249 887 1379 950 cedibus
1399 888 1552 954 Colonelli

343 981 457 1047 Isolani
480 983 604 1045 domum
628 984 751 1046 revertit
774 983 806 1044 iu
834 982 929 1046 rbeda
954 983 1057 1046 vitreis
1080 983 1218 1048 fenestris
1240 985 1410 1047 obstructa
1436 987 1551 1068 duplici

340 1080 462 1164 globulo
475 1081 739 1156 transverberatur,
753 1079 835 1142 unde
853 1079 944 1162 paulo
960 1090 1028 1162 post
1040 1091 1176 1144 mortuus
1188 1089 1244 1144 est.
1286 1079 1483 1154 Homicida,
1497 1084 1549 1144 etsi

339 1195 451 1261 magna
469 1177 607 1259 pecunia
620 1197 738 1240 summa
754 1177 901 1259 proditori
915 1197 969 1240 seu
983 1178 1078 1241 indici
1091 1177 1330 1259 promitteretur,
1343 1179 1461 1240 resciri
1475 1200 1550 1241 nuu-

338 1293 429 1355 quam
442 1274 550 1356 potuit.

377 1371 419 1434 V.
440 1371 504 1433 Sub
517 1371 674 1432 exordium
687 1371 778 1454 hujus
791 1372 865 1434 anni
876 1371 1054 1455 gravissima
1062 1380 1237 1452 tempestato
1246 1369 1481 1434 tumultuatum
1494 1380 1546 1447 est,

338 1487 399 1528 nou
414 1467 479 1528 siue
492 1465 656 1529 multorum
666 1468 786 1531 damno.
815 1469 855 1530 In
866 1468 981 1551 Anglia
993 1468 1117 1552 triginta
1126 1469 1256 1551 majores
1265 1487 1365 1530 naves
1375 1469 1544 1551 perierunt,

338 1563 369 1624 in
392 1562 559 1624 Hollandia
578 1562 780 1648 quadraginta
798 1564 989 1650 naufragium
1010 1567 1156 1638 feceruut,
1175 1585 1212 1627 ao
1236 1564 1381 1646 plerique
1408 1564 1546 1626 homines

337 1655 469 1738 naviins
483 1656 561 1720 vecti
573 1656 660 1738 aquis
672 1659 782 1720 obruti.
811 1658 1019 1722 Rotterodami
1032 1669 1117 1722 rasta
1129 1658 1215 1720 navis
1228 1657 1344 1720 belilee
1357 1677 1434 1720 cnm
1448 1655 1544 1718 omui·

336 1753 392 1816 bus
411 1754 465 1835 qui
491 1774 527 1815 ea
554 1753 747 1832 vehebantur,
772 1756 956 1839 tempestatis
977 1757 1009 1820 vi
1029 1756 1116 1836 aquis
1135 1755 1260 1818 condita
1279 1775 1320 1818 sc
1342 1755 1469 1836 sepulta
1488 1763 1543 1814 est.

336 1848 568 1911 Amdelrodami
587 1860 671 1912 tauta
687 1851 745 1912 fuit
757 1871 902 1932 aquarum
915 1852 1055 1929 diluvies,
1071 1860 1106 1914 ut
1118 1852 1190 1914 urbs
1203 1851 1340 1934 peritura
1354 1852 1539 1923 crederetur,

335 1946 419 2007 renti
431 1966 504 2008 vero
517 1956 578 2009 tam
591 1947 687 2010 validi
701 1957 735 2008 ut
749 1948 863 2030 lapidee
882 1949 913 2010 iu
932 1954 1004 2011 alirn
1020 1949 1168 2024 tollerent,
1187 1958 1268 2010 tecta
1283 1955 1474 2018 everterent,
1491 1965 1538 2008 ca·

333 2041 432 2104 minos
446 2042 629 2126 disjicerent,
642 2042 719 2105 adeo
733 2053 766 2106 ut
779 2045 832 2105 vin
845 2043 908 2107 ulls
920 2045 1028 2108 domus
1040 2044 1133 2108 tuerit
1150 2063 1220 2126 qna
1237 2044 1378 2126 reparari
1387 2053 1536 2128 posttenr·

335 2147 481 2222 pertatem
494 2158 554 2200 nou
570 2137 718 2200 debuerit.

372 2234 431 2296 v1.
454 2235 524 2296 Hoc
538 2255 617 2297 auno
629 2233 883 2298 nominatissimus
898 2237 946 2300 vir
955 2235 979 2300 J
980 2258 1092 2300 oannes
1103 2237 1253 2318 Georgius
1266 2237 1406 2300 Corium
1416 2236 1532 2298 natione

334 2332 442 2395 Scotus
463 2329 569 2395 Βοωεε
592 2331 693 2395 vivere
715 2333 815 2396 desiit.
858 2333 976 2398 Melita
997 2356 1069 2397 vero
1092 2334 1271 2397 fortissimus
1289 2335 1427 2417 quidam
1447 2354 1532 2415 eques

334 2429 493 2491 Monsieur
506 2428 545 2489 de
559 2428 693 2492 oberant
706 2440 834 2493 mortem
847 2432 983 2515 oppetiit.

374 2526 453 2586 VII.
478 2525 587 2588 Mense
607 2526 710 2608 Aprili
735 2528 853 2589 Nuncii
877 2548 1070 2610 cursoresque
1091 2528 1243 2589 Viennam
1262 2528 1461 2611 appulerunt,
1480 2527 1530 2609 qui

332 2624 412 2705 Regi
426 2622 565 2686 Polouiea
579 2638 682 2685 recens
695 2634 800 2687 natum
817 2622 993 2707 Principem
1006 2624 1199 2686 nunciabant.

370 2720 471 2782 VIII.
497 2718 605 2781 Mense
617 2719 641 2781 J
643 2720 715 2782 uuio
728 2740 790 2782 suae
804 2741 924 2802 qnoque
938 2721 1084 2784 cesaree
1098 2720 1254 2803 Majestati
1267 2730 1360 2783 natus
1378 2729 1425 2781 est
1441 2717 1527 2779 Prin·

332 2837 414 2898 caps,
431 2817 485 2897 qui
503 2816 609 2878 eodem
632 2816 682 2877 die
702 2836 763 2896 quo
780 2815 881 2877 lucem
900 2818 1031 2898 primum
1049 2826 1215 2899 aspexerat,
1229 2819 1286 2879 sub
1307 2836 1466 2898 vesperam
1485 2824 1527 2873 est

333 2912 508 2995 baptizatus,
520 2912 569 2973 cui
582 2930 689 2973 nornen
704 2912 836 2975 inditum
847 2913 1003 2995 leopoldi,
1017 2914 1142 2996 Ignatii,
1154 2912 1322 2990 Francisci,
1335 2908 1526 2979 lethwia

329 3010 467 3092 Josephi,
485 3008 641 3071 FelieIani.
775 3002 778 3009 ’

372 3106 432 3167 IX.
456 3102 652 3189 Stneltgardii
668 3104 701 3166 in
720 3104 946 3187 Wirteubergia
958 3105 1055 3167 imber
1067 3107 1216 3169 maximus
1228 3106 1357 3182 decidit,
1372 3101 1417 3167 its
1428 3109 1463 3163 ut
1473 3118 1523 3181 per

328 3222 431 3264 omnes
450 3204 550 3265 aditus
567 3220 655 3284 sque
671 3200 881 3284 irrumperent,
904 3200 1016 3283 plawas
1036 3202 1228 3274 inundarent,
1249 3200 1343 3263 cellas
1363 3200 1520 3277 domosque

327 3297 476 3380 replerent
488 3300 529 3361 sd
541 3298 704 3361 mundam
719 3318 815 3379 usque
827 3297 1094 3381 contignationem,
1103 3300 1160 3382 qui
1171 3300 1199 3362 si
1211 3312 1304 3363 noctu
1317 3297 1452 3362 irmina
1457 3291 1520 3375 ΡΝ·

329 3394 440 3455 dmum
453 3412 525 3456 sane
538 3394 710 3457 homiuibus
723 3394 939 3477 pecoribusque
952 3396 1113 3459 nocuisset.

369 3491 411 3553 X.
430 3490 564 3555 Venator
575 3493 700 3573 quidam
715 3510 807 3573 prope
819 3492 981 3555 Brisccnm
989 3494 1091 3575 sylvas
1100 3494 1308 3575 mersbur
1317 3492 1391 3557 feris
1401 3482 1515 3551 insidit*

327 3589 488 3671 positurus,
510 3588 563 3671 qui
584 3608 654 3651 cum
675 3589 806 3671 quodam
826 3589 878 3652 die
897 3592 1052 3674 egreditur
1072 3610 1142 3652 mox
1158 3590 1301 3653 undecim
1325 3591 1411 3671 lupos
1433 3582 1513 3644 babel

327 3687 441 3761 obvios,
453 3704 585 3768 eumque
596 3684 730 3771 effugere
743 3687 976 3751 commodanon
990 3697 1098 3771 posset,
1117 3687 1255 3769 selopunr
1270 3706 1363 3769 quem
1382 3678 1511 3747 manibffl
