3225 4700
488 316 512 381 1
516 260 895 385 TINERARI‘UM.
1201 376 1203 383 ,
1220 320 1279 386 193

15 454 251 551 Μέὺιωῄοὸιο
264 478 397 551 ternpore
410 468 512 531 omnia
525 469 650 533 dissidia
665 471 743 533 inter
755 480 914 551 rtramqus
929 424 1172 553 coronam'certis
1185 471 1280 551 pactis

15 565 256 647 ¹rmomposita
267 575 347 627 sunt.

15 654 72 720 ios.
136 661 176 722 In
191 661 344 724 Sabaudia
356 680 473 743 quoque
485 661 594 723 Galim
610 670 714 724 contra
732 662 885 745 Hispanos
898 661 1016 745 mugnis
1032 660 1147 724 viribus
1164 662 1280 743 agebat,

15 756 313 837 pendiaeidsbutqus
336 757 506 819 Sabandica
528 757 635 819 domus
660 759 837 841 capitalibus
863 758 952 820 odiis.
1004 758 1135 820 Ducissa
1158 758 1279 820 Gallico

15 846 62 910 Prie
81 851 243 913 Presidio
251 872 335 913 suam
345 852 376 913 in
389 851 543 913 Dnoatum
553 854 769 915 restitutionem
778 853 903 925 fidebat,
912 854 1059 935 Princeps
1068 873 1140 915 vero
1149 852 1279 915 'l'bomas

16 944 60 1007 Q
82 946 228 1009 defuncti
249 948 347 1010 Ducis
369 947 527 1009 §obaudias
550 949 640 1010 irater
663 948 844 1019 Germanus,
869 950 1075 1030 Hispanorum
1097 967 1153 1029 ope
1176 949 1278 1025 fretus,

15 1045 57 1103 uL
81 1052 211 1105 strenue
223 1043 255 1104 in
272 1044 376 1105 Gallos
393 1043 467 1119 ibat,
484 1053 557 1106 tunc
575 1044 717 1120 maxime,
733 1065 804 1105 cum
820 1042 1029 1105 Marchioncm
1046 1044 1084 1105 de
1099 1043 1233 1126 Leganes
1247 1045 1279 1105 in

15 1158 55 1199 uss
82 1138 238 1200 auxilium
259 1140 362 1201 venire
382 1140 524 1215 audisset,
545 1140 780 1202 Maresoballum
798 1140 907 1221 Campi
926 1140 1051 1202 Gallum
1073 1139 1221 1202 Comitem
1240 1142 1280 1202 do

15 1234 48 1295 s':
86 1234 279 1296 Harrecourt
298 1234 331 1295 iu
354 1236 445 1297 certis
464 1236 611 1317 angustiis
632 1235 879 1319 comprehensum
900 1236 943 1297 ita
960 1234 1148 1310 constrinxit,
1167 1245 1202 1296 ut
1222 1235 1282 1296 uisi

15 1354 50 1392 ce
86 1329 248 1411 desperati
259 1348 363 1413 pugna
375 1340 513 1405 certaret,
526 1330 657 1413 effugere
672 1332 862 1394 nullomodo
879 1340 988 1412 posset.
1028 1330 1120 1405 Quod
1134 1352 1203 1393 cum
1217 1342 1282 1393 tau·

15 1430 45 1489 sn
86 1427 163 1489 dem
178 1425 306 1488 Gallicae
318 1426 413 1507 oopioe
426 1427 523 1488 facero
536 1427 763 1503 conclusissent,
773 1427 918 1509 eligentes
931 1427 1059 1510 gloriose
1069 1426 1168 1510 potins
1178 1428 1284 1501 emori,

16 1528 45 1587 b:
87 1542 183 1602 quarn
196 1521 315 1583 desides
323 1523 510 1583 occumbere.
531 1523 584 1585 Ad
593 1543 677 1584 arma
685 1524 779 1606 igitur
791 1525 926 1585 certatim
936 1524 1106 1597 convolant,
1115 1523 1283 1605 clausisque

16 1627 42 1684 sti
88 1619 176 1698 quod
188 1618 274 1679 munt
285 1618 381 1679 oculis
395 1618 563 1701 Hispanico
575 1618 698 1701 agmina
710 1620 813 1680 caesim
827 1620 973 1699 panetius,
991 1639 1052 1700 quo
1065 1618 1193 1702 impetus
1208 1620 1283 1683 fere·

17 1727 40 1781 3
73 1718 155 1789 'bat
169 1726 337 1798 penetrant,
351 1726 440 1798 atque
453 1718 577 1789 ita,non
591 1730 692 1777 tamen
702 1716 766 1777 sina
778 1714 890 1799 insigni
901 1734 1022 1776 suorum
1033 1714 1129 1791 clade,
1140 1718 1283 1778 evadunt.

91 1812 168 1874 Hac
182 1814 214 1873 in
227 1832 329 1895 pugna
341 1832 431 1894 supra
444 1833 535 1893 quam
551 1812 641 1873 scribi
657 1811 750 1893 possit
768 1811 884 1873 fortiter
896 1830 928 1873 se
941 1809 1045 1871 habuit
1059 1812 1197 1892 egregius
1212 1811 1284 1873 Gal·

15 1938 34 1981 5
89 1908 195 1969 lorum
205 1908 421 1992 campiductor
434 1908 631 1980 Harreeonrt‚
640 1908 694 1988 qui
707 1908 738 1968 iu
751 1909 850 1990 prima
862 1926 979 1987 semper
992 1906 1066 1981 acie,
1078 1906 1130 1967 ubi
1143 1906 1283 1987 praelium

15 2033 32 2070 s
91 2005 232 2066 fervebat
245 2005 374 2066 maxime
393 2015 428 2067 nt
440 2005 540 2067 virum
554 2004 677 2067 docebat
690 2003 854 2065 masculum
869 2001 1043 2075 decertavit,
1059 2022 1095 2063 ac
1107 2001 1178 2064 licet
1192 2002 1285 2083 pluri-

19 2111 31 2168 ξ
96 2120 165 2161 mos
184 2120 303 2161 suorum
320 2100 377 2163 boc
392 2101 536 2163 conflictu
552 2099 727 2181 perdiderit,
743 2099 806 2179 ipse
824 2097 1017 2160 nibilominus
1032 2098 1132 2159 salvus
1146 2118 1217 2161 cum
1232 2115 1288 2179 po·

16 2226 28 2264 ς
95 2195 221 2256 tissimis
234 2180 624 2260 Gallorumturmisevasit.
658 2194 881 2276 Impedimeute
892 2194 994 2256 omnia
1003 2193 1197 2271 Francorum,
1211 2196 1285 2257 His·

15 2302 28 2361 f,
95 2311 244 2373 panornm
266 2291 378 2375 praedoe
400 2301 563 2367 coeserunt,
584 2292 781 2354 instrumenta
802 2290 875 2352 item
896 2289 1004 2352 Mlier
1023 2289 1131 2372 partim
1154 2289 1285 2373 Hispani

15 2421 24 2457 s
96 2389 301 2461 obtinuerunt,
326 2409 432 2450 currus
456 2409 574 2469 quoqne
599 2388 756 2470 ipsiusmet
781 2386 910 2449 Comitis
936 2387 975 2449 de
1001 2388 1197 2458 Harreoourt,
1225 2407 1286 2468 quo

16 2519 23 2553 n
95 2494 239 2565 argentea
255 2485 321 2564 ejus
337 2483 491 2565 suppellex
503 2483 667 2546 vehebatur
682 2483 889 2565 Hispanorum
901 2482 959 2544 fuit
972 2482 1117 2565 spolium:
1138 2483 1202 2566 ipsc
1214 2504 1288 2546 vero

15 2630 20 2638 .
96 2600 168 2640 oum
185 2579 247 2640 suis
264 2577 441 2640 effusissima
461 2579 536 2662 fuga
557 2576 767 2661 Pignorolium
787 2578 952 2641 contendit.
995 2578 1074 2640 Hsec
1094 2578 1221 2641 victoria
1237 2601 1286 2642 res

15 2731 18 2738 .
98 2675 253 2756 Hispanas
265 2674 394 2736 multum
412 2675 570 2755 promovit,
589 2673 732 2754 auxitque
748 2675 865 2736 animos
881 2673 986 2736 militis
1004 2674 1113 2735 mirum
1127 2684 1284 2754 quantum,

95 2773 173 2833 adso
193 2780 229 2832 ut
241 2769 389 2835 ¹Marcbio
405 2770 445 2832 do
465 2771 601 2852 legaues
618 2769 724 2831 Casula
744 2770 881 2833 obsidere
903 2770 981 2832 serio
1001 2770 1182 2840 decreverit;
1202 2773 1285 2852 quod

96 2880 197 2929 umen
210 2876 314 2948 postea
324 2869 363 2928 ob
378 2866 463 2929 varia
475 2865 642 2928 incidentia
659 2864 873 2948 impedimenta
887 2867 918 2929 in
935 2864 1138 2928 commodiora
1152 2876 1285 2948 tempora

97 2962 213 3026 differri
225 2963 342 3026 debuit.
