3225 4700
319 291 380 357 146
710 286 734 351 I
739 284 1025 352 TINERARI
1033 282 1120 349 ΠΜ.

315 442 369 524 qui
391 450 474 504 tanto
496 442 598 502 favore
619 438 691 500 felix
720 438 943 519 quamprimum
963 458 994 498 se
1018 437 1058 497 ad
1079 436 1136 496 iter
1156 433 1312 516 disposuit,
1336 433 1517 517 magnisque

316 539 472 601 itineribus
485 536 615 598 Romam
629 534 810 617 properavit.
854 534 931 616 Ejus
940 532 1126 614 triumphum
1137 532 1182 593 uti
1193 530 1293 593 aviris
1302 529 1363 593 fide
1374 530 1521 613 dignissi-

315 635 373 697 mis
385 656 421 695 ac
434 632 561 695 oculatis
572 632 697 694 testibus
709 630 881 713 accepimus
894 630 943 691 blo
956 629 1052 690 obiter
1064 628 1278 691 describemus.

357 730 503 792 Nondum
516 728 639 791 omuino
652 726 793 809 attigerat
807 724 1031 787 Illustrissimus
1046 725 1193 805 Princeps
1212 724 1342 808 legatus
1356 724 1522 787 cesarem

315 839 432 911 portam
445 828 537 897 urbis,
547 827 627 887 orbis
639 824 792 899 Dominae,
803 844 872 905 quae
885 824 904 884 l
919 823 1039 903 Populo
1053 819 1332 883 Nomenclationem
1345 822 1455 883 sortita
1463 830 1521 895 est,

316 946 386 987 cum
396 924 499 986 esseda
511 922 570 1004 ipsi
579 941 671 1004 prope
683 920 853 997 innumera,
867 940 918 981 sex
932 918 1016 999 equis
1028 916 1189 1001 magnifice
1197 926 1303 991 tracta,
1315 917 1346 978 in
1354 938 1522 978 occursum

316 1028 486 1104 properant,
500 1020 532 1079 in
546 1018 655 1099 quibus
668 1016 879 1099 precedebant
892 1014 1205 1078 Eminentissimornm
1220 1013 1425 1075 Dominarum
1442 1012 1523 1077 Car·

315 1116 462 1179 dinalium
480 1114 573 1177 aulici
593 1113 748 1196 proeoipui,
774 1112 829 1192 qui
849 1111 969 1175 honoris
987 1110 1076 1173 causi
1093 1110 1254 1171 salutatum
1271 1108 1522 1172 Illustrissimum

317 1212 464 1294 legatum
483 1209 630 1294 praemissi
649 1208 778 1285 fuerant,
790 1208 871 1270 inter
885 1228 961 1289 quos
976 1228 1084 1291 agmen
1103 1207 1233 1269 ducebat
1250 1206 1522 1269 Eminentissimus

316 1308 487 1371 Cardinalis
495 1326 532 1367 ex
542 1304 737 1367 serenissima
745 1304 904 1369 Sabaudiae
913 1305 1003 1367 domo
1010 1304 1164 1379 oriundus,
1176 1300 1521 1364 ProtectorGermauire

314 1414 346 1466 et
366 1402 514 1484 imprimis
533 1400 804 1463 Haereditariarum
833 1410 978 1463 terrarum
1010 1400 1251 1473 Austriaeamm,
1274 1397 1520 1461 Eminentissimi

315 1497 387 1561 item
402 1496 579 1561 cardinales
588 1496 665 1557 Pius
675 1496 851 1581 Burgesins,
862 1507 893 1558 et
902 1496 1149 1559 Aldobraudinus
1159 1516 1294 1557 unacum
1305 1494 1520 1558 Illustrissimo

316 1594 406 1655 Duce
419 1595 459 1655 de
472 1591 601 1654 Pozrolo
612 1612 676 1654 susa
689 1590 837 1655 Coesareae
853 1592 1021 1675 Majestatis
1032 1592 1158 1655 Oratore
1167 1592 1329 1665 ordinario,
1340 1592 1519 1655 Illustrissi·

314 1712 365 1753 mc
374 1711 436 1752 non
445 1688 546 1751 minus
559 1688 739 1752 Marobioue
752 1690 786 1751 di
799 1688 902 1753 Castel
916 1690 1064 1774 Rodrigo,
1078 1710 1113 1752 ac
1128 1690 1301 1753 Perillustri
1310 1689 1448 1753 Domino
1457 1692 1483 1753 J
1482 1712 1517 1753 o-

312 1807 391 1849 anue
403 1786 581 1849 (liumasero
594 1785 746 1848 Catholici
759 1787 855 1870 Regis
870 1787 992 1871 legate.
1035 1788 1097 1860 Qui
1110 1807 1213 1849 omnes
1226 1785 1280 1848 ubi
1292 1786 1419 1849 salutem
1431 1787 1516 1849 ultro

312 1886 448 1966 citroque
460 1883 624 1959 dedissent,
638 1884 888 1966 recepissentque,
903 1884 1081 1968 quadrigam
1095 1882 1258 1967 magnifico
1266 1892 1415 1966 apparatu
1428 1884 1515 1947 adid

313 2001 417 2043 recens
439 1987 606 2063 praeparato
625 1980 815 2042 Sereuissimi
838 1981 994 2063 Principis
1018 2000 1054 2042 ac
1077 1978 1318 2042 Eminentissimi
1339 1980 1515 2043 cardinalis

315 2078 523 2139 Sabaudorum
535 2076 785 2138 conscenderunt.
821 2078 897 2139 Erat
910 2076 1240 2159 autembeeqmdngs
1248 2073 1516 2139 rubroboloserico
1590 2096 1591 2103 ¹

313 2175 449 2254 undique
468 2181 557 2247 tecta,
571 2182 602 2234 et
614 2173 763 2256 argenteis
776 2173 871 2235 elaris
884 2174 1078 2256 undiquaque
1090 2172 1220 2249 confixa,
1235 2192 1327 2254 quam
1339 2192 1431 2254 supra
1444 2192 1515 2235 oen·

316 2278 379 2331 tum
399 2270 501 2331 rbedre
522 2270 600 2346 alise,
618 2288 672 2331 sex
689 2270 774 2349 equis
792 2271 997 2353 praeeuntibus
1017 2270 1161 2356 singulas,
1180 2280 1291 2333 secutae
1308 2280 1390 2341 sunt,
1402 2269 1514 2352 quibus
1590 2304 1591 2334 r

312 2367 459 2449 praecipui
486 2367 632 2428 Romana
654 2368 738 2428 urbis
760 2369 928 2449 optimates,
952 2369 1101 2451 aulicique
1120 2369 1271 2430 variorum
1287 2368 1458 2448 principum
1476 2387 1514 2430 ac
1588 2439 1589 2442 Ἴ

313 2464 504 2525 dominorum
518 2463 716 2526 ducebantur.
736 2464 806 2526 Hos
819 2485 924 2527 eunus
937 2467 1156 2547 praevertsbsnt
1169 2465 1291 2546 plurimi
1303 2465 1401 2526 rubris
1414 2464 1515 2527 induti
1588 2443 1589 2474 ¹

313 2562 394 2644 togis
413 2570 444 2623 et
463 2561 549 2641 equis
566 2559 707 2622 sublimes
722 2561 782 2622 riri
797 2562 1026 2644 spectatissimi3
1048 2573 1138 2645 atque
1156 2562 1213 2624 boo
1229 2561 1291 2622 fere
1308 2561 1425 2634 ordine,
1441 2583 1512 2622 con·

314 2667 452 2720 currente
469 2657 509 2718 ad
526 2656 690 2718 novitatem
704 2659 870 2739 spectaculi
886 2659 1007 2722 infinita
1023 2659 1116 2742 plebis
1133 2658 1338 2730 multitudine,
1355 2657 1389 2718 in
1408 2659 1511 2720 urbem

315 2754 462 2816 deductus
479 2762 525 2815 est
537 2753 762 2816 Illustrissimus
776 2755 926 2838 Princeps
939 2757 977 2818 de
991 2757 1184 2840 Eggeuberg,
1199 2775 1315 2817 summa
1327 2754 1513 2818 humanitate

313 2851 492 2933 gravitatem
513 2860 683 2931 temperans
704 2852 809 2914 obvios
829 2853 990 2914 salumutes
1011 2873 1043 2914 se
1064 2852 1238 2916 resalutans.
1294 2851 1358 2915 Ubi
1378 2871 1451 2914 rem
1472 2854 1512 2914 ad
1582 2849 1583 2886 l

314 2947 471 3027 pallatium
496 2946 737 3009 Eminentiasimi
759 2949 887 3011 Domini
907 2948 1078 3014 cardinalis
1100 2949 1258 3012 Sabandioe
1277 2957 1404 3012 ventum
1421 2952 1510 3024 este

312 3045 450 3105 curribus
461 3044 577 3126 delapsi
587 3053 660 3106 suut
668 3063 783 3119 omnes,
791 3067 868 3128 quos
875 3046 982 3108 affatus
990 3047 1204 3109 officiosissima
1211 3046 1355 3123 oratioue,
1364 3065 1426 3127 qua
1432 3067 1511 3108 com·

313 3139 371 3200 iter
393 3141 506 3222 gratias
528 3141 638 3223 agebat
657 3149 721 3202 tam
739 3142 906 3206 honorifico
927 3143 1092 3220 comitatui,
1110 3143 1207 3206 multa
1223 3163 1293 3204 cum
1311 3143 1509 3206 satissacu'oue

312 3235 428 3296 dimisit
440 3237 605 3299 universos.

354 3332 504 3413 Princeps
524 3342 624 3395 autem
644 3355 715 3396 cum
733 3335 843 3417 partim
860 3355 899 3396 ex
917 3333 1023 3397 itinere
1045 3335 1221 3417 respirandi,
1244 3334 1354 3416 partim
1374 3335 1505 3397 animum

312 3427 475 3510 colligendi
489 3448 589 3504 eausa,
601 3431 633 3490 in
644 3432 786 3493 conclave
796 3433 882 3515 regio
891 3429 970 3493 fanu
985 3452 1039 3513 pro
1051 3453 1106 3494 sua
1112 3431 1301 3495 celsitudine
1309 3443 1504 3515 praeparatum

311 3526 458 3608 tantisper
470 3547 502 3587 se
515 3527 683 3609 recepisset,
702 3528 793 3609 paulo
812 3536 879 3609 post
893 3527 1105 3590 comitantibus
1123 3528 1284 3591 Oardiuale
1301 3529 1505 3592 subaudisset

312 3624 401 3686 Duce
414 3625 453 3687 de
469 3624 599 3687 Pozaolo
611 3635 690 3687 tecta
702 3624 904 3706 undequaque
917 3625 1065 3708 quadriga
1073 3625 1114 3688 ad
1122 3625 1259 3688 osculum
1269 3625 1355 3708 pedis
1366 3626 1503 3689 insulam
