3225 4700
484 359 894 434 ITINERARIUM.
1224 366 1289 432 255

75 509 299 592 effunduntur,
315 515 399 580 (lulli
411 517 543 582 collectis
565 519 674 582 unimie
691 528 870 601 recuperent
878 519 1035 580 desertum
1052 515 1222 593 stationem,
1236 530 1293 578 ‘cc-

75 619 285 695 meetum'qne
297 633 370 677 oum
382 615 549 678 munitione
560 615 766 697 intercipiunt,
781 615 865 697 quod
878 613 1008 677 multum
1025 614 1159 676 obsessos
1172 613 1291 675 afflixit.

79 711 302 774 Nihilominus
312 711 474 776 ‘Generalis
487 713 526 776 dc
539 713 570 775 le
579 713 678 776 Gutta
689 712 862 795 conjunctis
874 731 945 774 curn
960 711 1105 793 Principe
1118 710 1236 772 Tbome
1245 710 1292 772 ri-

79 809 186 886 ribus,
201 829 239 872 ex
252 809 326 871 urbe
338 809 449 870 iterum
466 807 499 870 in
518 809 677 872 stationem
695 809 871 891 primarium
888 808 1034 889 impetum
1053 807 1137 880 fecit,
1151 807 1292 870 Mercbio

81 927 165 968 vero
178 907 217 969 de
232 907 370 990 Iegenee
383 927 421 970 ex
434 907 528 971 nitere
540 917 624 991 perte
633 908 761 971 eundem
772 908 918 983 edoritnr,
927 907 982 970 sed
995 924 1066 970 cum
1079 907 1164 970 Gelli
1172 927 1206 970 ee
1215 908 1293 970 istnc

82 1003 284 1087 collegissent
294 1005 436 1087 plusculi,
449 1005 637 1068 retrocedere
650 1004 791 1084 utrinque
804 1003 903 1066 coecti
915 1011 996 1079 sunt,
1011 1023 1048 1066 eo
1062 1003 1095 1066 in
1104 1002 1159 1066 illo
1167 1005 1293 1086 quidem

83 1101 206 1162 assultu
220 1101 260 1164 ed
272 1102 454 1184 quingentos
466 1121 588 1166 snorom
603 1101 736 1184 Hispeni
749 1100 959 1164 desiderarunt
970 1100 1109 1181 interque
1121 1099 1190 1162 illos
1203 1101 1294 1163 Colo-

83 1197 207 1259 nellum
221 1197 369 1261 Emilinm
383 1199 500 1263 Gellini
513 1209 699 1282 quatuorque
718 1197 919 1280 Cepimueos:
939 1196 1078 1279 quemvis
1095 1215 1157 1260 noo
1170 1198 1292 1280 poncio·

83 1315 138 1356 res
161 1315 199 1356 ex
216 1305 300 1376 perte
323 1296 483 1359 Gellorum
504 1297 678 1359 occubuisse
700 1305 889 1371 censeantur,
910 1293 1166 1377 qnemedmodum
1188 1293 1290 1355 retulit

86 1391 268 1455 Colouellur
282 1392 452 1476 Pignetelli
464 1395 518 1475 qni
531 1395 610 1456 inter
623 1393 698 1456 elios
710 1392 730 1454 d
744 1391 844 1455 Gullis
856 1392 1005 1455 sancietur
1018 1401 1049 1454 et
1062 1401 1167 1473 ceptus
1180 1389 1289 1464 fueret,

85 1490 144 1552 sed
159 1503 264 1572 poetes
275 1491 415 1552 remissus
428 1501 464 1553 ut
476 1491 682 1554 liberationem
695 1510 751 1552 suo
763 1489 832 1551 loco
844 1487 1021 1570 perillustris
1034 1489 1194 1572 cujusdem
1205 1485 1290 1550 Gelli

85 1585 265 1662 (Monsieur
277 1588 317 1650 de
331 1587 437 1650 Suinct
449 1589 583 1650 Andreoe
597 1587 761 1670 appellent)
774 1587 857 1668 opud
869 1606 938 1648 suos
950 1585 1115 1660 moliretur,
1129 1607 1200 1648 enm
1219 1605 1291 1648 vero

87 1683 117 1744 ie
130 1685 256 1766 mej0rie
273 1695 351 1747 esset
367 1683 525 1768 dignitetie
541 1705 633 1767 quum
649 1693 685 1746 ut
701 1705 772 1746 oum
797 1683 955 1746 colonello
969 1681 1026 1744 boo
1045 1693 1290 1757 commutaretur,

85 1780 182 1844 rediit
194 1783 387 1863 postmodnm
402 1783 443 1844 ed
462 1781 568 1846 Gollos
586 1789 621 1845 nt
637 1783 802 1865 pepigerat
845 1779 910 1842 Hic
928 1799 1002 1862 ergo
1020 1779 1186 1862 Pignetelli
1202 1781 1290 1862 juret

84 1878 286 1953 essevembet,
301 1879 385 1959 qnod
398 1898 468 1941 cum
483 1879 609 1942 Francis
622 1880 662 1942 ed
673 1888 796 1942 centum
809 1876 1031 1961 quinquaginta
1043 1876 1214 1938 vulneratos
1226 1875 1289 1956 pri-

85 1974 202 2036 marios
214 1974 355 2038 officiales
369 1975 530 2038 Gellernm
546 1977 612 2058 ipse
629 1976 740 2038 viderit
756 1996 793 2038 ec
802 1996 856 2038 sex
871 1973 1041 2037 colonelloe
1058 1993 1096 2035 er
1114 1971 1289 2034 vulneribus

86 2081 226 2134 mortuos
243 2071 373 2154 sepeliri,
393 2071 546 2155 libereque
567 2072 674 2136 Gellos
690 2072 830 2136 confiteri
849 2092 940 2155 snpre
958 2069 1147 2154 octingentos
1166 2086 1290 2130 snorum

87 2169 266 2246 desiderari,
281 2169 334 2252 qui
347 2171 567 2246 occubuissent,
581 2179 690 2252 prester
703 2179 817 2251 ceptus.
846 2168 1057 2231 Plurimornm
1070 2167 1161 2228 etiem
1177 2163 1290 2247 Hispo·

85 2281 199 2328 norum
213 2267 270 2328 fuit
282 2267 386 2349 opinio
393 2267 433 2330 ed
443 2269 501 2331 trie
510 2268 607 2332 millie
617 2267 826 2352 Hispanorum
835 2267 893 2329 isto
902 2286 965 2328 unc
974 2266 1089 2348 impetn
1102 2262 1288 2338 occubuisse,

85 2365 144 2427 sed
162 2382 232 2426 cum
251 2364 349 2429 indies
367 2366 545 2448 egmiuetim
563 2368 604 2430 ed
622 2386 692 2430 ense
710 2376 825 2429 turmee
844 2366 969 2428 redeunt
988 2362 1123 2446 plurimi,
1143 2362 1288 2424 domnum

86 2462 211 2525 nonnisi
225 2462 266 2524 ed
278 2472 433 2525 sexcentos
445 2463 556 2527 milites
568 2484 726 2527 excurrere
738 2463 869 2536 ridetur,
880 2469 990 2544 prater
999 2460 1083 2522 mille
1093 2458 1213 2522 circiter
1221 2457 1291 2519 rul-

86 2568 222 2621 ueretos.

133 2656 263 2737 Exque
285 2654 358 2719 Don
380 2656 508 2721 Carolus
526 2658 564 2721 de
585 2657 616 2719 le
636 2656 732 2720 Gette
749 2677 821 2721 oum
842 2656 937 2719 tribus
958 2653 1079 2717 circiter
1100 2651 1235 2715 millibus
1256 2654 1287 2715 in

87 2752 196 2816 urbem
207 2756 375 2835 penetravit
386 2756 426 2818 ed
440 2754 615 2837 Principem
628 2754 787 2831 Thcmem,
805 2753 927 2817 tertium
944 2751 1034 2814 focile
1052 2750 1211 2813 Generalis
1230 2751 1288 2811 Le·

89 2868 186 2933 genes
209 2852 250 2913 ed
273 2852 418 2914 ducentes
438 2850 536 2915 mulos
553 2852 677 2935 pulvere
694 2852 806 2913 nitreto
823 2860 945 2912 onmtce
965 2850 1007 2910 od
1028 2847 1152 2911 Pedum
1176 2847 1287 2909 deduci

81 2944 188 3025 jussit,
208 2964 331 3026 sperone
342 2944 417 3020 sore,
432 2954 467 3007 nt
479 2946 591 3009 obsessi
603 2946 759 3027 eruptione
773 2945 853 3006 iente
865 2964 916 3005 eos
930 2944 961 3004 in
975 2943 1080 3004 urbem
1093 2958 1184 3023 perro
1193 2939 1225 3000 vi
1234 2960 1288 3002 een

89 3050 159 3101 estu
172 3050 390 3121 promoverent,
404 3042 488 3123 quod
500 3051 601 3105 temen
615 3044 654 3105 ob
667 3041 791 3124 vigilem
810 3041 995 3103 Francorum
1012 3058 1118 3103 curum
1135 3038 1204 3100 fieri
1217 3058 1288 3099 nne-

12 3206 13 3221 ,
89 3158 185 3221 quern
199 3140 308 3221 potuit,
322 3140 403 3201 unde
420 3140 556 3223 Iegunes
571 3140 738 3223 retrogredi
755 3142 839 3218 (cnm
859 3146 963 3199 contre
980 3136 1088 3199 Gelloe
1100 3156 1132 3199 ee
1145 3135 1189 3197 nil
1201 3153 1288 3218 poree

90 3234 194 3297 moliri
208 3236 336 3313 videret)
350 3244 470 3299 coectue
483 3246 538 3298 eet.
997 3310 1002 3319 .

131 3329 288 3412 Vigeeime
304 3329 394 3392 Junii
413 3328 598 3392 Oueeelensis
618 3328 812 3391 Gubernator
829 3328 988 3392 Monsienr
1004 3330 1043 3393 de
1055 3329 1087 3391 ln
1102 3328 1196 3391 Terre
1217 3350 1287 3392 cnm

88 3425 187 3488 tribus
200 3426 332 3488 millibus
346 3426 715 3503 Montis-Ferretensibue,
728 3446 764 3488 ec
778 3426 1006 3510 quadringentis
1019 3426 1165 3489 militibus
1174 3427 1289 3490 exerci-

88 3522 160 3584 tntis
184 3523 346 3605 peditibus,
369 3533 400 3586 et
420 3524 561 3587 trecemis
584 3524 735 3605 equitibus
758 3523 937 3606 intempesto
958 3534 1047 3587 noete
1068 3525 1110 3586 od
1132 3523 1287 3585 civitatem

87 3618 267 3683 'l'rinensem
279 3620 359 3684 sires
372 3621 517 3696 sdmosit,
530 3630 631 3703 portos
644 3622 768 3704 pulvere
781 3621 975 3684 tormentorio
987 3621 1118 3704 disjecit,
1131 3641 1168 3682 ec
1179 3619 1288 3701 inipso

88 3736 209 3798 quoqne
224 3718 306 3780 urbis
321 3718 398 3781 velle
410 3718 516 3781 enixus
529 3726 582 3794 est,
596 3719 649 3783 sed
663 3727 783 3800 potente
798 3716 908 3780 virtute
919 3728 948 3780 et
962 3718 1120 3803 vigilantio
1129 3717 1288 3779 Guberna-
