3225 4700
358 321 424 389 344
744 316 772 382 I
779 316 1074 386 TINERARI
1082 316 1167 385 ΠΜ.

356 474 419 536 suis
431 473 547 535 viribus
560 472 674 534 diffisus
686 471 880 533 Gubernator
892 470 979 545 arcis,
992 470 1070 532 olam
1084 472 1218 549 civitate,
1230 492 1300 533 cum
1315 469 1540 533 Dorstensobniu

357 582 462 654 pactus
477 572 582 633 cedere
598 590 697 632 arcem
715 568 805 631 certis
822 567 1060 631 conditionibus:
1083 570 1192 651 quibus
1210 568 1469 631 Durateusobnius
1486 568 1540 629 sub

357 669 486 730 scribere
503 668 655 751 pollicitus
673 678 729 729 est.
771 665 863 738 Quod
879 666 952 727 dum
969 686 1023 747 per
1042 667 1137 728 urben
1154 666 1338 748 divulgatur,
1359 684 1479 725 summa
1497 664 1542 725 suit

357 766 491 828 omnium
511 765 722 840 consternatio,
736 764 791 846 qui
806 772 950 844 sequente
970 772 1058 824 nocte
1076 763 1153 825 nihil
1170 763 1254 825 aliud
1267 764 1447 825 verebantur
1461 763 1541 844 quin

357 861 553 943 irruptionem
570 872 602 923 et
619 861 824 923 omnimodam
842 859 975 922 civitatis
992 859 1217 942 expilationem.
1260 861 1321 923 Sed
1335 860 1442 922 mitius
1454 870 1540 921 actura

357 968 412 1031 est,
431 970 586 1039 metusque
601 958 723 1034 cecidit,
742 957 864 1039 quando
883 956 980 1039 primo
998 956 1135 1019 diluculo
1152 958 1288 1039 deputati
1302 957 1343 1019 ad
1361 957 1539 1019 tractandum

357 1055 451 1128 missi,
465 1057 565 1117 verbis
581 1055 804 1117 humanissimis
822 1054 938 1137 accepti
951 1063 1031 1125 sunt,
1045 1054 1084 1115 ab
1100 1054 1138 1115 iis
1157 1054 1351 1115 nihilominus
1364 1054 1465 1115 decies
1482 1074 1539 1113 cen·

355 1162 427 1214 teua
438 1153 638 1233 imperialium
652 1153 748 1214 millia
759 1172 815 1233 pro
827 1151 897 1213 litro
908 1151 1067 1233 postulata,
1079 1172 1170 1233 qnam
1183 1172 1333 1213 summam
1347 1151 1482 1233 deputati
1491 1150 1539 1231 qui

355 1250 535 1325 rationibus,
558 1250 620 1330 qui
639 1270 728 1331 prece
750 1249 791 1310 ad
812 1256 945 1311 trecenta
965 1248 1062 1311 millia
1081 1248 1279 1325 deduxerunt,
1301 1270 1368 1331 qnae
1389 1246 1538 1330 partimin

354 1354 458 1427 parata
471 1347 609 1427 pecnnia,
624 1346 778 1429 partimin
793 1366 893 1428 pauno
904 1346 1067 1409 solverunt.

391 1444 533 1527 Superest
545 1466 627 1506 nunc
644 1456 680 1507 ut
699 1445 804 1527 paucis
817 1445 1052 1528 perstringamus
1072 1444 1270 1515 conditiones,
1282 1444 1393 1524 quibus
1411 1462 1471 1503 non
1485 1454 1538 1503 tau·

354 1546 419 1602 tdrn
437 1562 491 1602 arx
509 1541 781 1624 Pleissenburgica,
800 1543 854 1603 sed
869 1543 935 1623 ipsa
955 1542 1046 1603 stiam
1064 1542 1171 1603 civitas
1189 1540 1353 1601 victoribus
1374 1540 1478 1601 dedita
1491 1548 1536 1601 est.

354 1638 397 1699 Et
414 1639 453 1698 ad
472 1658 573 1701 arcem
593 1638 728 1719 quidem,
746 1640 829 1719 quod
843 1647 967 1719 spectat,
984 1640 1016 1700 iu
1032 1638 1096 1701 bac
1114 1642 1184 1700 cum
1204 1636 1446 1699 Dorsteusohnio
1462 1647 1537 1717 pacta

353 1735 499 1797 concessit
516 1736 595 1796 arcis
615 1735 807 1797 Gubernator
823 1735 1058 1819 christophorus
1075 1734 1248 1797 Tromdorff
1256 1734 1404 1797 'Viearius
1418 1734 1535 1797 Chiliar·

352 1831 418 1895 cbae
431 1852 484 1893 seu
496 1832 634 1915 legionis.

393 1929 422 1989 Ι.
444 1929 561 1990 Eodem
576 1930 628 1991 die
646 1928 725 1990 arcis
744 1929 935 1991 Gubernator
954 1929 1101 1995 unicum
1118 1928 1309 2010 praesidiariis
1324 1929 1388 1991 suis
1404 1938 1467 1991 tum
1483 1930 1533 1991 offi-

350 2026 477 2088 cialibus
493 2026 587 2108 qnam
603 2028 760 2111 gregariis,
773 2046 845 2087 cnm
858 2026 942 2087 omni
956 2026 1080 2087 militari
1098 2026 1285 2101 solennitate,
1300 2046 1384 2087 more
1402 2026 1534 2089 militibus

350 2124 461 2184 usitato
478 2124 510 2183 in
528 2124 643 2203 optima
662 2126 768 2197 forma,
786 2124 923 2199 excedet,
941 2136 971 2185 et
988 2124 1021 2185 in
1039 2124 1190 2186 civitatem
1209 2123 1365 2185 transibit:
1386 2125 1532 2187 stationem

349 2220 422 2281 verb
435 2239 519 2280 suam
539 2220 684 2282 Generali
700 2221 896 2283 Snecicarum
914 2222 1070 2303 copiarum
1085 2221 1191 2293 tradet,
1206 2222 1403 2303 sequentique
1417 2223 1477 2297 die,
1490 2222 1533 2282 sub

349 2316 453 2379 horam
467 2317 589 2380 circiter
601 2338 712 2381 nonam
726 2329 778 2380 aut
792 2318 953 2394 decimam,
968 2320 1107 2381 Drestam
1120 2318 1294 2382 deducetur.

390 2415 438 2474 II.
460 2414 620 2496 Integrum
634 2426 734 2483 tamen
748 2417 847 2478 eidem
862 2417 1066 2479 Gubernatori
1079 2419 1145 2486 erit,
1157 2417 1219 2478 unt
1229 2437 1299 2478 cum
1311 2415 1414 2478 liberis
1425 2417 1494 2490 suis,
1505 2433 1532 2474 aa

348 2509 464 2572 familia
477 2511 526 2572 vel
543 2513 654 2593 Lipsiae
669 2513 718 2574 sel
737 2514 821 2586 alibi,
835 2514 886 2575 ubi
904 2515 1103 2595 possessiones
1122 2523 1151 2575 et
1167 2515 1246 2575 bona
1261 2513 1352 2576 habet
1364 2512 1531 2576 commorari

347 2609 378 2668 in
393 2609 503 2687 quibus
514 2611 654 2670 omnibns
667 2609 686 2671 b
699 2631 879 2692 quacunque
892 2610 1029 2672 molestia
1042 2611 1119 2671 liber
1134 2611 1369 2672 conservabitur.
1411 2611 1533 2673 Curatur

346 2715 447 2765 tamen
462 2706 622 2785 aequoris
636 2717 771 2790 tempore
789 2708 829 2770 ad
845 2708 1072 2770 serenissimum
1087 2709 1255 2770 Electorem
1270 2728 1325 2790 pro
1337 2708 1427 2769 libitu
1440 2729 1531 2770 excur·

345 2821 410 2862 rere
428 2803 538 2882 possit3
558 2803 641 2883 quod
658 2805 684 2865 si
702 2805 884 2886 quandoque
902 2805 1092 2887 negotiorum
1109 2825 1200 2866 causa
1215 2805 1293 2866 istuc
1309 2804 1443 2866 eundum
1456 2805 1531 2873 foret,

345 2897 590 2961 dGubernatore
603 2900 747 2962 moderno
763 2902 841 2962 arcis
859 2921 978 2983 passum
997 2921 1208 2984 repassumqus
1224 2911 1316 2982 petet,
1331 2911 1360 2964 et
1375 2902 1529 2974 obtinebit3
1574 2913 1575 2916 ’

339 2995 523 3076 jubeturque
547 2997 585 3057 ab
608 2997 748 3058 omnibus
771 2999 915 3082 suspectis
942 2999 1050 3061 litteris
1071 3010 1101 3062 et
1127 2999 1248 3062 nunciis
1271 3009 1378 3060 contra
1401 3017 1530 3060 coronam

344 3093 460 3155 Sueciae
474 3096 632 3158 abstinere.

386 3191 452 3252 III.
475 3193 591 3255 Eadem
607 3194 718 3276 Lipsioe
732 3193 928 3256 commoratio
943 3192 1117 3276 indulgetur
1130 3193 1288 3266 militibus,
1299 3194 1324 3254 si
1339 3193 1394 3275 qui
1407 3193 1474 3254 istic
1486 3191 1529 3252 ba·

342 3287 439 3348 bitare
462 3289 594 3352 vellent:
624 3311 661 3352 ac
682 3292 761 3353 iuter
783 3290 839 3352 bos
860 3291 949 3352 etiam
973 3290 1211 3351 numerabuntur
1231 3290 1366 3370 praefecti
1388 3289 1527 3361 vinorum,

342 3386 576 3460 armamentarii,
596 3397 627 3448 et
646 3398 875 3460 tormentorum,
900 3387 954 3467 qui
977 3387 1192 3468 aliquantisper
1214 3387 1245 3447 in
1269 3388 1411 3470 prasidio
1430 3385 1528 3448 Pleus-

341 3481 548 3565 senburgieusi
564 3486 745 3560 servierunt,
760 3485 834 3546 alids
855 3485 925 3546 verb
948 3485 1056 3568 Lipeiae
1075 3483 1258 3556 habitarunt,
1273 3485 1315 3546 ita
1332 3493 1442 3558 tamen,
1456 3489 1527 3544 utet

341 3577 399 3660 ipsi
415 3589 541 3641 caveant
553 3601 747 3664 quascunque
760 3592 911 3664 suspectas
926 3603 996 3644 cum
1011 3582 1095 3644 hoste
1106 3581 1295 3644 collusiones.

383 3675 441 3737 IV.
464 3676 657 3740 Gubernator
669 3699 788 3741 omnem
806 3689 984 3762 apparatum
996 3679 1149 3756 bellicum,
1163 3691 1194 3742 et
1210 3699 1361 3742 annonam
1378 3679 1524 3760 reliquam,
