3225 4700
321 337 364 402 54
723 330 1126 400 ITINERARIUM.

402 487 460 549 IV.
483 485 619 548 Maxima
638 485 691 547 illa
710 485 887 569 (Haereticis
907 509 968 549 non
987 496 1033 549 est
1052 487 1199 549 mrvanda
1218 484 1308 567 tides)
1327 482 1513 566 penitissime

360 584 505 646 abolenda
518 593 571 658 est,
583 582 781 662 omnibusque
794 584 889 664 pactis
902 585 1057 646 conventis
1070 582 1271 646 sincerissimb
1283 582 1356 659 fide,
1369 582 1435 644 sine
1449 579 1515 642 ulla

359 680 464 742 frande
477 680 584 742 dolove
595 678 766 741 firmissime
780 680 930 741 standum.

399 778 440 838 V.
462 776 601 838 Saxonioe
627 775 701 836 Dux
724 786 755 837 et
775 775 916 837 Marchio
936 776 1232 859 Brundenburgicua,
1254 775 1417 850 Electum,
1438 792 1514 835 cnm

360 874 471 935 domm
484 873 556 954 ipsis
569 871 652 934 illata
664 880 859 953 sumptusque
872 873 905 934 in
918 871 1045 934 militem
1058 874 1191 954 aliosque
1204 893 1276 934 naus
1289 872 1416 954 impensi
1427 891 1512 932 com·

360 969 480 1052 pensari
493 969 541 1030 vel
560 968 675 1030 restitui
694 969 821 1029 minime
839 970 962 1051 possint,
978 989 1167 1030 communem
1184 968 1297 1030 faciant
1316 967 1513 1038 Amantiam,

360 1087 415 1128 nac
429 1075 495 1148 post
507 1065 564 1127 bac
578 1064 693 1146 aliquid
707 1073 851 1146 repetant.

399 1163 458 1224 VI.
481 1163 639 1224 Exercitus
665 1161 816 1241 utrimque
839 1181 876 1221 ex
904 1161 1037 1242 Imperio
1063 1172 1167 1224 contra
1192 1161 1291 1222 hostes
1316 1169 1431 1222 exteros
1457 1178 1513 1219 seu

359 1259 488 1320 ancam
503 1261 600 1341 potius
614 1257 810 1318 abducantur.

361 1356 479 1418 Praeter
490 1356 555 1417 hac
565 1362 651 1435 pecta
662 1351 843 1414 Fridlandns
852 1355 943 1416 etiam
953 1355 1013 1416 alia
1022 1356 1219 1437 adjecitque
1229 1375 1313 1416 snam
1322 1352 1511 1435 potissimum

321 1471 478 1534 personam
488 1452 650 1534 tangebant
661 1469 729 1530 quae
744 1471 814 1510 cunr
828 1452 957 1531 paucula
969 1452 1040 1527 sint,
1049 1462 1079 1513 et
1088 1452 1280 1512 ambitionem
1294 1450 1511 1528 avaritiamque

319 1548 449 1611 bominis
461 1546 663 1628 superbissimi
676 1546 932 1628 sordidissimiqne
945 1548 1064 1609 abunde
1073 1549 1232 1609 ostendant
1241 1546 1300 1608 buc
1310 1545 1438 1624 adjicere
1447 1564 1510 1605 non

319 1646 371 1705 aba
385 1665 417 1705 re
430 1664 493 1705 esse
506 1643 590 1704 duxi.
1245 1716 1249 1725 1

361 1740 521 1802 Fridlandi
543 1739 689 1821 postulata
709 1759 793 1800 suam
816 1759 972 1821 personam
996 1740 1216 1812 concernentia,
1239 1759 1307 1820 qnae
1327 1737 1417 1799 simul
1437 1755 1512 1797 cnm

319 1858 409 1918 supra
430 1836 598 1898 memoratis
620 1836 754 1918 proxime
776 1837 911 1898 articulis
932 1857 986 1898 sou
1008 1828 1229 1898 conditionibus
1248 1836 1398 1918 proposita
1416 1845 1447 1895 et
1468 1835 1513 1895 ad
1607 1876 1608 1889 r

321 1933 459 1995 Saxonioe
474 1933 643 1994 Electorem
657 1932 748 1993 missa
760 1940 840 1993 sunt.

400 2030 429 2091 Ι.
452 2031 486 2091 si
500 2029 649 2091 Coronam
664 2028 820 2089 Bohemiae
832 2029 966 2089 obticere
986 2027 1168 2089 Fridlandus
1185 2028 1284 2110 possit,
1299 2029 1457 2111 pollicetur
1476 2047 1510 2088 se

357 2127 505 2200 omnibus,
514 2125 713 2207 superioribus
724 2125 812 2184 annis
825 2124 928 2205 inique
942 2145 1034 2206 regno
1047 2124 1201 2186 Bobemiae
1211 2124 1315 2205 pulsis,
1325 2135 1356 2185 et
1368 2125 1388 2185 d
1400 2125 1510 2204 quovis

357 2230 489 2302 tempore
503 2222 594 2284 libere
608 2221 656 2283 vel
669 2223 770 2282 coacte
784 2221 983 2295 exulantibus,
997 2241 1052 2282 sua
1064 2221 1140 2281 inibi
1152 2222 1232 2281 bona
1247 2221 1376 2282 fideliter
1389 2221 1509 2283 restitn-

358 2339 444 2395 rum3
467 2319 707 2399 libertatemque
727 2317 824 2379 ubivis
842 2317 976 2379 locorum
994 2317 1147 2401 religionis
1163 2318 1375 2399 permissurum
1395 2318 1509 2380 Palati·
1608 2363 1609 2394 p

358 2437 430 2478 num
445 2436 563 2497 quoque
577 2415 726 2476 Comitem
745 2414 777 2475 in
796 2434 881 2476 suam
900 2415 1027 2496 patriam
1046 2424 1099 2477 ant
1114 2416 1319 2497 palatinatum,
1333 2434 1387 2476 sen
1404 2417 1507 2490 armis,
1608 2401 1609 2452 i

358 2532 410 2573 seu
422 2512 751 2573 aliisamieabilioribus
764 2512 872 2573 mediis
886 2513 1091 2574 reducturum.
1608 2551 1609 2600 p

399 2608 447 2671 II.
470 2609 533 2670 Pro
552 2607 779 2690 Mecbelburgo‚
800 2609 930 2690 Sagana,
948 2620 1007 2671 etc.
1019 2609 1076 2670 sibi
1093 2610 1131 2670 ab
1150 2609 1336 2691 Imperatore
1352 2607 1385 2667 in
1403 2628 1507 2689 snmp·

356 2716 442 2769 tuum
456 2716 486 2767 et
498 2706 685 2767 servitiorum
699 2724 821 2765 suornm
833 2725 1023 2788 compensam
1034 2706 1169 2768 donatia:
1190 2704 1315 2785 aliisque
1328 2704 1436 2764 debitis
1448 2704 1507 2764 sibi

357 2802 455 2865 adhuc
469 2802 656 2874 restantibus,
671 2800 853 2862 Fridlandus
867 2822 927 2861 non
941 2802 1000 2863 nisi
1014 2801 1162 2863 Moravia
1181 2800 1425 2862 Marobionatum
1438 2820 1506 2882 pos-

356 2899 465 3056 tullil.
488 2994 568 3057 Cum
585 2994 642 3055 sibi
660 2993 800 3055 Bavarioe
821 2991 894 3054 Dux
913 2992 1140 3055 Maximilianus
1158 2994 1189 3055 in
1204 2992 1363 3076 Collegiali
1383 2992 1506 3054 Princi-

357 3110 427 3173 pem
450 3101 599 3152 conventn
626 3090 798 3171 Ratisponae
822 3089 935 3164 habito,
959 3090 1130 3165 obstitisset,
1152 3100 1314 3171 auctorque
1335 3092 1507 3172 praecipuus

356 3186 469 3262 fuisset,
485 3196 519 3247 ut
530 3186 657 3247 militare
672 3184 838 3266 Imperium
857 3186 913 3247 sibi
932 3186 1134 3269 abrogaretur,
1148 3187 1226 3249 velle
1238 3208 1270 3249 se
1283 3189 1312 3249 ei
1325 3188 1505 3271 oppignora-

357 3290 418 3343 tam
431 3284 468 3343 ab
482 3281 665 3365 Imperatore
679 3292 787 3344 terram
805 3283 846 3342 ob
865 3283 919 3344 der
939 3283 1005 3343 Ena
1021 3283 1144 3356 dictam,
1159 3284 1190 3344 vi
1211 3284 1360 3365 armisque
1377 3285 1410 3346 in
1423 3305 1505 3346 com·

357 3398 478 3460 pensam
492 3378 658 3439 debitorum
673 3378 796 3459 eripere.

399 3473 457 3535 IV.
479 3473 561 3535 Petit
581 3473 772 3551 Fridlandus‚
793 3484 828 3536 ut
845 3474 1004 3536 Exercitus
1021 3475 1173 3554 utrimque
1186 3478 1419 3560 conjungantur,
1433 3478 1504 3539 sibi·

357 3590 416 3651 que
429 3580 532 3631 contra
543 3569 641 3632 hostes
655 3571 787 3633 ducendi
796 3571 1024 3632 concredentur.
1054 3570 1115 3631 His
1124 3592 1156 3633 se
1165 3572 1316 3634 Caesarem
1327 3583 1504 3636 coacturum

357 3664 512 3749 promittit,
528 3674 561 3728 ut
573 3667 710 3730 omnibus
722 3666 818 3749 pactis
830 3667 1005 3742 subscribat,
1018 3668 1219 3750 articulosque
1232 3670 1311 3733 inter
1323 3690 1355 3731 se
1368 3680 1400 3732 et
1412 3669 1503 3732 Prin·
