3225 4700
343 319 409 384 384
758 311 1171 379 lTINERARlUM.

344 468 453 550 paturi,
471 474 562 546 atque
575 464 632 526 hac
652 465 769 526 ratione
787 464 905 546 copiam
924 463 981 524 sibi
1000 465 1031 524 in
1051 463 1251 525 Franconiam
1271 463 1365 525 libere
1387 482 1513 546 grassa

342 566 484 628 dandam.
528 563 590 624 Sed
603 581 689 622 secus
704 571 812 642 prater
825 561 960 621 omnium
975 560 1146 642 opinionem
1161 581 1207 621 res
1219 560 1340 622 cecidit.

382 663 464 723 Nam
480 659 593 721 Bavari
608 657 743 719 nondum
756 657 830 718 certi
844 677 904 738 quo
916 657 1130 718 Wimarienses
1145 657 1343 719 instituissent
1357 661 1433 726 iter,
1452 667 1511 716 tan

339 780 394 841 per
413 758 618 831 substiterunt,
638 755 739 837 quoad
757 756 886 816 certiora
905 754 1125 836 cognovissent,
1144 755 1268 816 mittunt
1287 755 1409 816 interca
1431 755 1478 814 de
1502 775 1517 812 s

338 855 443 915 castris
461 865 558 915 certos
575 851 712 913 homines
724 852 777 932 qui
795 851 957 933 exploratis
976 852 1065 913 rebus
1084 853 1125 914 ad
1145 862 1244 913 castra
1261 872 1315 912 sua
1334 850 1512 924 referrent,

339 952 419 1012 inter
432 950 506 1011 alios
519 970 590 1011 cum
603 948 775 1030 quingentis
787 949 939 1030 equitibus
953 948 1141 1011 Colouellum
1158 948 1287 1030 Sporck.

381 1046 446 1108 Hic
461 1047 576 1108 indicio
593 1045 708 1119 rustici,
726 1055 757 1106 et
774 1045 962 1126 captivorum
982 1045 1196 1107 nonnullorum
1215 1046 1254 1106 de
1274 1043 1469 1106 adversariis
1490 1043 1530 1104 ed

339 1155 425 1206 cetur
441 1142 622 1204 Generslem
644 1142 726 1202 Rosa
739 1142 907 1224 Geislingae
926 1163 994 1204 cum
1010 1153 1138 1223 quatuor
1159 1141 1338 1224 legionibus,
1352 1161 1411 1202 sua
1432 1140 1511 1202 scili

339 1240 526 1314 Gucbriand,
542 1239 695 1301 Ohmiaua
710 1249 740 1299 et
752 1239 813 1299 alia
831 1238 970 1300 Roseant
984 1239 1257 1321 equopedeatrium,
1271 1239 1445 1300 universim
1468 1237 1529 1298 mil

338 1339 536 1400 ducentorum
565 1335 700 1416 equitum
733 1335 910 1396 substitisse.
957 1335 1073 1396 Habito
1101 1335 1196 1418 igitur
1229 1336 1354 1398 consilio
1382 1357 1461 1397 cnm
1495 1324 1554 1426 suil

338 1437 479 1508 ducibus,
495 1455 533 1494 an
546 1431 640 1494 Mars
659 1433 820 1495 tentandus
838 1441 924 1506 asset,
945 1441 975 1493 et
992 1433 1164 1495 obruendus
1178 1433 1271 1505 Rosa,
1293 1433 1404 1494 multos
1427 1433 1473 1494 de
1490 1433 1555 1494 offis

338 1533 465 1594 cialibus
485 1529 670 1591 contrarium
693 1530 889 1591 suadentibus
905 1529 1019 1600 habuit,
1040 1530 1174 1592 decrevit
1198 1543 1389 1592 tamencum
1410 1529 1554 1610 reliquos

339 1628 450 1691 milites
463 1627 596 1689 volentes
609 1626 726 1688 videret
738 1627 868 1688 arduum
881 1627 1005 1708 quidem
1016 1628 1171 1706 negotium
1183 1626 1320 1710 aggredi,
1332 1637 1363 1689 et
1376 1628 1435 1688 sub
1449 1627 1559 1710 noctis

338 1726 472 1788 medium
487 1722 673 1785 adversarios
689 1723 842 1784 invadere.
884 1723 973 1785 Misit
989 1723 1089 1804 itaque
1103 1735 1249 1786 trecentos
1263 1726 1302 1786 de
1314 1724 1375 1784 suis
1386 1725 1443 1804 qui
1462 1745 1560 1806 mag·¹

337 1823 385 1884 nis
402 1822 510 1883 animis
528 1821 560 1881 in
574 1840 686 1902 pagum
700 1821 910 1902 irrumperent,
925 1822 1056 1902 reliquos
1070 1823 1142 1884 verb
1163 1823 1307 1884 ducentos
1326 1822 1410 1883 circa
1426 1843 1548 1904 pagum

338 1920 494 2002 disposuit,
514 1917 597 1979 haud
620 1918 690 1979 sane
712 1918 827 1980 infelici
849 1939 999 1980 successu.
1044 1920 1126 1980 Nam
1147 1931 1256 2000 prater
1278 1939 1371 1980 caesos
1391 1918 1547 1980 ducentos

338 2015 466 2097 equites,
493 2015 626 2095 quinque
653 2014 727 2076 alias
754 2016 908 2077 centurias
935 2026 967 2077 et
997 2037 1169 2097 supremum
1198 2016 1312 2098 vigiliis
1340 2015 1547 2090 Praefectum,

338 2115 472 2193 duosque
486 2111 679 2194 Capitancos,
696 2111 812 2194 aliquot
829 2115 916 2196 signa
933 2114 1092 2194 equestria,
1108 2127 1176 2176 octo
1195 2112 1343 2197 pedestria
1356 2113 1544 2195 intercepit;

338 2209 502 2292 effugiente
515 2229 586 2269 cum
601 2209 705 2289 paucis
717 2209 748 2269 iu
762 2210 895 2272 vicinam
909 2230 1009 2272 arcem
1024 2211 1249 2292 campiductore
1264 2211 1356 2271 Rosa.

379 2307 522 2368 Graviter
535 2306 604 2368 tulit
618 2304 695 2367 hanc
705 2305 823 2370 cladem
833 2307 942 2371 Comes
955 2308 992 2370 de
1004 2308 1172 2384 Guebriau,
1183 2307 1237 2369 sed
1251 2317 1286 2369 ut
1295 2306 1341 2369 vir
1352 2316 1416 2369 erat
1426 2307 1541 2368 excelsi

338 2404 466 2487 pectoris
480 2404 588 2486 pressit
600 2403 745 2476 dolorem,
759 2404 915 2485 accitoque
929 2404 961 2464 in
977 2406 1138 2467 consilium
1155 2404 1311 2467 Ranzorio
1328 2404 1477 2465 conclusit
1492 2404 1539 2465 ni·

338 2502 501 2563 hilominus
522 2500 683 2563 Rotwilam
704 2500 838 2583 cingere,
860 2501 978 2581 etquis
991 2501 1113 2563 videbat
1130 2522 1196 2563 eam
1219 2502 1322 2563 urbem
1338 2500 1425 2561 valde
1446 2501 1538 2563 rebus

337 2599 400 2661 suis
414 2598 600 2681 profuturam
615 2598 699 2659 omni
713 2610 823 2659 conatu
836 2598 877 2659 ad
890 2598 1075 2661 deditionem
1090 2620 1207 2682 cogere.

379 2697 454 2757 Erat
467 2694 591 2777 quidem
606 2707 679 2757 tunc
688 2695 912 2775 temporisaura
924 2696 1036 2777 pluvia,
1049 2698 1144 2780 frigus
1155 2706 1263 2779 proeter
1275 2716 1386 2757 morem
1394 2716 1533 2777 asperum

337 2803 368 2856 et
385 2794 533 2855 obsidioni
552 2794 693 2874 parandas
713 2792 801 2874 plane
818 2792 1054 2864 incommodum,
1069 2794 1150 2856 unde
1167 2790 1267 2876 plures
1282 2794 1449 2875 consumpti
1463 2808 1533 2856 sunt

337 2893 402 2953 dies
422 2902 583 2972 antequam
607 2890 724 2952 obsidio
749 2889 838 2970 plane
858 2891 981 2951 formari
1002 2902 1110 2972 posset,
1131 2912 1166 2953 ac
1186 2891 1293 2953 civitas
1316 2890 1394 2952 serib
1419 2892 1530 2972 impeti,

338 2989 414 3049 nulli
436 3002 535 3049 tamen
557 2987 703 3069 parcitum
725 2994 770 3047 est
789 2986 895 3063 labori,
918 2999 952 3049 ut
972 2988 1086 3050 deditio
1107 2990 1328 3071 quamprimum
1350 2989 1528 3061 succederet,

337 3085 454 3166 hocque
467 3085 622 3147 ardentius
635 3083 772 3144 institam
785 3083 853 3154 fuit,
865 3104 924 3165 quo
935 3085 1031 3168 magis
1044 3086 1157 3148 sciebat
1167 3087 1302 3149 Bavaros
1311 3086 1350 3147 ad
1359 3086 1524 3150 solvendam

337 3182 522 3244 obsidionem
543 3182 682 3244 intentos.
725 3184 862 3265 Septimo
883 3183 1000 3244 decimo
1017 3184 1117 3265 ltaque
1134 3184 1316 3245 Novembris
1329 3183 1424 3266 plenis
1437 3186 1525 3267 aguri-

338 3282 436 3354 aibm,
459 3291 504 3342 ter
525 3280 638 3342 iteratis
659 3280 773 3342 vicibus
793 3281 946 3341 incurrere
969 3278 1064 3356 Galli,
1085 3281 1139 3342 sed
1159 3301 1276 3362 semper
1295 3280 1390 3342 multa
1412 3302 1523 3343 suorum

337 3390 438 3459 strage
451 3377 562 3458 repulsi
573 3387 651 3439 sunt.
694 3378 811 3439 Eodem
827 3378 876 3437 die
889 3376 999 3437 obsessi
1011 3376 1102 3438 etiarn
1116 3377 1272 3439 cuniculos
1285 3378 1401 3459 aliquos
1413 3379 1522 3439 ‹letone-

338 3486 418 3548 ruut,
436 3483 468 3536 et
486 3475 642 3556 eruptione
660 3475 740 3536 lacta
758 3473 868 3535 multos
889 3472 1005 3545 Gallos,
1020 3474 1073 3536 sed
1089 3474 1237 3557 imprimis
1257 3474 1469 3537 Kolbasianam
1485 3476 1521 3537 lc·

337 3570 457 3653 gionem
473 3571 591 3652 penitus
604 3572 758 3634 fuderunt.

372 3668 508 3729 Praeerat
517 3678 589 3730 tuuc
600 3668 676 3731 forte
686 3668 792 3751 aggeri
799 3668 941 3731 struendo
952 3679 983 3731 et
995 3669 1191 3733 disponendis
1204 3670 1358 3733 tormentis
1368 3682 1466 3733 contra
1477 3692 1505 3733 nr
