3225 4700
509 357 911 428 ITINERARIUM.
1245 357 1305 424 261

151 505 251 569 Erant
262 507 342 572 iuter
354 507 488 592 captivos
500 511 638 574 nonnulli
651 512 704 595 qui
713 533 811 595 nuper
820 513 876 575 sub
886 509 1016 574 Generis
1025 508 1184 592 stipendiis
1198 509 1309 571 milite·

104 612 188 675 rent,
201 623 238 666 eo
251 605 421 687 posthabito
434 617 619 670 secremeuto
633 608 787 672 fidelitatis
800 610 840 670 ed
854 608 967 670 bostem
976 607 1184 690 profugerent,
1194 604 1227 667 bi
1237 626 1308 668 enm

106 699 223 761 scirent
240 701 279 762 de
298 721 354 763 suo
371 703 469 784 capite
485 711 596 779 netum,
616 705 744 785 quoesito
761 704 876 787 effugio
892 712 1065 785 eruperunt,
1084 703 1167 785 quod
1184 701 1309 785 plurimi

107 794 215 876 inique
229 797 371 860 tulerunt.
414 798 465 860 De
478 811 588 862 coetero
600 799 711 862 mirum
723 800 848 863 omnino
861 810 907 862 est
916 819 1008 880 quem
1025 799 1175 861 creverint
1192 799 1311 880 reliquo

108 892 201 954 militi
215 893 309 956 enimi
323 904 385 956 tarn
399 895 511 958 eximio
522 917 661 959 mocessu
675 897 824 959 sociorum
838 895 975 972 animati,
991 896 1042 958 vix
1056 897 1137 958 enim
1150 905 1253 978 penten
1264 915 1311 957 re·

108 988 202 1050 tineri
216 999 352 1072 poterant
365 991 402 1053 eb
416 992 642 1054 excursionibus
656 993 688 1054 in
702 991 830 1067 hostem,
842 1013 933 1075 quem
947 1002 1037 1054 antea
1048 991 1188 1054 nonnulli
1200 993 1310 1054 subve-

109 1085 164 1148 riti
178 1085 307 1150 suerent.

152 1182 395 1247 Lueuleutiorem
413 1184 533 1267 plegem
552 1184 767 1248 Wimnrienses
785 1183 920 1248 tulerunt
937 1184 1089 1247 Ursellis:
1110 1204 1216 1246 verum
1229 1185 1310 1246 enirn

108 1299 185 1341 vero
207 1290 365 1362 postquem
387 1281 474 1344 illurn
496 1281 599 1344 locum
622 1283 718 1344 nostri
741 1281 838 1345 multo
860 1291 994 1364 tempore
1017 1281 1198 1345 Caesereeno
1220 1280 1311 1342 militi

109 1381 306 1442 commodum
323 1380 470 1442 vidissent
487 1401 525 1442 ex
543 1401 605 1462 quo
625 1390 729 1443 contre
746 1379 933 1441 latrunculos
952 1367 1197 1461 Fridbergeuses,
1215 1386 1310 1439 tutem

107 1476 171 1538 lete
184 1477 313 1558 patriam
332 1476 517 1552 infestantes,
531 1497 700 1552 excurrere,
718 1495 882 1556 eorumque
895 1476 1053 1538 audmiem
1065 1473 1229 1557 reprimere
1243 1493 1311 1555 pos·

108 1585 189 1648 sent,
203 1573 313 1656 suapius
327 1573 449 1654 quidem
463 1573 632 1656 occupandi
646 1571 816 1636 consiliant
833 1573 963 1635 mfiones
980 1573 1183 1650 contuleruut,
1204 1571 1258 1634 sed
1271 1572 1310 1633 ob

108 1671 243 1732 rnilitum
256 1671 413 1753 penuriam
427 1691 583 1751 uunquam
601 1669 710 1751 exequi
727 1677 901 1750 potuerunt,
919 1669 992 1750 quin
1007 1669 1162 1744 videbant,
1175 1670 1234 1732 nisi
1247 1669 1311 1731 sni·

108 1766 234 1829 finiente
247 1766 389 1848 prresidio
401 1766 448 1829 illi
460 1767 527 1828 loeo
541 1765 757 1848 provideretur,
776 1765 839 1826 lore
852 1773 887 1826 ιιι
903 1765 936 1826 in
949 1764 1071 1827 hostiles
1084 1787 1191 1828 manus
1207 1765 1312 1828 devol-

107 1873 233 1926 veretur
256 1883 317 1925 una
343 1884 414 1925 cunr
439 1863 534 1925 milite
562 1861 636 1924 illuc
662 1861 809 1944 exposito.
860 1861 983 1923 Interea
1008 1860 1224 1924 Wimnrienses
1248 1863 1311 1924 suis

109 1959 210 2042 copiis
227 1969 385 2042 occupent,
404 1960 545 2041 civesque
562 1959 696 2041 primum
713 1959 754 2022 ad
772 1957 957 2020 tolerabilem
974 1957 1227 2020 contributionem
1244 1978 1312 2040 per·

108 2057 251 2132 suadem,
271 2065 337 2118 turn
356 2055 532 2120 suavissimo
552 2075 675 2138 precum
696 2063 846 2118 tormento
864 2055 909 2117 its
928 2053 1074 2138 pnnletim
1094 2053 1225 2136 hospites
1243 2073 1313 2116 snos

108 2163 238 2236 cogunt,
259 2163 292 2214 ut
311 2153 486 2216 viderentur
506 2153 584 2216 ultro
603 2153 693 2215 militi
713 2153 752 2216 de
771 2151 893 2226 vestitu,
914 2152 1008 2226 victu,
1028 2150 1167 2234 pecunie,
1193 2149 1311 2232 elinque

108 2247 282 2312 necessaria
300 2249 503 2334 suppellectile
523 2250 730 2332 instruetuque
750 2250 881 2330 equestri
901 2250 1078 2332 providisse,
1099 2249 1154 2311 sed
1173 2268 1230 2310 nec
1253 2247 1312 2331 ipsi

111 2347 196 2410 cives
208 2346 293 2410 eliud
306 2347 406 2411 dicere
420 2347 580 2423 audebant,
594 2368 633 2409 ne
646 2345 780 2429 nuperius
794 2347 814 2409 d
826 2347 888 2409 suis
900 2346 985 2410 domi
995 2346 1140 2409 militibus
1151 2355 1313 2408 trectnreu·

112 2454 174 2505 tur.
209 2444 256 2506 Ut
268 2465 341 2506 vero
355 2444 602 2506 Wimeriensinm
616 2444 727 2526 plures,
743 2444 933 2506 Ursellarnm
946 2442 1185 2506 munificentiem
1196 2442 1313 2525 experi-

113 2550 230 2616 rentur,
251 2550 369 2603 mutnnt
389 2540 516 2603 subinde
533 2540 703 2615 stetionem,
722 2550 868 2621 tenqnnm
886 2561 1042 2623 nunquam
1062 2540 1222 2612 reversuri,
1241 2560 1311 2602 eum

113 2637 235 2699 interim
248 2647 366 2701 tentum
384 2638 424 2700 ed
442 2646 539 2701 certes
557 2638 763 2720 expeditiones
781 2647 984 2713 excurrerent,
1004 2658 1040 2700 ec
1059 2649 1162 2721 postea
1179 2636 1313 2699 redirent

114 2754 184 2797 curn
199 2735 285 2796 novis
297 2754 415 2817 semper
428 2734 590 2816 menipnlis
603 2742 757 2815 uteunque
772 2733 890 2805 leceris,
906 2729 1029 2817 indigis,
1049 2744 1081 2797 et
1095 2732 1196 2795 nudis.
1238 2733 1311 2796 Hoc

113 2840 317 2893 commentum
338 2840 373 2893 ut
392 2830 502 2893 iterum
521 2852 557 2893 eo
581 2830 691 2913 soepius
713 2832 879 2901 iterassent,
904 2830 988 2893 cives
1006 2830 1152 2913 paulatim
1174 2830 1313 2893 bendern

112 2938 280 3005 senserunt,
295 2948 423 3009 suesque
433 2948 480 2991 res
495 2928 527 2989 in
541 2926 674 2989 ebsentin
687 2926 819 2991 militurn
834 2927 865 2988 in
880 2929 991 2990 tutiore
1004 2928 1072 2989 loon
1084 2926 1311 3003 transtulerunt,

113 3036 148 3087 ut
159 3026 185 3087 si
199 3028 322 3107 quendo
335 3026 479 3099 redirent,
492 3024 672 3107 expeditius,
687 3024 792 3087 relicte
803 3045 901 3087 vacue
912 3024 1014 3100 domo,
1029 3033 1059 3087 et
1075 3023 1134 3107 ipsi
1154 3023 1312 3107 profugere

113 3131 244 3205 possent.
294 3121 372 3194 Qun
398 3142 445 3183 res
469 3142 539 3183 oum
563 3142 601 3183 ex
621 3129 692 3184 voto
711 3120 857 3196 cessisset,
882 3120 1075 3202 redireutque
1093 3120 1252 3183 Wimerini
1273 3120 1314 3183 ed

112 3226 244 3281 veterem
258 3218 427 3293 stationem,
441 3218 521 3279 bona
533 3228 564 3279 et
573 3216 758 3298 opulentiore
768 3218 882 3279 civium
895 3227 978 3299 perte
988 3218 1171 3292 doetitutnm,
1180 3218 1313 3301 greviter

114 3324 273 3377 senserunt
281 3336 291 3390 3
313 3334 348 3377 nc
362 3314 493 3397 primum
507 3314 604 3376 emine
618 3324 771 3397 rogarunt,
786 3323 822 3376 ut
834 3315 875 3377 nd
887 3314 965 3377 lares
977 3316 1105 3397 quisque
1119 3335 1189 3377 suos
1202 3314 1313 3379 revise·

114 3420 171 3483 ret,
186 3422 251 3473 tum
264 3410 427 3473 obstinatos
441 3409 609 3473 minacibus
622 3408 730 3472 litteris
743 3419 960 3491 pertentarent,
969 3411 1189 3473 tendemetiem
1198 3412 1312 3474 redium

9 3532 11 3547 ·
114 3508 233 3569 ruinam
252 3517 282 3569 et
299 3506 439 3569 incendia
455 3506 488 3567 ni
505 3506 682 3587 quentocins
701 3505 836 3568 redirent
851 3506 1038 3569 interminati
1055 3516 1143 3585 snut;
1164 3510 1218 3571 sed
1231 3509 1314 3571 didi·

114 3614 198 3667 cerat
216 3604 344 3685 piscntor
361 3604 441 3665 ictus
459 3622 580 3684 supere:
607 3603 755 3685 urgebeut
771 3602 894 3665 interim
913 3613 1031 3667 matura
1046 3605 1086 3667 ad
1101 3615 1233 3688 segetem
1250 3606 1313 3668 irn-

115 3710 228 3774 meute,
249 3694 316 3781 quse
336 3700 392 3782 ipsi
409 3698 520 3762 milites
540 3720 594 3782 per
615 3700 753 3763 immines
773 3700 953 3781 celonesque
972 3709 1085 3765 metere
1102 3710 1257 3783 ceperant,
1275 3722 1312 3765 eo
