3225 4700
458 351 865 420 ITINERARIUM.
1041 403 1047 410 .
1220 349 1286 413 253

318 502 457 570 Pedites.
498 525 502 536 ’
898 503 1042 592 Equites.

78 607 154 670 Sub
170 607 311 670 Savellio.
604 609 673 667 388.
716 607 765 668 Ex
780 605 977 669 Picolomiuii
990 608 1136 681 Quardie.
1219 608 1288 666 108.

80 705 156 768 Sub
172 704 324 766 Matthaei.
624 707 673 763 88.
716 703 780 765 Sub
795 704 935 766 Gallesso
948 705 1113 767 desultorii.
1216 705 1288 762 406.

82 804 157 866 Sub
172 802 392 864 Fernemoutio.
602 803 673 863 200.
716 800 797 880 Equi
812 801 954 864 destinati
967 803 1008 864 ad
1021 810 1178 864 tormenta.
1219 802 1288 860 320.

84 901 156 962 Sub
170 902 280 981 Borry.
600 900 671 957 406.
713 897 817 958 Boum
832 897 936 959 Paria.
1238 900 1289 956 50.

177 999 302 1058 Collecti
314 1016 412 1058 omnes
417 996 555 1075 fecium.
583 995 675 1055 2130.
718 993 798 1075 Equi
814 994 1010 1076 generalium.
1218 997 1288 1054 300.

282 1119 289 1132 ·
801 1092 927 1153 Collecti
940 1111 1036 1152 omnes
1043 1092 1180 1170 socium.
1200 1093 1290 1150 20⁸7.

137 1412 159 1457 ἴ
231 1442 237 1445 ·
295 1406 345 1489 2'e
482 1382 531 1509 ³2²
579 1448 598 1453 ’μ
636 1399 745 1509 ΐιζῐς
823 1377 902 1508 ἐξ
996 1402 1089 1487 's't
1225 1397 1244 1445 ³

522 1684 714 1761 CAPUT
750 1683 861 1759 LIV.

394 1865 447 1933 De
462 1867 650 1932 Taurinensi
665 1864 821 1931 obsidione
831 1887 886 1952 per
902 1863 1024 1930 Gallos.

254 2070 318 2115 „32-
339 2076 344 2085 ¹
375 2050 542 2112 IXIMUS
556 2070 647 2132 supra
660 2071 751 2130 quam
768 2047 853 2111 facili
871 2050 949 2126 nisu
967 2070 1087 2111 summa
1099 2069 1169 2110 cum
1187 2050 1292 2114 celeri·

110 2140 114 2147 ’
155 2198 168 2217 ,
297 2135 358 2227 Ὗ)
387 2156 447 2208 tate
465 2146 687 2210 lllustrissimus
707 2148 856 2229 Princeps
872 2146 1002 2208 Thomas
1021 2146 1096 2207 Dux
1116 2147 1291 2225 Subeudioe,

339 2254 358 2311 'x
387 2242 551 2304 Taurinum
575 2243 674 2305 Gallis
698 2243 852 2325 eripuerit,
877 2263 1029 2324 quemque
1051 2264 1117 2304 eam
1140 2247 1292 2327 occupati·

129 2399 135 2406 .
338 2369 356 2422 7,
387 2360 475 2401 ouem
499 2339 582 2402 Galli
607 2341 766 2423 peracerbe
792 2339 949 2415 senserint,
972 2361 1053 2403 nuuc
1076 2341 1196 2403 tandem
1221 2364 1292 2405 cum

109 2427 128 2456 a
140 2435 166 2484 S
273 2419 326 2522 (ζ
341 2477 350 2518 ,5
387 2437 535 2508 viderent,
548 2435 625 2498 banc
640 2438 744 2500 urbem
759 2436 889 2497 maxime
902 2436 1097 2497 necessariam
1116 2437 1179 2499 suis
1197 2440 1295 2501 cousi·

123 2555 157 2576 w
199 2539 204 2552 ¹
235 2527 286 2558 ¹
343 2519 354 2580 'l
388 2533 436 2595 liis
455 2533 486 2593 iu
507 2534 598 2595 Italia
616 2532 839 2615 promovendis,
857 2552 930 2608 esse,
950 2533 991 2594 ad
1009 2532 1117 2594 seriam
1136 2554 1293 2616 recupera-

93 2632 208 2693 tionem
228 2630 403 2713 adjecerunt
421 2629 549 2704 animos,
570 2629 603 2689 iu
623 2650 713 2710 quem
738 2627 832 2689 finem
855 2647 925 2711 cum
945 2628 1036 2690 certis
1055 2630 1292 2712 exploratoribus

92 2728 259 2810 accepisset
271 2727 381 2790 Comes
395 2727 433 2788 de
454 2727 640 2789 Harrecourt
659 2724 818 2789 Gallorum
838 2725 1005 2803 Generalis,
1026 2739 1194 2791 comeatum
1209 2730 1292 2793 urbis

93 2845 154 2885 nou
169 2844 233 2885 esse
248 2824 412 2905 copiosum,
430 2824 694 2885 armamentarium
712 2823 784 2884 item
803 2823 999 2884 tormentario
1018 2824 1141 2906 pulvere
1159 2826 1291 2903 destitui,

93 2920 228 2983 collectis
241 2920 378 2983 omnibus
392 2919 454 2981 suis
472 2920 655 3003 Legionibus
673 2940 704 2982 se
722 2919 858 2981 medium
876 2920 956 2981 inter
974 2920 1139 2982 Taurinum
1157 2932 1189 2983 et
1206 2921 1292 2984 Mar·

93 3017 233 3079 ohiouem
247 3016 286 3078 de
301 3016 435 3099 Iegsnes
448 3016 655 3097 Hispanorum
669 3016 935 3097 campiductorem,
952 3016 1060 3097 posuit,
1073 3035 1110 3078 ac
1128 3036 1167 3077 ue
1187 3017 1291 3079 damni

94 3114 172 3195 quid
189 3114 228 3174 ab
246 3134 282 3175 eo
301 3122 450 3195 peteretur
465 3112 634 3174 fortissimis
650 3112 868 3174 munitionibus
885 3111 943 3173 sibi
964 3114 1083 3193 suisque
1101 3112 1243 3194 providit,
1258 3124 1293 3176 ut

93 3210 166 3273 licet
179 3211 247 3292 jam
267 3209 367 3271 dictus
388 3208 525 3291 legaues
545 3208 710 3270 identidem
732 3207 891 3271 Gallorum
913 3218 1010 3269 cestra
1030 3209 1223 3292 impetiverit,
1246 3211 1292 3273 nil

93 3316 195 3369 tamen
208 3306 293 3368 aliud
305 3304 475 3386 profecerit,
488 3324 579 3385 quam
593 3304 676 3385 quod
693 3304 881 3387 septingenta
899 3304 990 3366 boum
1008 3306 1107 3388 capita
1124 3327 1161 3369 ex
1173 3309 1292 3389 pascuis

94 3404 237 3485 abegerit,
251 3411 438 3483 quatuorque
451 3399 621 3481 manipulos
635 3402 770 3482 equiturn
784 3409 814 3462 et
827 3400 1029 3483 quadraginta
1046 3403 1191 3466 militares
1205 3406 1290 3467 iusti-

94 3509 172 3562 tores
185 3498 307 3561 fuderit.

130 3596 284 3659 Vicesime
290 3595 424 3657 secunda
432 3594 455 3656 J
458 3592 512 3655 ulii
524 3593 672 3675 Princeps
681 3593 810 3655 Thomas
820 3593 975 3675 eruptione
985 3594 1064 3657 facte
1072 3595 1104 3657 iu
1114 3596 1291 3677 sylvestrem

94 3692 214 3757 hortum
233 3692 304 3755 feris
321 3692 494 3755 cicuruudis
510 3689 703 3767 destinatum,
718 3691 864 3753 ducentos
882 3689 989 3752 Gallos
1007 3691 1088 3754 fudit
1103 3711 1291 3774 aeneumque,
