3225 4700
494 285 522 350 I
526 283 582 350 TI
586 281 810 350 NERARI
817 281 902 350 UM.
1217 283 1279 348 401

76 445 299 515 persenserunt.
343 436 403 500 His
416 459 478 501 non
491 440 687 514 obstantibus,
700 439 915 499 continuarunt
924 435 1008 498 Galli
1018 435 1211 519 pertinaciter
1224 438 1277 498 ob·

73 531 226 595 sidionem
238 556 369 616 qnorum
382 537 565 618 gubernator
584 536 643 599 loci
662 535 862 598 constantiam
879 533 997 608 videns,
1015 553 1085 595 cum
1107 553 1163 594 nec
1183 534 1278 595 subsi-
1346 545 1351 554 '

73 629 163 690 dium
176 651 296 711 sperure
314 642 413 714 posset
430 653 487 694 nec
507 633 630 695 baberet
642 633 724 694 nude
742 653 830 714 porro
849 631 1004 693 obsisteret
1017 631 1182 708 (deiecerat
1195 632 1276 692 enim

72 726 253 805 praesidium
268 747 329 789 una
341 749 412 790 cum
428 729 551 810 pulvere
570 730 671 811 pyrio)
685 729 870 791 deditionem
884 729 982 789 facere
1002 739 1123 790 coactus
1141 738 1194 790 est.
1237 728 1276 788 In

72 823 257 904 vigesimum
268 824 362 907 igitur
371 826 532 908 septimum
543 827 727 909 Septembris
735 846 888 909 egressum
898 824 1024 886 liberum
1038 835 1068 886 et
1077 824 1276 887 honorificum

73 931 183 1000 pactus
204 930 249 982 cst
271 941 433 1003 secumque
454 922 607 984 Vercellas
629 920 757 982 abduxit
776 919 926 1002 quidquid
950 918 1055 981 habuit
1077 920 1276 1000 impedimen-

73 1027 188 1094 torum,
202 1037 238 1079 ac
252 1019 375 1099 insuper
387 1028 517 1101 quatuor
529 1027 678 1080 tormenta
694 1039 796 1079 secum
811 1017 926 1078 eduxit.
963 1015 1047 1078 Galli
1061 1018 1132 1080 verb
1151 1018 1277 1100 ingressi

73 1125 157 1190 sunt,
172 1135 209 1177 ac
222 1126 380 1197 postquam
394 1117 568 1178 necessariis
582 1117 671 1178 rebus
687 1115 887 1177 munitionem
906 1114 1115 1176 instruxissent
1131 1115 1190 1175 alio
1204 1135 1276 1176 con·

72 1211 143 1272 silis
156 1223 186 1273 et
199 1213 257 1273 iter
270 1213 454 1276 direxerunt.

115 1309 226 1372 Mense
241 1309 368 1372 Octobri
385 1310 543 1393 pontificia
554 1331 639 1373 arma
652 1311 693 1374 ad
711 1310 910 1394 Pitiglisnam
930 1309 1127 1372 munitionem
1149 1309 1275 1370 fortissi-

73 1426 156 1467 mam
177 1406 301 1469 ndmota
316 1419 387 1469 sunt
403 1407 580 1488 obsidioque
597 1408 675 1469 serio
693 1418 834 1490 suscepta
854 1429 890 1470 oc
905 1408 1024 1491 magnis
1037 1407 1151 1468 viribus
1165 1407 1275 1469 lebori-

72 1505 191 1584 busque
212 1515 358 1586 promota,
378 1505 570 1586 quantumvis
589 1504 763 1567 Colonellus
784 1506 946 1568 Grisonius
964 1505 1023 1566 loci
1044 1505 1276 1587 gubernatores

73 1600 237 1662 fortissime
247 1612 420 1683 opponeret.
461 1602 616 1665 Videbunt
633 1603 748 1664 interea
766 1602 934 1664 Florentini
953 1611 1098 1682 quantum
1113 1602 1175 1663 suis
1189 1603 1277 1664 rebus

75 1698 232 1760 commodi
245 1698 413 1773 decederet,
428 1700 455 1761 si
467 1699 596 1761 munitio
609 1699 662 1760 illu
674 1699 705 1760 in
720 1709 898 1781 potestatem
913 1698 1139 1780 pontificiorum
1150 1699 1274 1762 veniret.

20 1842 21 1849 κ
76 1795 270 1877 Quapropter
282 1796 338 1856 sub
351 1795 507 1858 Colonello
521 1796 636 1857 Strozni
650 1796 709 1857 duo
719 1795 856 1876 peditum
867 1795 963 1856 miliia
975 1805 1005 1856 et
1018 1805 1130 1875 septem
1141 1796 1274 1876 equitum

75 1891 227 1972 manipuli
233 1891 390 1953 confestim
401 1892 533 1954 Sesuum
545 1893 628 1954 missi
639 1902 750 1955 suntut
758 1914 794 1954 ex
802 1893 905 1955 vicino
914 1892 1151 1974 specularentur,
1160 1892 1219 1974 qui
1229 1913 1275 1954 ra·

74 1990 159 2051 tione
167 1988 490 2050 obsidionissuccessus
498 1990 756 2072 impediriethosti
766 1989 867 2051 clades
876 1990 979 2051 inferri
988 1998 1097 2070 posset.
1121 1990 1186 2051 Nec
1197 1990 1276 2051 certe

76 2086 175 2148 multb
188 2095 256 2166 post
267 2085 426 2153 commoda
439 2107 503 2148 sose
521 2088 631 2150 obtulit
649 2098 752 2150 contra
766 2087 937 2170 pontificios
949 2087 1043 2149 eundi
1052 2087 1179 2160 occasio,
1194 2108 1276 2148 com-

77 2193 220 2265 pererant
228 2184 310 2244 euim
319 2183 487 2246 Florentini
497 2184 596 2247 hostes
605 2206 673 2247 suos
680 2206 800 2267 pessum
812 2185 1027 2247 Castonensem
1038 2184 1179 2255 insidere,
1191 2206 1276 2268 meg·

78 2301 214 2362 numque
222 2291 423 2342 commeatum
433 2301 489 2364 pro
499 2283 632 2344 exercitu
640 2282 799 2366 colligere:
814 2281 886 2342 illuc
897 2280 1009 2342 Strozni
1020 2280 1179 2363 exploratis
1190 2282 1278 2343 rebus

78 2377 227 2461 premisit
239 2378 388 2458 equitatus
406 2378 453 2439 sui
469 2391 595 2460 partem,
610 2380 732 2461 ipseque
746 2399 816 2439 mox
833 2397 902 2439 cum
917 2381 975 2438 200
994 2378 1144 2459 peditibus
1158 2389 1278 2440 secutus

79 2486 135 2547 est,
149 2496 279 2557 cumque
290 2474 391 2537 hostes
407 2476 609 2558 eximproviso
629 2477 835 2558 impetivisset,
851 2476 949 2558 primia
966 2476 1065 2537 statim
1084 2476 1278 2557 impressione

19 2582 27 2607 '
79 2575 252 2660 pontificios
281 2576 419 2637 nonnihil
445 2574 659 2649 consternavit,
691 2575 745 2654 qui
773 2584 873 2634 umen
901 2571 1064 2653 prudenter
1093 2571 1279 2633 dissimulato

79 2684 162 2737 metu
180 2694 265 2734 anna
283 2673 500 2755 corripuerunt,
518 2671 572 2732 sed
592 2690 663 2732 mox
683 2671 703 2731 a
721 2670 873 2752 proposito
894 2668 1077 2730 remittentes
1094 2669 1278 2731 deditionem

79 2771 126 2831 sui
146 2789 328 2849 suorumque
346 2768 471 2841 iaciunt,
493 2772 585 2830 vitem
605 2769 808 2851 paciscuntur,
827 2788 863 2829 ac
877 2768 913 2829 de
928 2778 1035 2828 caetero
1048 2766 1195 2829 voluntati
1215 2769 1279 2829 vic-

79 2878 179 2929 torum
195 2888 258 2929 sese
278 2866 468 2929 submittunt.
509 2865 665 2947 Ceperunt
680 2866 738 2926 bic
757 2865 945 2947 expeditione
963 2864 1127 2925 Florentini
1149 2868 1202 2925 100
1221 2865 1279 2927 cir·

20 3024 31 3052 ‚
80 2965 156 3026 citer
169 2964 294 3046 pedites,
315 2963 505 3043 manipulum
524 2984 617 3023 unum
637 2962 784 3043 equitum,
799 2962 969 3025 stulterum
986 2963 1172 3043 manipulum
1188 2984 1279 3044 equo-

20 3078 29 3142 ’,
65 3061 263 3144 ,pedestrium
277 3080 352 3141 quos
365 3080 469 3122 omnes
482 3062 544 3120 uns
557 3081 627 3121 cum
641 3060 727 3121 vario
740 3069 770 3121 et
785 3079 944 3122 numeroso
957 3061 1055 3120 omnis
1066 3062 1185 3143 generis
1198 3081 1281 3122 com·

22 3190 36 3214 e
80 3168 181 3218 meatu
191 3166 222 3218 et
230 3157 324 3217 nobili
335 3168 481 3238 apparatu
489 3156 609 3225 bellico,
619 3176 722 3217 secum
733 3157 765 3217 in
775 3177 917 3218 securum
927 3158 1099 3234 abducunt3
1121 3156 1178 3219 boc
1188 3170 1222 3220 ut
1235 3159 1281 3219 in·

78 3254 178 3316 notuit
194 3254 351 3336 pontificio
366 3253 510 3315 Generali
525 3253 620 3328 Oddi,
634 3273 704 3315 cum
725 3264 854 3334 quatuor
868 3255 1000 3316 millibus
1014 3255 1147 3337 peditum
1168 3264 1198 3316 et
1214 3276 1280 3317 sex·

79 3351 175 3412 centis
183 3350 464 3430 omninoequitibus
473 3351 614 3430 omnique
625 3350 774 3413 instructu
785 3351 899 3412 Martio
908 3350 1024 3413 deserti
1035 3342 1115 3413 uitro
1124 3352 1279 3413 obsidione

80 3446 260 3520 retrocessit,
284 3448 373 3529 cnjus
396 3447 523 3530 vestigia
546 3446 565 3507 b
584 3457 670 3530 tergo
691 3468 830 3528 premens
849 3468 920 3509 cum
941 3449 1002 3510 suis
1028 3448 1142 3511 Strozzi
1170 3458 1280 3530 praeter

78 3546 225 3627 plurimos
237 3565 331 3607 coesos
341 3555 372 3606 et
381 3555 485 3625 captos
498 3543 604 3605 decem
617 3543 788 3626 capitaneos
800 3546 970 3627 multosque
986 3546 1127 3607 officiales
1143 3546 1280 3618 abduxit,

19 3625 31 3653 ⁷'
79 3664 130 3705 sex
143 3643 266 3723 insuper
278 3642 393 3724 majora
402 3651 552 3704 tormenta
562 3651 593 3703 et
602 3642 736 3723 quinque
749 3641 823 3703 alies
836 3641 990 3705 machinas
1001 3643 1121 3726 ignibus
1129 3642 1281 3725 jaciendis

656 3741 673 3799 3
689 3760 705 3799 r
