3225 4700
1500 790 1878 867 CAPUT
1946 791 2160 869 XLI.

882 964 1263 1054 Metropolis
1296 964 1642 1032 Sabaudioe
1669 966 1753 1032 ab
1781 966 2050 1053 ejusdem
2079 965 2382 1054 Principe
2416 962 2478 1031 T
2470 964 2652 1032 homa
2676 976 2737 1031 et

1479 1068 1797 1155 Hispanis
1824 1078 2185 1157 occupatur.

661 1325 673 1337 ψ
749 1245 765 1305 T
845 1221 950 1341 [Ξ
1155 1251 1678 1317 OTIEBATUR
1718 1276 1920 1317 rerum
1963 1255 2030 1317 in
2076 1254 2379 1318 Sabaudia
2421 1254 2788 1317 Francorum
2831 1254 3029 1339 Regis

677 1337 689 1365 '¹
765 1377 777 1409 ι
881 1349 889 1361 ⁴
919 1361 922 1365 “
1019 1379 1020 1385 1
1192 1350 1430 1413 nomine
1458 1350 1802 1414 cardinalis
1829 1353 1905 1415 de
1930 1351 2244 1414 laValette
2269 1372 2412 1414 cum
2433 1353 2612 1415 Duce
2634 1352 2712 1413 de
2741 1353 3030 1435 Longue-

885 1437 894 1514 “.
934 1453 1150 1554 's-JJ'
1189 1447 1334 1510 ville
1359 1448 1669 1530 ipsamque
1693 1449 2092 1511 Taurinorum
2120 1450 2484 1533 Augustam,
2513 1449 2600 1511 ita
2622 1448 2859 1511 volente
2887 1450 3031 1511 Du-

849 1522 861 1553 *
924 1626 925 1629 Ν
1189 1545 1342 1607 cissa
1374 1544 1694 1607 sabaudjae
1719 1545 1990 1608 defuncti
2018 1546 2215 1608 Ducis
2240 1546 2445 1620 vidua,
2484 1546 2811 1608 obtinebat.
2896 1546 3028 1607 sed

834 1691 836 1693 -
861 1630 930 1694 ἶ
967 1658 970 1660 ’
1034 1645 1058 1675 ²
1135 1691 1137 1694 «
1188 1645 1334 1706 dum
1361 1645 1688 1706 meditatur
1712 1644 2031 1706 consilium
2059 1646 2136 1707 de
2161 1643 2346 1706 armis
2379 1643 2564 1725 regiis
2599 1643 3029 1723 promovendis

625 1738 708 1799 ad
737 1739 1091 1803 Ouneanam
1116 1742 1535 1817 munitionem,
1562 1762 1747 1823 quam
1774 1741 2128 1805 obsidebant
2153 1750 2298 1803 tunc
2333 1740 2484 1803 forte
2515 1739 3028 1822 Longuevilliani,

624 1834 837 1915 adjicit
860 1836 1152 1911 animum,
1178 1846 1490 1918 castraque
1516 1858 1627 1899 sua
1653 1837 1831 1900 sociis
1856 1838 2066 1900 castris
2093 1838 2396 1909 admovet,
2421 1844 2602 1916 atque
2638 1835 2724 1895 ita
2749 1833 3031 1896 destituit

625 1930 941 2011 potissimo
971 1933 1257 2014 praesidio
1291 1932 1611 1996 Sabaudiae
1647 1933 2046 2015 metropolim.
2131 1931 2274 1994 Non
2308 1932 2506 2014 potuit
2537 1930 2669 1993 haec
2702 1931 3026 1993 Gallorum

626 2035 751 2087 tam
797 2038 1002 2108 aperta
1050 2028 1349 2090 temeritas
1394 2027 1577 2091 latere
1625 2028 1978 2110 Principem
2035 2029 2356 2091 Sabaudiae
2402 2027 2694 2090 Thomam
2748 2027 3026 2089 defuncti

631 2122 828 2186 Ducis
859 2124 1105 2187 fratrem
1141 2124 1541 2199 Germanum,
1575 2125 1685 2186 sub
1718 2125 2001 2206 auspiciis
2039 2125 2304 2207 Hispani
2339 2134 2486 2187 tunc
2528 2124 2910 2200 militantem,
2955 2135 3029 2186 ut

635 2237 782 2300 ergo
808 2220 1093 2301 cognovit
1118 2219 1504 2282 cardinalem
1539 2220 1912 2296 abscessisse,
1946 2222 2275 2302 urbemque
2306 2241 2428 2284 uon
2465 2220 2584 2283 nisi
2614 2221 2805 2282 tribus
2836 2220 3030 2303 legio-

630 2315 808 2378 nibus
855 2314 1111 2380 Gallicis
1160 2316 1551 2400 propugnari,
1602 2316 1717 2379 tria
1761 2318 2032 2398 equitum
2086 2317 2278 2380 millia
2325 2318 2695 2400 totidemque
2749 2318 3026 2401 peditum

633 2421 1007 2494 quantocyus
1061 2412 1334 2490 adducit,
1381 2414 1711 2494 eodemque
1762 2414 1962 2477 adhuc
2008 2415 2108 2477 die
2157 2414 2545 2477 Fortalicium
2597 2415 2660 2475 in
2710 2413 3026 2478 semilunae

630 2508 890 2592 figuram
923 2520 1062 2573 aute
1094 2512 1303 2573 urbem
1336 2521 1698 2588 extructum,
1726 2513 1892 2594 quod
1923 2512 2160 2574 nonnisi
2187 2513 2225 2575 a
2249 2513 2546 2575 duodenis
2573 2512 2770 2575 Gallis
2794 2515 3026 2576 servari

630 2623 1017 2687 cognoverat,
1051 2606 1306 2668 feliciter
1337 2617 1682 2688 expugnat:
1727 2607 2132 2689 postridieque
2172 2617 2312 2670 ante
2346 2609 2489 2671 solis
2526 2619 2724 2672 ortum
2764 2611 3025 2673 admotis

633 2701 1075 2782 Pyrobolorum
1105 2723 1211 2765 seu
1236 2702 1473 2784 ignium
1506 2703 1968 2766 artificiosorum
2002 2703 2316 2780 machinis,
2354 2705 2504 2766 duas
2542 2715 2741 2787 portas
2770 2705 3022 2788 disJicit,

628 2797 936 2880 murisque
959 2799 1296 2862 conscensis
1331 2800 1543 2860 urbem
1574 2799 1768 2862 victor
1804 2800 1934 2862 sine
1972 2801 2264 2884 sanguine
2298 2821 2562 2876 suorum,
2599 2803 2708 2864 sed
2746 2824 2860 2866 nec
2903 2825 3026 2865 uno

638 2895 886 2975 quidem
935 2894 1293 2971 desiderum,
1339 2894 1680 2977 ingreditur
1705 2901 1960 2978 'ksummo
2004 2917 2145 2959 cum
2192 2897 2419 2959 civium
2465 2899 2713 2980 plausu3
2772 2901 3027 2962 immani

631 3085 1003 3147 velocissime
1046 3094 1351 3168 receperat
1396 3105 1519 3147 una
1558 3106 1700 3148 cum
1746 3087 2009 3149 Ducissa
2049 3088 2232 3150 vidua
2273 3089 2403 3151 filio
2449 3089 2738 3174 Principe
2779 3102 3024 3173 totoque

632 3178 901 3241 Familiae
945 3201 1069 3242 suae
1107 3181 1416 3262 Gynaeceo
1455 3182 1581 3243 solo
1626 3203 1809 3264 prope
1855 3182 2091 3244 indusio
2131 3186 2370 3247 amicta.
2467 3187 2732 3251 Obtenta
2761 3191 2911 3252 urbe
2942 3193 3022 3252 ad

626 3276 1021 3357 direptionem
1058 3278 1410 3359 provolabat
1449 3278 1644 3352 miles,
1679 3300 1820 3341 cum
1854 3279 2149 3362 Princeps
2176 3280 2434 3345 Thomas
2462 3285 2573 3346 sub
2597 3305 2778 3367 poena
2806 3288 3023 3369 capitis

626 3370 879 3448 inhibet,
908 3393 984 3434 ne
1010 3374 1146 3454 quis
1172 3374 1325 3435 ullas
1352 3374 1512 3437 oedes
1546 3376 1859 3438 invaderet
1887 3377 2150 3454 civium;
2193 3379 2350 3441 datae
2385 3389 2584 3442 tamen
2620 3384 2843 3462 praedae
2881 3396 3023 3449 sunt

627 3467 842 3529 domus
868 3487 1072 3531 omnes
1101 3469 1524 3532 Ministrorum
1563 3471 1784 3534 Galliae
1822 3473 2032 3555 Regis,
2072 3475 2461 3557 ejusdemque
2501 3479 2760 3541 nationis
2793 3501 3023 3544 merca·

627 3574 846 3638 torum,
900 3564 947 3626 J
954 3566 1280 3640 udoeorum,
1326 3567 1469 3627 item
1514 3569 1720 3648 magni
1763 3569 2128 3631 Cancellarii
2175 3579 2236 3632 et
2278 3570 2590 3649 Praesidis,
2636 3595 2709 3636 ac
2755 3579 3022 3640 sedecim

620 3659 874 3722 aliorum
922 3661 1172 3724 Civium
1210 3663 1488 3746 Principi
1534 3664 1780 3728 Thomae
1827 3666 2026 3728 minus
2067 3666 2418 3745 faventium,
2459 3668 2714 3733 Comitis
2757 3673 3020 3757 denique
