<?xml version="1.0" encoding="UTF-8"?>
<!DOCTYPE html PUBLIC "-//W3C//DTD XHTML 1.0 Transitional//EN"
    "http://www.w3.org/TR/xhtml1/DTD/xhtml1-transitional.dtd">
<html xmlns="http://www.w3.org/1999/xhtml" xml:lang="en" lang="en">
 <head>
  <title>
</title>
<meta http-equiv="Content-Type" content="text/html;charset=utf-8" />
  <meta name='ocr-system' content='tesseract 3.04.00' />
  <meta name='ocr-capabilities' content='ocr_page ocr_carea ocr_par ocr_line ocrx_word'/>
</head>
<body>
  <div class='ocr_page' id='page_1' title='image "./itinerariumthom00kerngoog_0130.png"; bbox 0 0 3225 4700; ppageno 0'>
   <div class='ocr_carea' id='block_1_1' title="bbox 341 258 1138 335">
    <p class='ocr_par' dir='ltr' id='par_1_1' title="bbox 341 258 1138 335">
     <span class='ocr_line' id='line_1_1' title="bbox 341 258 1138 335; baseline -0.009 0"><span class='ocrx_word' id='word_1_1' title='bbox 341 269 387 335; x_wconf 84' lang='lat'>96</span> <span class='ocrx_word' id='word_1_2' title='bbox 733 258 1138 331; x_wconf 81' lang='lat' dir='ltr'><strong><em>ITINERARIUM.</em></strong></span> 
     </span>
    </p>
   </div>
   <div class='ocr_carea' id='block_1_2' title="bbox 337 367 1566 2421">
    <p class='ocr_par' dir='ltr' id='par_1_2' title="bbox 337 367 1564 1175">
     <span class='ocr_line' id='line_1_2' title="bbox 381 367 1558 498; baseline -0.009 -17"><span class='ocrx_word' id='word_1_3' title='bbox 381 416 473 481; x_wconf 80' lang='lat' dir='ltr'>Circe</span> <span class='ocrx_word' id='word_1_4' title='bbox 484 415 550 479; x_wconf 78' lang='lat' dir='ltr'>lsoec</span> <span class='ocrx_word' id='word_1_5' title='bbox 562 424 696 498; x_wconf 85' lang='lat' dir='ltr'>tempore</span> <span class='ocrx_word' id='word_1_6' title='bbox 709 436 778 477; x_wconf 91' lang='lat' dir='ltr'>cnm</span> <span class='ocrx_word' id='word_1_7' title='bbox 793 417 936 479; x_wconf 80' lang='lat' dir='ltr'>Bredcnc</span> <span class='ocrx_word' id='word_1_8' title='bbox 948 414 1054 477; x_wconf 77' lang='lat' dir='ltr'>civitas</span> <span class='ocrx_word' id='word_1_9' title='bbox 1064 414 1102 474; x_wconf 78' lang='lat' dir='ltr'>sb</span> <span class='ocrx_word' id='word_1_10' title='bbox 1114 410 1276 474; x_wconf 84' lang='lat' dir='ltr'>Hollcndis</span> <span class='ocrx_word' id='word_1_11' title='bbox 1288 411 1373 474; x_wconf 70' lang='lat' dir='ltr'>creti</span> <span class='ocrx_word' id='word_1_12' title='bbox 1391 367 1558 493; x_wconf 51' lang='lat' dir='ltr'>premJ</span> 
     </span>
     <span class='ocr_line' id='line_1_3' title="bbox 338 481 1559 594; baseline -0.007 -18"><span class='ocrx_word' id='word_1_13' title='bbox 338 524 389 576; x_wconf 88' lang='lat' dir='ltr'>tur</span> <span class='ocrx_word' id='word_1_14' title='bbox 401 512 566 587; x_wconf 74' lang='lat' dir='ltr'>obsidione,</span> <span class='ocrx_word' id='word_1_15' title='bbox 582 513 658 575; x_wconf 82' lang='lat' dir='ltr'>sdeo</span> <span class='ocrx_word' id='word_1_16' title='bbox 668 519 703 573; x_wconf 89' lang='lat' dir='ltr'>nt</span> <span class='ocrx_word' id='word_1_17' title='bbox 714 513 752 573; x_wconf 84' lang='lat' dir='ltr'>cb</span> <span class='ocrx_word' id='word_1_18' title='bbox 766 511 910 594; x_wconf 78' lang='lat' dir='ltr'>Hisponis</span> <span class='ocrx_word' id='word_1_19' title='bbox 921 510 1005 572; x_wconf 76' lang='lat' dir='ltr'>nulli</span> <span class='ocrx_word' id='word_1_20' title='bbox 1017 508 1136 571; x_wconf 76' lang='lat' dir='ltr'>ratione</span> <span class='ocrx_word' id='word_1_21' title='bbox 1145 508 1174 569; x_wconf 90' lang='lat' dir='ltr'>ei</span> <span class='ocrx_word' id='word_1_22' title='bbox 1184 507 1320 569; x_wconf 84' lang='lat' dir='ltr'>succurri</span> <span class='ocrx_word' id='word_1_23' title='bbox 1336 516 1472 589; x_wconf 84' lang='lat' dir='ltr'>posset,</span> <span class='ocrx_word' id='word_1_24' title='bbox 1495 481 1559 570; x_wconf 80' lang='lat' dir='ltr'>Hi</span> 
     </span>
     <span class='ocr_line' id='line_1_4' title="bbox 340 595 1560 691; baseline -0.003 -22"><span class='ocrx_word' id='word_1_25' title='bbox 340 610 437 691; x_wconf 75' lang='lat' dir='ltr'>panim</span> <span class='ocrx_word' id='word_1_26' title='bbox 455 608 560 671; x_wconf 75' lang='lat' dir='ltr'>Inicus</span> <span class='ocrx_word' id='word_1_27' title='bbox 576 608 724 690; x_wconf 73' lang='lat' dir='ltr'><strong>Princeps</strong></span> <span class='ocrx_word' id='word_1_28' title='bbox 740 605 911 671; x_wconf 79' lang='lat' dir='ltr'>Omdinelis</span> <span class='ocrx_word' id='word_1_29' title='bbox 925 616 961 669; x_wconf 85' lang='lat' dir='ltr'>ut</span> <span class='ocrx_word' id='word_1_30' title='bbox 972 606 1071 667; x_wconf 89' lang='lat' dir='ltr'>hostes</span> <span class='ocrx_word' id='word_1_31' title='bbox 1087 605 1125 666; x_wconf 84' lang='lat' dir='ltr'>eb</span> <span class='ocrx_word' id='word_1_32' title='bbox 1142 604 1297 666; x_wconf 73' lang='lat' dir='ltr'>obsidione</span> <span class='ocrx_word' id='word_1_33' title='bbox 1309 604 1522 679; x_wconf 75' lang='lat' dir='ltr'>diverteret,</span> <span class='ocrx_word' id='word_1_34' title='bbox 1544 595 1560 665; x_wconf 69' lang='lat' dir='ltr'>d</span> 
     </span>
     <span class='ocr_line' id='line_1_5' title="bbox 338 700 1561 786; baseline -0.007 -17"><span class='ocrx_word' id='word_1_35' title='bbox 338 706 436 769; x_wconf 86' lang='lat' dir='ltr'>Venlo</span> <span class='ocrx_word' id='word_1_36' title='bbox 455 705 557 786; x_wconf 75' lang='lat' dir='ltr'>copies</span> <span class='ocrx_word' id='word_1_37' title='bbox 575 726 643 767; x_wconf 81' lang='lat' dir='ltr'>suus</span> <span class='ocrx_word' id='word_1_38' title='bbox 662 706 807 780; x_wconf 79' lang='lat' dir='ltr'>admovit,</span> <span class='ocrx_word' id='word_1_39' title='bbox 823 715 855 766; x_wconf 86' lang='lat' dir='ltr'>et</span> <span class='ocrx_word' id='word_1_40' title='bbox 873 704 954 767; x_wconf 69' lang='lat' dir='ltr'>intre</span> <span class='ocrx_word' id='word_1_41' title='bbox 972 721 1083 784; x_wconf 82' lang='lat' dir='ltr'>pennos</span> <span class='ocrx_word' id='word_1_42' title='bbox 1098 701 1163 763; x_wconf 83' lang='lat' dir='ltr'>dies</span> <span class='ocrx_word' id='word_1_43' title='bbox 1181 700 1279 783; x_wconf 75' lang='lat' dir='ltr'>cupit,</span> <span class='ocrx_word' id='word_1_44' title='bbox 1297 700 1377 763; x_wconf 87' lang='lat' dir='ltr'>sicut</span> <span class='ocrx_word' id='word_1_45' title='bbox 1399 708 1440 762; x_wconf 89' lang='lat' dir='ltr'>et</span> <span class='ocrx_word' id='word_1_46' title='bbox 1462 700 1561 772; x_wconf 68' lang='lat' dir='ltr'>Rus</span> 
     </span>
     <span class='ocr_line' id='line_1_6' title="bbox 339 797 1472 871; baseline -0.005 -6"><span class='ocrx_word' id='word_1_47' title='bbox 339 804 494 865; x_wconf 81' lang='lat' dir='ltr'>mundum.</span> <span class='ocrx_word' id='word_1_48' title='bbox 542 800 613 863; x_wconf 91' lang='lat' dir='ltr'>Non</span> <span class='ocrx_word' id='word_1_49' title='bbox 632 802 701 865; x_wconf 90' lang='lat' dir='ltr'>ideo</span> <span class='ocrx_word' id='word_1_50' title='bbox 711 799 809 863; x_wconf 87' lang='lat' dir='ltr'>hostes</span> <span class='ocrx_word' id='word_1_51' title='bbox 826 801 845 863; x_wconf 74' lang='lat' dir='ltr'>d</span> <span class='ocrx_word' id='word_1_52' title='bbox 862 799 1006 862; x_wconf 74' lang='lat' dir='ltr'>Breduui</span> <span class='ocrx_word' id='word_1_53' title='bbox 1022 797 1176 859; x_wconf 74' lang='lat' dir='ltr'>obsidione</span> <span class='ocrx_word' id='word_1_54' title='bbox 1195 797 1369 871; x_wconf 64' lang='lat' dir='ltr'>dimessm,</span> <span class='ocrx_word' id='word_1_55' title='bbox 1389 797 1472 859; x_wconf 88' lang='lat' dir='ltr'>imo</span> 
     </span>
     <span class='ocr_line' id='line_1_7' title="bbox 339 816 1563 1002; baseline -0.004 -42"><span class='ocrx_word' id='word_1_56' title='bbox 339 900 437 961; x_wconf 82' lang='lat' dir='ltr'>sorim</span> <span class='ocrx_word' id='word_1_57' title='bbox 450 907 590 960; x_wconf 87' lang='lat' dir='ltr'>urserunt</span> <span class='ocrx_word' id='word_1_58' title='bbox 602 906 632 959; x_wconf 90' lang='lat' dir='ltr'>et</span> <span class='ocrx_word' id='word_1_59' title='bbox 645 897 716 959; x_wconf 89' lang='lat' dir='ltr'>licet</span> <span class='ocrx_word' id='word_1_60' title='bbox 725 896 903 978; x_wconf 68' lang='lat' dir='ltr'>presidicrii</span> <span class='ocrx_word' id='word_1_61' title='bbox 916 896 1031 958; x_wconf 83' lang='lat' dir='ltr'>fortiter</span> <span class='ocrx_word' id='word_1_62' title='bbox 1044 892 1204 955; x_wconf 84' lang='lat' dir='ltr'>Hollsudis</span> <span class='ocrx_word' id='word_1_63' title='bbox 1217 894 1400 971; x_wconf 69' lang='lat' dir='ltr'>resisterent,</span> <span class='ocrx_word' id='word_1_64' title='bbox 1413 816 1563 1002; x_wconf 42' lang='lat' dir='ltr'>non}</span> 
     </span>
     <span class='ocr_line' id='line_1_8' title="bbox 337 989 1564 1154; baseline -0.007 -95"><span class='ocrx_word' id='word_1_65' title='bbox 337 996 686 1072; x_wconf 81' lang='lat' dir='ltr'>tsmeuobsidionem‚ob</span> <span class='ocrx_word' id='word_1_66' title='bbox 696 994 1006 1057; x_wconf 81' lang='lat' dir='ltr'>defectumrernmsd</span> <span class='ocrx_word' id='word_1_67' title='bbox 1016 989 1212 1055; x_wconf 87' lang='lat' dir='ltr'>resistendum</span> <span class='ocrx_word' id='word_1_68' title='bbox 1219 989 1486 1064; x_wconf 72' lang='lat' dir='ltr'>necessariorum,</span> <span class='ocrx_word' id='word_1_69' title='bbox 1496 1007 1564 1154; x_wconf 43' lang='grc' dir='ltr'>ιη</span> 
     </span>
     <span class='ocr_line' id='line_1_9' title="bbox 341 1094 619 1175; baseline -0.022 -18"><span class='ocrx_word' id='word_1_70' title='bbox 341 1094 436 1157; x_wconf 84' lang='lat' dir='ltr'>tinere</span> <span class='ocrx_word' id='word_1_71' title='bbox 450 1100 619 1175; x_wconf 84' lang='lat' dir='ltr'>potueruut.</span> 
     </span>
    </p>

    <p class='ocr_par' dir='ltr' id='par_1_3' title="bbox 339 1169 1566 2301">
     <span class='ocr_line' id='line_1_10' title="bbox 380 1169 1565 1264; baseline -0.005 -14"><span class='ocrx_word' id='word_1_72' title='bbox 380 1190 501 1252; x_wconf 82' lang='lat' dir='ltr'>Interes</span> <span class='ocrx_word' id='word_1_73' title='bbox 511 1185 668 1249; x_wconf 75' lang='lat' dir='ltr'>Generalis</span> <span class='ocrx_word' id='word_1_74' title='bbox 678 1185 813 1247; x_wconf 78' lang='lat' dir='ltr'>Bennier</span> <span class='ocrx_word' id='word_1_75' title='bbox 825 1184 991 1249; x_wconf 83' lang='lat' dir='ltr'>exercitum</span> <span class='ocrx_word' id='word_1_76' title='bbox 1003 1208 1092 1250; x_wconf 89' lang='lat' dir='ltr'>sunm</span> <span class='ocrx_word' id='word_1_77' title='bbox 1105 1187 1145 1249; x_wconf 81' lang='lat' dir='ltr'>ed</span> <span class='ocrx_word' id='word_1_78' title='bbox 1155 1183 1332 1248; x_wconf 73' lang='lat' dir='ltr'>orientalem</span> <span class='ocrx_word' id='word_1_79' title='bbox 1342 1182 1471 1246; x_wconf 70' lang='lat' dir='ltr'>Odere</span> <span class='ocrx_word' id='word_1_80' title='bbox 1486 1169 1565 1264; x_wconf 57' lang='lat' dir='ltr'>pers*</span> 
     </span>
     <span class='ocr_line' id='line_1_11' title="bbox 339 1281 1565 1363; baseline -0.003 -16"><span class='ocrx_word' id='word_1_81' title='bbox 339 1296 401 1347; x_wconf 84' lang='lat' dir='ltr'>tem</span> <span class='ocrx_word' id='word_1_82' title='bbox 419 1283 564 1354; x_wconf 71' lang='lat' dir='ltr'>traduxit,</span> <span class='ocrx_word' id='word_1_83' title='bbox 578 1281 708 1343; x_wconf 83' lang='lat' dir='ltr'>distento</span> <span class='ocrx_word' id='word_1_84' title='bbox 725 1290 797 1343; x_wconf 84' lang='lat' dir='ltr'>tuno</span> <span class='ocrx_word' id='word_1_85' title='bbox 811 1282 886 1344; x_wconf 67' lang='lat' dir='ltr'>forte</span> <span class='ocrx_word' id='word_1_86' title='bbox 905 1282 1043 1345; x_wconf 77' lang='lat' dir='ltr'>Gullnmo</span> <span class='ocrx_word' id='word_1_87' title='bbox 1061 1284 1094 1345; x_wconf 90' lang='lat' dir='ltr'>in</span> <span class='ocrx_word' id='word_1_88' title='bbox 1114 1281 1284 1345; x_wconf 81' lang='lat' dir='ltr'>Suetiueusi</span> <span class='ocrx_word' id='word_1_89' title='bbox 1302 1282 1565 1363; x_wconf 61' lang='lat' dir='ltr'>recuperatione*</span> 
     </span>
     <span class='ocr_line' id='line_1_12' title="bbox 340 1376 1566 1461; baseline -0.002 -20"><span class='ocrx_word' id='word_1_90' title='bbox 340 1380 412 1453; x_wconf 85' lang='lat' dir='ltr'>Quo</span> <span class='ocrx_word' id='word_1_91' title='bbox 421 1378 557 1441; x_wconf 86' lang='lat' dir='ltr'>misimus</span> <span class='ocrx_word' id='word_1_92' title='bbox 569 1396 623 1457; x_wconf 89' lang='lat' dir='ltr'>pro</span> <span class='ocrx_word' id='word_1_93' title='bbox 632 1377 775 1459; x_wconf 81' lang='lat' dir='ltr'>suppetiis</span> <span class='ocrx_word' id='word_1_94' title='bbox 786 1378 847 1440; x_wconf 90' lang='lat' dir='ltr'>duo</span> <span class='ocrx_word' id='word_1_95' title='bbox 856 1377 952 1439; x_wconf 79' lang='lat' dir='ltr'>millis</span> <span class='ocrx_word' id='word_1_96' title='bbox 961 1379 1109 1461; x_wconf 85' lang='lat' dir='ltr'>peditum,</span> <span class='ocrx_word' id='word_1_97' title='bbox 1120 1398 1190 1459; x_wconf 87' lang='lat' dir='ltr'>qme</span> <span class='ocrx_word' id='word_1_98' title='bbox 1199 1385 1234 1440; x_wconf 87' lang='lat' dir='ltr'>ut</span> <span class='ocrx_word' id='word_1_99' title='bbox 1242 1376 1374 1459; x_wconf 83' lang='lat' dir='ltr'>primdm</span> <span class='ocrx_word' id='word_1_100' title='bbox 1383 1378 1566 1459; x_wconf 72' lang='lat' dir='ltr'>appulere,³</span> 
     </span>
     <span class='ocr_line' id='line_1_13' title="bbox 339 1472 1560 1557; baseline -0.002 -18"><span class='ocrx_word' id='word_1_101' title='bbox 339 1477 396 1539; x_wconf 90' lang='lat' dir='ltr'>snb</span> <span class='ocrx_word' id='word_1_102' title='bbox 415 1482 551 1557; x_wconf 77' lang='lat' dir='ltr'>quartum</span> <span class='ocrx_word' id='word_1_103' title='bbox 570 1492 640 1534; x_wconf 86' lang='lat' dir='ltr'>mox</span> <span class='ocrx_word' id='word_1_104' title='bbox 658 1472 837 1535; x_wconf 77' lang='lat' dir='ltr'>matutinum</span> <span class='ocrx_word' id='word_1_105' title='bbox 853 1494 924 1537; x_wconf 91' lang='lat' dir='ltr'>cum</span> <span class='ocrx_word' id='word_1_106' title='bbox 943 1485 1071 1555; x_wconf 74' lang='lat' dir='ltr'>quatuor</span> <span class='ocrx_word' id='word_1_107' title='bbox 1090 1474 1245 1537; x_wconf 84' lang='lat' dir='ltr'>tormentis</span> <span class='ocrx_word' id='word_1_108' title='bbox 1261 1472 1377 1535; x_wconf 88' lang='lat' dir='ltr'>bellicis</span> <span class='ocrx_word' id='word_1_109' title='bbox 1394 1474 1560 1537; x_wconf 68' lang='lat' dir='ltr'>solvemus</span> 
     </span>
     <span class='ocr_line' id='line_1_14' title="bbox 341 1568 1558 1651; baseline 0 -18"><span class='ocrx_word' id='word_1_110' title='bbox 341 1572 422 1633; x_wconf 80' lang='lat' dir='ltr'>Lnez</span> <span class='ocrx_word' id='word_1_111' title='bbox 438 1569 712 1651; x_wconf 70' lang='lat' dir='ltr'>commigravimus.</span> <span class='ocrx_word' id='word_1_112' title='bbox 758 1568 904 1631; x_wconf 79' lang='lat' dir='ltr'>Mirende</span> <span class='ocrx_word' id='word_1_113' title='bbox 920 1570 996 1632; x_wconf 85' lang='lat' dir='ltr'>mihi</span> <span class='ocrx_word' id='word_1_114' title='bbox 1013 1570 1072 1632; x_wconf 88' lang='lat' dir='ltr'>hoc</span> <span class='ocrx_word' id='word_1_115' title='bbox 1090 1572 1158 1633; x_wconf 91' lang='lat' dir='ltr'>loco</span> <span class='ocrx_word' id='word_1_116' title='bbox 1174 1569 1284 1651; x_wconf 74' lang='lat' dir='ltr'>obtigit</span> <span class='ocrx_word' id='word_1_117' title='bbox 1299 1568 1558 1633; x_wconf 78' lang='lat' dir='ltr'>Pomemnornm</span> 
     </span>
     <span class='ocr_line' id='line_1_15' title="bbox 340 1663 1553 1749; baseline -0.002 -19"><span class='ocrx_word' id='word_1_118' title='bbox 340 1665 537 1730; x_wconf 68' lang='lat' dir='ltr'>confidendo</span> <span class='ocrx_word' id='word_1_119' title='bbox 558 1663 711 1727; x_wconf 67' lang='lat' dir='ltr'>cerevisia</span> <span class='ocrx_word' id='word_1_120' title='bbox 730 1665 817 1727; x_wconf 77' lang='lat' dir='ltr'>ratio.</span> <span class='ocrx_word' id='word_1_121' title='bbox 859 1664 924 1747; x_wconf 87' lang='lat' dir='ltr'>Ipsi</span> <span class='ocrx_word' id='word_1_122' title='bbox 943 1668 1024 1729; x_wconf 87' lang='lat' dir='ltr'>enim</span> <span class='ocrx_word' id='word_1_123' title='bbox 1043 1666 1142 1749; x_wconf 87' lang='lat' dir='ltr'>primo</span> <span class='ocrx_word' id='word_1_124' title='bbox 1157 1665 1303 1727; x_wconf 85' lang='lat' dir='ltr'>hordeum</span> <span class='ocrx_word' id='word_1_125' title='bbox 1322 1664 1553 1743; x_wconf 69' lang='lat' dir='ltr'>medemctum,</span> 
     </span>
     <span class='ocr_line' id='line_1_16' title="bbox 339 1760 1552 1843; baseline 0.002 -19"><span class='ocrx_word' id='word_1_126' title='bbox 339 1783 400 1843; x_wconf 87' lang='lat' dir='ltr'>qno</span> <span class='ocrx_word' id='word_1_127' title='bbox 413 1760 501 1823; x_wconf 88' lang='lat' dir='ltr'>eitius</span> <span class='ocrx_word' id='word_1_128' title='bbox 510 1768 662 1822; x_wconf 77' lang='lat' dir='ltr'>excrescet</span> <span class='ocrx_word' id='word_1_129' title='bbox 670 1762 710 1824; x_wconf 85' lang='lat' dir='ltr'>ed</span> <span class='ocrx_word' id='word_1_130' title='bbox 724 1782 814 1823; x_wconf 76' lang='lat' dir='ltr'>unum</span> <span class='ocrx_word' id='word_1_131' title='bbox 824 1762 1021 1843; x_wconf 73' lang='lat' dir='ltr'>septimanum</span> <span class='ocrx_word' id='word_1_132' title='bbox 1033 1763 1195 1837; x_wconf 74' lang='lat' dir='ltr'>exsiccent,</span> <span class='ocrx_word' id='word_1_133' title='bbox 1206 1761 1316 1823; x_wconf 84' lang='lat' dir='ltr'>deinde</span> <span class='ocrx_word' id='word_1_134' title='bbox 1327 1762 1409 1823; x_wconf 75' lang='lat' dir='ltr'>molt</span> <span class='ocrx_word' id='word_1_135' title='bbox 1421 1764 1552 1826; x_wconf 77' lang='lat' dir='ltr'>nuditer</span> 
     </span>
     <span class='ocr_line' id='line_1_17' title="bbox 340 1856 1549 1940; baseline 0.002 -19"><span class='ocrx_word' id='word_1_136' title='bbox 340 1856 546 1921; x_wconf 79' lang='lat' dir='ltr'>commolitum</span> <span class='ocrx_word' id='word_1_137' title='bbox 555 1873 625 1917; x_wconf 90' lang='lat' dir='ltr'>cnm</span> <span class='ocrx_word' id='word_1_138' title='bbox 638 1856 761 1938; x_wconf 88' lang='lat' dir='ltr'>reliquis</span> <span class='ocrx_word' id='word_1_139' title='bbox 770 1857 860 1919; x_wconf 81' lang='lat' dir='ltr'>lebeti</span> <span class='ocrx_word' id='word_1_140' title='bbox 872 1858 1024 1938; x_wconf 81' lang='lat' dir='ltr'>ingerunt,</span> <span class='ocrx_word' id='word_1_141' title='bbox 1035 1868 1152 1921; x_wconf 80' lang='lat' dir='ltr'>coctum</span> <span class='ocrx_word' id='word_1_142' title='bbox 1165 1866 1267 1940; x_wconf 79' lang='lat' dir='ltr'>postes</span> <span class='ocrx_word' id='word_1_143' title='bbox 1274 1858 1451 1921; x_wconf 65' lang='lat' dir='ltr'>cerevisiam</span> <span class='ocrx_word' id='word_1_144' title='bbox 1462 1861 1549 1924; x_wconf 81' lang='lat' dir='ltr'>intre</span> 
     </span>
     <span class='ocr_line' id='line_1_18' title="bbox 339 1952 1546 2037; baseline 0.005 -22"><span class='ocrx_word' id='word_1_145' title='bbox 339 1952 448 2037; x_wconf 80' lang='lat' dir='ltr'>viginti</span> <span class='ocrx_word' id='word_1_146' title='bbox 462 1958 590 2031; x_wconf 79' lang='lat' dir='ltr'>quatuor</span> <span class='ocrx_word' id='word_1_147' title='bbox 602 1952 651 2013; x_wconf 78' lang='lat' dir='ltr'>vel</span> <span class='ocrx_word' id='word_1_148' title='bbox 664 1952 790 2036; x_wconf 73' lang='lat' dir='ltr'>triginta</span> <span class='ocrx_word' id='word_1_149' title='bbox 800 1952 889 2015; x_wconf 81' lang='lat' dir='ltr'>hores</span> <span class='ocrx_word' id='word_1_150' title='bbox 902 1955 945 2015; x_wconf 85' lang='lat' dir='ltr'>itu</span> <span class='ocrx_word' id='word_1_151' title='bbox 956 1954 1113 2031; x_wconf 70' lang='lat' dir='ltr'>defecent,</span> <span class='ocrx_word' id='word_1_152' title='bbox 1129 1964 1164 2017; x_wconf 88' lang='lat' dir='ltr'>nt</span> <span class='ocrx_word' id='word_1_153' title='bbox 1176 1973 1252 2037; x_wconf 75' lang='lat' dir='ltr'>pure</span> <span class='ocrx_word' id='word_1_154' title='bbox 1264 1955 1304 2017; x_wconf 89' lang='lat' dir='ltr'>sit</span> <span class='ocrx_word' id='word_1_155' title='bbox 1315 1964 1347 2016; x_wconf 87' lang='lat' dir='ltr'>ct</span> <span class='ocrx_word' id='word_1_156' title='bbox 1357 1956 1468 2037; x_wconf 75' lang='lat' dir='ltr'>snpidn</span> <span class='ocrx_word' id='word_1_157' title='bbox 1480 1978 1546 2021; x_wconf 87' lang='lat' dir='ltr'>nou</span> 
     </span>
     <span class='ocr_line' id='line_1_19' title="bbox 341 2047 1545 2131; baseline 0.006 -19"><span class='ocrx_word' id='word_1_158' title='bbox 341 2068 426 2112; x_wconf 87' lang='lat' dir='ltr'>secus</span> <span class='ocrx_word' id='word_1_159' title='bbox 442 2067 478 2109; x_wconf 84' lang='lat' dir='ltr'>sc</span> <span class='ocrx_word' id='word_1_160' title='bbox 496 2049 521 2111; x_wconf 88' lang='lat' dir='ltr'>si</span> <span class='ocrx_word' id='word_1_161' title='bbox 539 2048 674 2129; x_wconf 84' lang='lat' dir='ltr'>pluribus</span> <span class='ocrx_word' id='word_1_162' title='bbox 691 2047 887 2110; x_wconf 73' lang='lat' dir='ltr'>hebdomadis</span> <span class='ocrx_word' id='word_1_163' title='bbox 905 2049 1111 2113; x_wconf 82' lang='lat' dir='ltr'>deferbuisset.</span> <span class='ocrx_word' id='word_1_164' title='bbox 1150 2050 1230 2123; x_wconf 75' lang='lat' dir='ltr'>Qum</span> <span class='ocrx_word' id='word_1_165' title='bbox 1250 2050 1374 2131; x_wconf 84' lang='lat' dir='ltr'>quidem</span> <span class='ocrx_word' id='word_1_166' title='bbox 1392 2056 1545 2119; x_wconf 80' lang='lat' dir='ltr'>oerevisis</span> 
     </span>
     <span class='ocr_line' id='line_1_20' title="bbox 341 2142 1542 2231; baseline 0.006 -26"><span class='ocrx_word' id='word_1_167' title='bbox 341 2144 400 2205; x_wconf 87' lang='lat' dir='ltr'>nisi</span> <span class='ocrx_word' id='word_1_168' title='bbox 409 2144 489 2207; x_wconf 84' lang='lat' dir='ltr'>intm</span> <span class='ocrx_word' id='word_1_169' title='bbox 496 2145 613 2207; x_wconf 86' lang='lat' dir='ltr'>dictum</span> <span class='ocrx_word' id='word_1_170' title='bbox 620 2142 981 2226; x_wconf 75' lang='lat' dir='ltr'>tempussxsliquipurts</span> <span class='ocrx_word' id='word_1_171' title='bbox 991 2144 1542 2231; x_wconf 79' lang='lat' dir='ltr'>disusheretnr,ccrtoqnsutocynsin</span> 
     </span>
     <span class='ocr_line' id='line_1_21' title="bbox 342 2241 582 2301; baseline -0.008 0"><span class='ocrx_word' id='word_1_172' title='bbox 342 2250 462 2301; x_wconf 84' lang='lat' dir='ltr'>sectum</span> <span class='ocrx_word' id='word_1_173' title='bbox 477 2241 582 2301; x_wconf 82' lang='lat' dir='ltr'>abiret.</span> 
     </span>
    </p>

    <p class='ocr_par' dir='ltr' id='par_1_4' title="bbox 383 2334 1537 2421">
     <span class='ocr_line' id='line_1_22' title="bbox 383 2334 1537 2421; baseline 0.009 -23"><span class='ocrx_word' id='word_1_174' title='bbox 383 2334 554 2398; x_wconf 84' lang='lat' dir='ltr'>Undecimo</span> <span class='ocrx_word' id='word_1_175' title='bbox 565 2335 743 2399; x_wconf 81' lang='lat' dir='ltr'>Decembris</span> <span class='ocrx_word' id='word_1_176' title='bbox 751 2343 860 2400; x_wconf 67' lang='lat' dir='ltr'>uocum</span> <span class='ocrx_word' id='word_1_177' title='bbox 867 2334 1053 2401; x_wconf 73' lang='lat' dir='ltr'>Oweeuoe</span> <span class='ocrx_word' id='word_1_178' title='bbox 1061 2337 1156 2421; x_wconf 73' lang='lat' dir='ltr'>copim</span> <span class='ocrx_word' id='word_1_179' title='bbox 1164 2336 1361 2403; x_wconf 76' lang='lat' dir='ltr'>fortissimum</span> <span class='ocrx_word' id='word_1_180' title='bbox 1369 2340 1537 2408; x_wconf 69' lang='lat' dir='ltr'>Castellum</span> 
     </span>
    </p>
   </div>
   <div class='ocr_carea' id='block_1_3' title="bbox 340 2432 1536 3086">
    <p class='ocr_par' dir='ltr' id='par_1_5' title="bbox 340 2432 1536 3086">
     <span class='ocr_line' id='line_1_23' title="bbox 343 2432 1536 2523; baseline 0.008 -28"><span class='ocrx_word' id='word_1_181' title='bbox 343 2433 448 2508; x_wconf 72' lang='lat' dir='ltr'>Luem,</span> <span class='ocrx_word' id='word_1_182' title='bbox 469 2432 503 2494; x_wconf 90' lang='lat' dir='ltr'>iu</span> <span class='ocrx_word' id='word_1_183' title='bbox 523 2433 649 2494; x_wconf 88' lang='lat' dir='ltr'>editiore</span> <span class='ocrx_word' id='word_1_184' title='bbox 670 2433 747 2494; x_wconf 86' lang='lat' dir='ltr'>nolle</span> <span class='ocrx_word' id='word_1_185' title='bbox 769 2435 860 2496; x_wconf 88' lang='lat' dir='ltr'>situm</span> <span class='ocrx_word' id='word_1_186' title='bbox 881 2434 914 2495; x_wconf 91' lang='lat' dir='ltr'>in</span> <span class='ocrx_word' id='word_1_187' title='bbox 935 2443 1108 2515; x_wconf 68' lang='lat' dir='ltr'>potestatem</span> <span class='ocrx_word' id='word_1_188' title='bbox 1129 2434 1318 2516; x_wconf 72' lang='lat' dir='ltr'>redegerunt,</span> <span class='ocrx_word' id='word_1_189' title='bbox 1339 2439 1536 2523; x_wconf 70' lang='lat' dir='ltr'>dumtisqne</span> 
     </span>
     <span class='ocr_line' id='line_1_24' title="bbox 341 2528 1533 2614; baseline 0.011 -25"><span class='ocrx_word' id='word_1_190' title='bbox 341 2528 533 2609; x_wconf 69' lang='lat' dir='ltr'>presidicriis</span> <span class='ocrx_word' id='word_1_191' title='bbox 548 2528 652 2590; x_wconf 89' lang='lat' dir='ltr'>Suecis</span> <span class='ocrx_word' id='word_1_192' title='bbox 669 2549 707 2590; x_wconf 86' lang='lat' dir='ltr'>ex</span> <span class='ocrx_word' id='word_1_193' title='bbox 721 2539 808 2610; x_wconf 83' lang='lat' dir='ltr'>pecto</span> <span class='ocrx_word' id='word_1_194' title='bbox 825 2531 939 2593; x_wconf 80' lang='lat' dir='ltr'>ebitum</span> <span class='ocrx_word' id='word_1_195' title='bbox 954 2540 986 2592; x_wconf 90' lang='lat' dir='ltr'>et</span> <span class='ocrx_word' id='word_1_196' title='bbox 996 2531 1114 2592; x_wconf 81' lang='lat' dir='ltr'>sulrnm</span> <span class='ocrx_word' id='word_1_197' title='bbox 1131 2531 1314 2594; x_wconf 87' lang='lat' dir='ltr'>conductum</span> <span class='ocrx_word' id='word_1_198' title='bbox 1326 2536 1533 2614; x_wconf 80' lang='lat' dir='ltr'>permiserunt</span> 
     </span>
     <span class='ocr_line' id='line_1_25' title="bbox 342 2622 1532 2713; baseline 0.004 -27"><span class='ocrx_word' id='word_1_199' title='bbox 342 2623 443 2686; x_wconf 75' lang='lat' dir='ltr'>Tertii</span> <span class='ocrx_word' id='word_1_200' title='bbox 455 2623 573 2686; x_wconf 75' lang='lat' dir='ltr'>decimi</span> <span class='ocrx_word' id='word_1_201' title='bbox 589 2622 678 2704; x_wconf 88' lang='lat' dir='ltr'>hujus</span> <span class='ocrx_word' id='word_1_202' title='bbox 693 2623 801 2688; x_wconf 81' lang='lat' dir='ltr'>Comes</span> <span class='ocrx_word' id='word_1_203' title='bbox 817 2627 856 2688; x_wconf 90' lang='lat' dir='ltr'>de</span> <span class='ocrx_word' id='word_1_204' title='bbox 870 2627 1008 2711; x_wconf 79' lang='lat' dir='ltr'>Ridbsrg</span> <span class='ocrx_word' id='word_1_205' title='bbox 1023 2627 1158 2690; x_wconf 85' lang='lat' dir='ltr'>collectis</span> <span class='ocrx_word' id='word_1_206' title='bbox 1175 2626 1209 2688; x_wconf 87' lang='lat' dir='ltr'>in</span> <span class='ocrx_word' id='word_1_207' title='bbox 1225 2647 1321 2690; x_wconf 89' lang='lat' dir='ltr'>unum</span> <span class='ocrx_word' id='word_1_208' title='bbox 1338 2632 1532 2713; x_wconf 70' lang='lat' dir='ltr'>cumphrnetis</span> 
     </span>
     <span class='ocr_line' id='line_1_26' title="bbox 341 2719 1531 2802; baseline 0.012 -21"><span class='ocrx_word' id='word_1_209' title='bbox 341 2721 358 2780; x_wconf 76' lang='lat' dir='ltr'>d</span> <span class='ocrx_word' id='word_1_210' title='bbox 372 2719 477 2782; x_wconf 76' lang='lat' dir='ltr'>omnis</span> <span class='ocrx_word' id='word_1_211' title='bbox 488 2720 619 2795; x_wconf 76' lang='lat' dir='ltr'>recessit,</span> <span class='ocrx_word' id='word_1_212' title='bbox 633 2739 723 2800; x_wconf 89' lang='lat' dir='ltr'>quem</span> <span class='ocrx_word' id='word_1_213' title='bbox 737 2722 929 2802; x_wconf 84' lang='lat' dir='ltr'>sequentibus</span> <span class='ocrx_word' id='word_1_214' title='bbox 942 2723 1059 2787; x_wconf 89' lang='lat' dir='ltr'>duobus</span> <span class='ocrx_word' id='word_1_215' title='bbox 1072 2723 1178 2785; x_wconf 87' lang='lat' dir='ltr'>diebus</span> <span class='ocrx_word' id='word_1_216' title='bbox 1190 2743 1263 2786; x_wconf 80' lang='lat' dir='ltr'>mox</span> <span class='ocrx_word' id='word_1_217' title='bbox 1276 2735 1394 2788; x_wconf 87' lang='lat' dir='ltr'>secutos</span> <span class='ocrx_word' id='word_1_218' title='bbox 1406 2739 1452 2792; x_wconf 86' lang='lat' dir='ltr'>est</span> <span class='ocrx_word' id='word_1_219' title='bbox 1462 2751 1531 2794; x_wconf 89' lang='lat' dir='ltr'>cnm</span> 
     </span>
     <span class='ocr_line' id='line_1_27' title="bbox 342 2815 1528 2897; baseline 0.012 -20"><span class='ocrx_word' id='word_1_220' title='bbox 342 2815 426 2878; x_wconf 89' lang='lat' dir='ltr'>omui</span> <span class='ocrx_word' id='word_1_221' title='bbox 447 2815 538 2897; x_wconf 72' lang='lat' dir='ltr'>propi</span> <span class='ocrx_word' id='word_1_222' title='bbox 560 2815 693 2878; x_wconf 83' lang='lat' dir='ltr'>exercitu</span> <span class='ocrx_word' id='word_1_223' title='bbox 717 2817 832 2880; x_wconf 71' lang='lat' dir='ltr'>Gallus.</span> <span class='ocrx_word' id='word_1_224' title='bbox 874 2817 936 2892; x_wconf 88' lang='lat' dir='ltr'>Qui</span> <span class='ocrx_word' id='word_1_225' title='bbox 955 2819 987 2880; x_wconf 90' lang='lat' dir='ltr'>iu</span> <span class='ocrx_word' id='word_1_226' title='bbox 1006 2819 1058 2881; x_wconf 77' lang='lat' dir='ltr'>vid</span> <span class='ocrx_word' id='word_1_227' title='bbox 1076 2819 1199 2881; x_wconf 79' lang='lat' dir='ltr'>obvium</span> <span class='ocrx_word' id='word_1_228' title='bbox 1219 2818 1323 2884; x_wconf 67' lang='lat' dir='ltr'>babuit</span> <span class='ocrx_word' id='word_1_229' title='bbox 1341 2821 1528 2892; x_wconf 77' lang='lat' dir='ltr'>anoisoum</span> 
     </span>
     <span class='ocr_line' id='line_1_28' title="bbox 342 2911 1527 2998; baseline 0.011 -24"><span class='ocrx_word' id='word_1_230' title='bbox 342 2912 504 2974; x_wconf 80' lang='lat' dir='ltr'>Albertmn</span> <span class='ocrx_word' id='word_1_231' title='bbox 518 2911 675 2988; x_wconf 82' lang='lat' dir='ltr'>Ssxonem,</span> <span class='ocrx_word' id='word_1_232' title='bbox 691 2932 822 2993; x_wconf 86' lang='lat' dir='ltr'>quocum</span> <span class='ocrx_word' id='word_1_233' title='bbox 835 2913 943 2976; x_wconf 81' lang='lat' dir='ltr'>bellice</span> <span class='ocrx_word' id='word_1_234' title='bbox 954 2915 1075 2998; x_wconf 77' lang='lat' dir='ltr'>negotis</span> <span class='ocrx_word' id='word_1_235' title='bbox 1088 2917 1292 2997; x_wconf 64' lang='lat' dir='ltr'>pernoctavit.</span> <span class='ocrx_word' id='word_1_236' title='bbox 1321 2917 1449 2984; x_wconf 69' lang='lat' dir='ltr'>Bredas</span> <span class='ocrx_word' id='word_1_237' title='bbox 1461 2945 1527 2988; x_wconf 85' lang='lat' dir='ltr'>cum</span> 
     </span>
     <span class='ocr_line' id='line_1_29' title="bbox 340 3004 1134 3086; baseline 0.008 -20"><span class='ocrx_word' id='word_1_238' title='bbox 340 3004 403 3066; x_wconf 84' lang='lat' dir='ltr'>suis</span> <span class='ocrx_word' id='word_1_239' title='bbox 416 3004 551 3086; x_wconf 83' lang='lat' dir='ltr'>equitum</span> <span class='ocrx_word' id='word_1_240' title='bbox 564 3007 670 3068; x_wconf 86' lang='lat' dir='ltr'>turmis</span> <span class='ocrx_word' id='word_1_241' title='bbox 683 3025 787 3069; x_wconf 76' lang='lat' dir='ltr'>versus</span> <span class='ocrx_word' id='word_1_242' title='bbox 800 3005 933 3070; x_wconf 81' lang='lat' dir='ltr'>Anclem</span> <span class='ocrx_word' id='word_1_243' title='bbox 945 3007 1056 3072; x_wconf 79' lang='lat' dir='ltr'>direxit</span> <span class='ocrx_word' id='word_1_244' title='bbox 1068 3008 1134 3072; x_wconf 86' lang='lat' dir='ltr'>iter.</span> 
     </span>
    </p>
   </div>
   <div class='ocr_carea' id='block_1_4' title="bbox 0 0 1630 4700">
    <p class='ocr_par' dir='ltr' id='par_1_6' title="bbox 0 0 1630 4700">
     <span class='ocr_line' id='line_1_30' title="bbox 0 0 1630 4700; baseline 0 0"><span class='ocrx_word' id='word_1_245' title='bbox 0 0 1630 4700; x_wconf 95' lang='lat' dir='ltr'> </span> 
     </span>
    </p>
   </div>
  </div>
 </body>
</html>
