3225 4700
321 372 363 435 60
706 365 1119 437 ITINERARIUM.

363 520 411 582 ΙΙ.
433 520 479 583 Ut
500 530 609 603 proeter
633 540 725 582 unum
750 520 965 597 Ecclesiamm,
992 518 1116 600 relique
1140 534 1244 578 omnes
1266 512 1308 577 ad
1330 511 1514 575 orthodoxos

323 618 464 681 redirent.

363 713 431 776 ΙΙΙ.
452 714 579 776 Alereut
592 712 670 775 iutra
682 712 793 775 moenia
802 714 864 775 suis
876 711 1041 795 sumptibus
1055 710 1112 772 tria
1124 708 1255 771 militum
1267 707 1516 769 Ooemreauomm

322 809 427 873 millia.

364 905 450 969 Hine
463 906 588 969 Ulmam
602 916 792 990 properatum
805 916 860 982 eet,
873 926 909 968 ao
922 905 1019 988 primo
1032 904 1154 987 quidem
1165 901 1236 964 buio
1249 900 1317 964 urbi
1329 900 1427 983 pridie
1436 899 1517 961 Pas·

322 1002 417 1065 ebatis
426 1004 561 1066 omnium
569 1004 744 1067 victualium
754 1024 890 1065 aooessus
898 1002 1125 1085 proeeisus,mox
1133 1020 1205 1061 vero
1216 998 1340 1061 oolleeto
1348 997 1444 1059 milite
1452 1005 1518 1059 tota

322 1101 387 1182 ejus
395 1100 561 1184 amplitudo
569 1101 677 1175 cincta,
687 1120 722 1161 ao
731 1108 792 1161 tam
800 1101 906 1161 uberes
912 1119 983 1181 opes
990 1099 1183 1180 undiquaque
1191 1098 1326 1158 obserere.
1341 1095 1516 1157 Nosautem

324 1218 377 1279 per
387 1197 526 1281 Geisling
534 1196 626 1259 alteri
639 1195 756 1277 pasohae
765 1192 840 1255 serii
851 1194 884 1254 in
895 1194 1119 1277 lotharingiam
1127 1202 1230 1256 uonna
1238 1191 1345 1255 Gallos
1354 1190 1516 1265 movimus,

324 1294 377 1374 qui
387 1294 498 1357 foedere
507 1304 538 1355 et
550 1292 640 1353 armis
644 1291 745 1372 juncti
755 1310 810 1372 pro
820 1291 918 1353 Sueoo
929 1290 1087 1365 faciebant,
1098 1291 1137 1352 de
1146 1310 1208 1371 qua
1216 1288 1404 1371 expeditione
1413 1288 1516 1349 dioam

322 1390 420 1471 plura,
437 1389 489 1451 ubi
509 1387 547 1448 de
568 1386 770 1470 lotharingie
789 1386 878 1447 Duoe
895 1387 1050 1449 dissemm.
1093 1386 1211 1449 Multm
1228 1385 1281 1447 illo
1300 1394 1432 1466 tempore
1451 1393 1518 1445 erat

322 1504 420 1545 sermo
432 1484 470 1545 de
485 1484 610 1545 Urbano
622 1482 721 1544 VIII.
759 1483 884 1546 Summo
896 1482 1057 1560 Pontilioe,
1071 1483 1157 1565 quasi
1169 1484 1233 1565 ipse
1246 1481 1344 1564 potius
1355 1500 1411 1563 pro
1424 1480 1518 1542 busti·

323 1580 379 1641 bus
394 1599 486 1659 quum
500 1578 633 1662 Imperio
650 1588 766 1663 ageret:
788 1580 828 1641 de
845 1579 953 1660 quibus
965 1580 1088 1661 quidem
1105 1579 1291 1641 sermonibus
1306 1577 1433 1639 aliorum
1450 1586 1517 1639 esto

322 1676 493 1738 Juuioium.
535 1676 678 1758 lapidem
694 1676 841 1758 imprimIs
857 1676 915 1739 fuit
930 1676 1008 1739 illud
1025 1678 1107 1758 quod
1124 1676 1203 1738 inter
1220 1675 1400 1737 Calvinistas
1418 1694 1515 1737 ooenae
1606 1717 1607 1760 Τ

322 1770 510 1833 accubiturus
523 1772 586 1855 egit
600 1771 755 1853 Hispanus
766 1772 853 1835 miles
867 1774 923 1835 sub
935 1772 1086 1857 paschales
1101 1772 1200 1847 ferias,
1213 1772 1264 1834 hio
1277 1792 1347 1833 oum
1363 1772 1397 1831 in
1409 1772 1515 1833 funum

321 1886 425 1929 eorum
437 1876 513 1929 esset
522 1867 673 1949 ingressus
685 1868 772 1930 sieeis
780 1868 869 1950 plane
881 1878 912 1932 et
921 1870 1055 1933 exsuoeis
1067 1868 1213 1943 faucibus,
1226 1868 1393 1949 opportune
1404 1867 1517 1949 reperit
1606 1913 1607 1942 r

322 1962 465 2045 poculum
478 1964 511 2025 in
521 1962 752 2027 Pseudoooenae
766 1973 880 2047 partem
893 1966 1033 2043 dilutum,
1044 1966 1126 2048 quud
1137 1984 1294 2049 aggressus
1303 1973 1365 2025 toto
1376 1983 1429 2025 ore
1441 1984 1516 2025 uuo-
1606 2001 1607 2004 =

323 2079 382 2139 que
398 2060 496 2121 hausit
508 2060 623 2141 spiritu.
664 2060 742 2122 Tum
753 2061 871 2122 Panem
883 2062 1007 2123 alterum
1020 2081 1115 2124 ooenoe
1128 2060 1317 2123 medietatem
1329 2058 1458 2123 fidenter
1467 2080 1515 2121 ar·

323 2157 446 2238 ripieus,
467 2175 505 2216 ne
524 2166 645 2218 noceret
663 2156 796 2233 haustus,
817 2158 982 2238 absumpsit
999 2177 1129 2233 omnem,
1148 2176 1285 2237 unusque
1304 2156 1384 2218 solus
1405 2177 1443 2219 eo
1464 2158 1516 2218 die

322 2252 458 2314 omnium
471 2250 592 2313 nomine
605 2252 765 2315 liberaliter
777 2254 917 2317 omnavit.

366 2348 436 2411 Hoo
452 2347 484 2410 iu
501 2348 607 2410 itinere
622 2346 791 2432 'Iubingum
806 2348 992 2412 divertimus.
1034 2349 1090 2413 mo
1105 2348 1244 2433 'subiuga
1260 2350 1330 2412 urbs
1347 2350 1517 2413 Academii

325 2445 458 2522 celebris,
473 2465 508 2507 uo
524 2444 609 2506 bonis
626 2445 759 2506 moribus
774 2445 958 2528 literatisque
975 2447 1049 2510 viris
1064 2445 1156 2523 olara,
1170 2447 1221 2509 oui
1236 2447 1269 2508 in
1284 2447 1353 2509 edio
1369 2446 1447 2508 oolle
1461 2448 1517 2509 ad·

319 2543 426 2624 jacens
443 2561 497 2604 arx
512 2540 637 2602 multam
654 2549 776 2624 praestat
789 2542 989 2604 seouritatem.
1030 2541 1108 2604 Inde
1121 2563 1174 2624 per
1188 2563 1282 2627 pagos
1294 2543 1334 2605 ad
1348 2551 1517 2605 extremum

325 2638 492 2712 exhaustos,
505 2636 614 2720 purtim
627 2637 697 2719 igne
707 2638 817 2720 purtim
828 2637 908 2700 fame
921 2648 952 2700 et
963 2639 1023 2701 situ
1035 2639 1191 2714 solitarios,
1201 2639 1417 2719 altissimosque
1429 2659 1517 2700 mon·

324 2745 370 2796 tes
385 2735 425 2797 ad
439 2732 555 2816 sylvam
569 2733 688 2815 nigram
703 2732 961 2814 (Sohvurtnvaldt
974 2735 1120 2798 Germani
1133 2739 1255 2814 sonant)
1271 2735 1329 2797 iter
1339 2735 1516 2808 direximus,

325 2831 356 2892 in
374 2849 434 2910 quo
450 2849 521 2890 oum
539 2828 594 2890 sub
609 2848 764 2910 vesperam
777 2849 890 2912 pagum
905 2829 970 2892 illio
981 2832 1184 2913 pernoctaturi
1200 2831 1319 2915 ingredi
1331 2830 1516 2907 moliamur,

324 2925 423 2987 valide
435 2925 473 2986 ab
486 2923 592 2987 ineolis
605 2925 715 3006 repulsi
729 2945 842 3002 sumus,
856 2947 985 3008 qnorum
997 2928 1155 2990 audaciam
1166 2927 1248 2990 houd
1261 2928 1357 2990 ferens
1366 2927 1518 2990 Viae-Co-

325 3019 462 3096 lonellus‚
472 3021 563 3102 jussit
572 3022 603 3084 vi
616 3021 762 3104 perfringi
775 3031 885 3103 portas,
894 3023 1081 3104 rustiousque
1092 3025 1134 3085 ad
1145 3043 1265 3086 omnem
1277 3024 1517 3087 benevolentiam

326 3135 443 3198 eogere.
499 3115 577 3179 Inde
594 3136 647 3199 per
664 3117 847 3181 Wuldkireb
865 3118 1084 3202 Hoebburgum
1101 3139 1204 3182 versus
1219 3120 1380 3196 tendimus,
1395 3130 1428 3182 et
1445 3141 1516 3183 eum

326 3231 393 3273 eam
411 3232 510 3273 arcem
528 3233 580 3276 sex
597 3213 779 3298 legionibus
795 3215 988 3279 Turlaoeuses
1000 3227 1102 3279 tenere
1118 3217 1312 3292 audissemus,
1327 3219 1415 3280 eante
1430 3217 1517 3281 uobis

325 3307 527 3370 incedendum
543 3310 612 3386 fnit,
625 3331 664 3373 ne
680 3311 742 3393 qui
757 3311 777 3373 b
791 3313 930 3375 ducentis
945 3313 1091 3376 militibus
1106 3313 1210 3376 furtim
1227 3323 1259 3376 et
1274 3333 1314 3375 ex
1329 3313 1447 3376 insidiis
1461 3335 1517 3376 nos

326 3403 469 3484 impetere
478 3403 655 3482 volentibus,
665 3407 918 3490 opprimeremur:
936 3409 995 3471 tuti
1002 3410 1318 3472 tamenetiuoolumes
1326 3411 1517 3472 transivimus

328 3497 509 3583 Friburgum
519 3521 631 3577 versus,
642 3505 714 3565 urbs
726 3503 791 3566 bero
801 3505 915 3567 abonis
925 3505 1019 3568 literis
1027 3505 1259 3588 liberalibusque
1271 3507 1438 3589 disciplinis
1447 3515 1518 3568 uota

326 3605 383 3669 est,
400 3598 497 3680 magis
514 3597 642 3661 Pallade
660 3599 752 3681 quem
772 3601 873 3662 Marte
890 3611 1005 3683 potens.
1047 3601 1132 3664 Hine
1150 3602 1309 3665 Brisaoum
1325 3603 1519 3684 perreximus-

327 3691 382 3755 Est
393 3692 551 3758 Brisaenm
561 3695 688 3759 munitio
699 3715 760 3760 una
769 3715 806 3758 ex
817 3697 922 3779 primis
933 3699 1073 3781 Europe,
1084 3699 1117 3762 in
1127 3698 1204 3764 oolle
1212 3699 1279 3776 sita„
1290 3719 1382 3781 quam
1393 3697 1518 3763 Rhenus
