3225 4700
468 341 890 414 ITINERARIUM.
1208 346 1273 411 303

78 494 215 577 captivos
233 495 421 572 reducerent,
442 497 515 560 alios
537 499 617 560 ferro
636 497 852 562 exanimarent.
883 497 963 562 -Hls
981 499 1165 561 mooessibns
1183 498 1274 580 peuld

78 593 273 654 animosiores
287 594 401 669 militis,
416 595 472 657 visi
487 595 606 659 suntad
616 596 730 676 majora
739 595 907 671 educendi3
928 615 1022 676 eaque
1031 605 1152 676 propter
1160 596 1274 678 placuit

80 685 236 750 Banneric
250 689 444 751 Ratisbonam
458 691 546 771 pleno
558 691 715 762 exercitui,
729 691 839 767 nescio,
853 712 892 752 au
905 691 1078 753 tentandam
1092 692 1219 767 eminus,
1235 713 1273 754 sn

79 785 273 867 spectandam
287 786 407 868 propius
421 787 570 850 exhibere.
602 787 749 859 Quamvis
758 787 846 849 multi
856 807 916 848 non
927 788 1130 869 improbaliter
1140 791 1274 864 credant,

80 879 240 942 consilium
254 897 289 942 so
302 881 490 962 potissimum
502 891 659 963 spectasse,
674 891 708 944 nt
720 883 770 944 rel
783 883 898 945 Oresari
910 883 978 944 istic
997 884 1135 964 pressenti
1152 885 1274 946 insulta·

80 985 138 1052 ret,
167 977 217 1039 vel
240 978 390 1060 principes
403 979 644 1060 principiumque
666 979 817 1061 delegatos
840 980 873 1041 in
895 998 1054 1041 commuue
1074 981 1275 1042 consultantes

79 1073 249 1154 dissiparet.
271 1075 384 1138 Utrum
398 1074 536 1148 soluerit,
551 1095 659 1156 anceps
672 1084 726 1150 est,
740 1075 877 1136 neutrius
889 1076 971 1137 certe
984 1073 1124 1136 effectum
1134 1076 1273 1138 obtinuit.

80 1171 166 1232 Nam
180 1169 283 1232 Gaesar
301 1191 362 1232 uon
381 1171 501 1233 umbras
519 1180 673 1247 metuers;
695 1190 751 1231 nec
770 1170 919 1233 ludicram
935 1171 1163 1232 ostentationem
1179 1174 1274 1254 suspi-

78 1285 158 1341 cere,
173 1263 226 1327 sed
240 1266 360 1328 aciebus
374 1266 506 1342 virorum
520 1265 641 1328 fortium
654 1285 685 1328 se
698 1267 829 1349 objicere
842 1267 960 1343 doctus,
975 1287 1032 1328 nec
1048 1267 1156 1348 pedem
1168 1268 1272 1344 movit,

78 1383 137 1423 nec
163 1363 302 1424 mutendi
326 1364 483 1426 stationem
503 1363 552 1425 rel
571 1363 754 1424 levissimum
776 1365 993 1445 cogitationem
1016 1364 1150 1425 admisit.
1176 1363 1273 1444 Cujus

79 1457 249 1521 constantii
262 1460 412 1541 principes
425 1458 533 1540 reliqui
546 1459 687 1534 roborati,
706 1459 773 1539 plns
790 1461 830 1522 de
846 1460 1056 1541 promovendis
1074 1460 1207 1522 consiliis
1219 1479 1275 1521 nu·

78 1575 134 1636 per
160 1555 266 1637 ceptis
292 1556 384 1637 quam
411 1556 449 1617 de
475 1555 623 1617 machinis
643 1554 765 1637 gloriosi
789 1555 880 1617 militi
899 1557 1078 1637 objiciendis
1098 1557 1274 1618 deliberant.

80 1651 161 1724 Qum
173 1651 247 1713 dum
261 1662 390 1734 agnnmr
403 1651 550 1714 Cassreae
563 1651 684 1712 iuterim
697 1650 830 1732 legiones
841 1655 962 1724 coeunt,
975 1660 1010 1712 ut
1023 1651 1134 1713 fastum
1152 1652 1273 1714 Benne-

77 1750 134 1809 rici
148 1749 253 1810 militis
266 1749 388 1810 elidant.
413 1746 483 1808 Hoc
496 1746 617 1829 cognito
627 1745 753 1808 consilio
767 1747 857 1808 Sueoi
866 1767 969 1809 aarum
980 1756 1144 1808 turmarum
1156 1748 1275 1812 Ductor

80 1845 189 1907 Castra
201 1843 319 1906 (ihamb
333 1863 433 1904 remus
446 1842 602 1924 disposuit,
617 1861 652 1903 ao
666 1840 768 1902 omnis
780 1842 897 1904 circum
907 1840 974 1903 loce
989 1843 1193 1904 exactionibus
1205 1845 1273 1906 feti·

80 1941 185 2021 gavit:
207 1939 397 2002 Oohnellum
410 1939 481 2001 sero
496 1937 630 2020 Schlung
643 1937 743 2000 viram
756 1939 787 1999 in
801 1938 908 2019 primis
924 1938 1031 1999 fortem
1048 1948 1081 2000 et
1098 1939 1273 2002 bellicosum

81 2035 280 2117 Neoburgum
288 2035 413 2110 dimisit,
425 2043 459 2096 nt
468 2034 623 2097 stelionem
632 2034 716 2096 illem
725 2034 869 2114 tantisper
879 2034 1057 2109 observant,
1066 2043 1272 2116 tuereturqu03

80 2131 163 2212 quod
180 2139 329 2192 constaret
342 2150 402 2210 quo
418 2151 450 2192 se
469 2149 620 2192 armorum
637 2129 880 2192 Gemmarum
896 2130 1025 2210 impetus
1041 2130 1195 2192 flecteret:
1219 2133 1273 2212 qui

79 2227 125 2290 nti
144 2227 284 2307 opinions
301 2227 389 2287 citius
407 2225 530 2308 ingruit,
548 2226 591 2287 ita
610 2226 763 2288 Bannerio
780 2226 911 2306 aliquem
928 2227 1054 2287 incussit
1068 2227 1217 2302 timorem,
1234 2249 1273 2292 ne

80 2341 142 2404 qus
153 2321 258 2385 divisis
271 2321 289 2383 d
302 2341 333 2383 se
346 2321 434 2383 sociis
448 2319 641 2402 periculosius
652 2322 847 2406 pugnandum
857 2334 942 2385 esset.
967 2321 1001 2384 si
1011 2321 1175 2385 Camsierd
1184 2333 1272 2406 capto

81 2436 194 2501 pugna
208 2418 344 2493 consilio,
360 2418 585 2481 invalescerent.

122 2515 289 2577 Harrebnnt
301 2514 351 2575 lrio
371 2514 633 2596 Imperatoriarum
647 2514 798 2596 copiarum
813 2514 1070 2594 Oumpidnctores,
1087 2515 1163 2594 quid
1175 2517 1273 2597 potius

80 2610 199 2673 consilii
211 2619 408 2692 capesserent,
420 2609 622 2672 consultiusne
631 2609 708 2671 forst
717 2610 749 2671 in
760 2611 858 2690 ipsam
868 2609 1001 2689 primum
1011 2609 1272 2695 Archhmtegnm

80 2709 178 2771 aciem
204 2718 328 2783 vertere,
350 2728 389 2769 au
410 2708 507 2787 potius
527 2705 609 2767 illam
629 2724 720 2787 quam
741 2704 913 2767 Colonellus
940 2704 1118 2788 Schlangins
1144 2709 1273 2771 ducebat

80 2816 198 2886 partem
211 2804 362 2865 invadere.
391 2803 499 2865 Visum
513 2802 633 2863 andem
647 2800 824 2863 ruminatis
836 2800 986 2881 utrimque
1001 2801 1167 2864 ratmuibus
1180 2803 1273 2867 tutius

80 2902 144 2963 fore
159 2901 356 2982 Neobsrgum
370 2898 452 2961 recti
464 2898 652 2972 contendere,
665 2905 696 2959 et
711 2895 908 2979 pauculorum
923 2896 1129 2979 suppressione
1142 2898 1273 2960 militum

80 2998 198 3059 animos
211 2996 343 3059 Cessarei
356 2994 461 3056 militis
475 2994 514 3054 ad
527 2992 677 3055 fortiorem
691 3012 823 3075 pugnam
835 3012 951 3054 sonere.
992 2993 1061 3055 Nec
1071 3014 1154 3075 spem
1169 2993 1274 3059 fefellit

80 3103 215 3156 eventus.
257 3092 338 3153 Num
356 3099 514 3171 postquam
535 3090 575 3152 ad
597 3088 643 3149 bis
662 3088 745 3149 mille
765 3088 1037 3171 Sohlangianorum
1060 3090 1274 3170 oppressissent

80 3190 149 3252 aliis
162 3189 257 3264 meis,
272 3187 339 3249 aliis
357 3186 389 3248 iu
406 3186 610 3267 captivitatem
626 3185 776 3260 minem,
794 3185 960 3267 promptior
976 3184 1100 3246 omnino
1118 3184 1176 3247 fnit
1188 3186 1273 3249 miles

81 3286 238 3349 Caesareus
249 3284 291 3345 sd
302 3282 540 3365 prosequendam
554 3281 721 3356 victoriam,
735 3289 765 3343 et
777 3300 885 3361 parum
894 3280 1017 3342 honesti
1027 3279 1101 3363 fugi
1109 3281 1273 3345 elabean

81 3382 199 3443 hostem
212 3379 441 3460 insequendum.
462 3377 510 3439 Re
523 3376 615 3460 igitar
628 3376 755 3439 feliciter
766 3378 805 3439 ad
817 3377 849 3438 N
849 3377 1013 3458 sobnrgnm
1026 3377 1157 3457 peracti,
1168 3378 1273 3441 datum

82 3488 128 3540 est
140 3476 294 3559 negotium
306 3495 359 3536 sex
377 3472 678 3555 cataphractariornm
695 3472 857 3554 manipulis
873 3472 1044 3534 deducendi
1060 3474 1195 3554 captivos
1211 3474 1274 3536 Ra·

81 3574 243 3635 tisbonsm.
284 3572 360 3633 Erat
377 3580 443 3653 pust
458 3569 616 3631 meridiem
635 3568 709 3631 hers
728 3569 847 3631 circiter
864 3567 953 3631 tertia
969 3568 1090 3647 quando
1109 3568 1150 3629 ad
1169 3570 1274 3631 urbem

81 3667 265 3751 appulerunt
273 3667 397 3751 captivi,
411 3668 489 3731 inter
497 3686 572 3747 quos
578 3675 665 3729 essm
673 3664 824 3729 colonelli
833 3672 972 3747 quatuor,
982 3673 1085 3745 utpote
1095 3664 1276 3749 Schlsngius
