<?xml version="1.0" encoding="UTF-8"?>
<!DOCTYPE html PUBLIC "-//W3C//DTD XHTML 1.0 Transitional//EN"
    "http://www.w3.org/TR/xhtml1/DTD/xhtml1-transitional.dtd">
<html xmlns="http://www.w3.org/1999/xhtml" xml:lang="en" lang="en">
 <head>
  <title>
</title>
<meta http-equiv="Content-Type" content="text/html;charset=utf-8" />
  <meta name='ocr-system' content='tesseract 3.04.00' />
  <meta name='ocr-capabilities' content='ocr_page ocr_carea ocr_par ocr_line ocrx_word'/>
</head>
<body>
  <div class='ocr_page' id='page_1' title='image "./itinerariumthom00kerngoog_0312.png"; bbox 0 0 3225 4700; ppageno 0'>
   <div class='ocr_carea' id='block_1_1' title="bbox 311 318 1124 392">
    <p class='ocr_par' dir='ltr' id='par_1_1' title="bbox 311 318 1124 392">
     <span class='ocr_line' id='line_1_1' title="bbox 311 318 1124 392; baseline -0.001 -6"><span class='ocrx_word' id='word_1_1' title='bbox 311 321 376 386; x_wconf 84' lang='lat'><strong>210</strong></span> <span class='ocrx_word' id='word_1_2' title='bbox 699 318 1124 392; x_wconf 75' lang='lat' dir='ltr'><em>ITINERAR-IUM.</em></span> 
     </span>
    </p>
   </div>
   <div class='ocr_carea' id='block_1_2' title="bbox 313 470 1593 3750">
    <p class='ocr_par' dir='ltr' id='par_1_2' title="bbox 313 470 1593 2000">
     <span class='ocr_line' id='line_1_2' title="bbox 313 470 1527 556; baseline -0.007 -22"><span class='ocrx_word' id='word_1_3' title='bbox 313 481 435 549; x_wconf 81' lang='lat' dir='ltr'><strong>cuntur,</strong></span> <span class='ocrx_word' id='word_1_4' title='bbox 453 472 686 555; x_wconf 78' lang='lat' dir='ltr'><strong>haudquaquam</strong></span> <span class='ocrx_word' id='word_1_5' title='bbox 705 482 786 535; x_wconf 87' lang='lat' dir='ltr'><strong>certe</strong></span> <span class='ocrx_word' id='word_1_6' title='bbox 799 470 1101 556; x_wconf 77' lang='lat' dir='ltr'><strong>comprehendimnst</strong></span> <span class='ocrx_word' id='word_1_7' title='bbox 1123 489 1185 550; x_wconf 90' lang='lat' dir='ltr'><strong>quo</strong></span> <span class='ocrx_word' id='word_1_8' title='bbox 1201 488 1296 549; x_wconf 90' lang='lat' dir='ltr'><strong>usque</strong></span> <span class='ocrx_word' id='word_1_9' title='bbox 1314 485 1387 527; x_wconf 87' lang='lat' dir='ltr'><strong>vero</strong></span> <span class='ocrx_word' id='word_1_10' title='bbox 1393 484 1527 546; x_wconf 88' lang='lat' dir='ltr'><strong>proces-</strong></span> 
     </span>
     <span class='ocr_line' id='line_1_3' title="bbox 315 562 1529 653; baseline -0.007 -23"><span class='ocrx_word' id='word_1_11' title='bbox 315 570 387 631; x_wconf 85' lang='lat' dir='ltr'><strong>serit</strong></span> <span class='ocrx_word' id='word_1_12' title='bbox 396 569 479 631; x_wconf 88' lang='lat' dir='ltr'><strong>dicta</strong></span> <span class='ocrx_word' id='word_1_13' title='bbox 490 568 671 653; x_wconf 84' lang='lat' dir='ltr'><strong>pacificatio,</strong></span> <span class='ocrx_word' id='word_1_14' title='bbox 681 578 717 631; x_wconf 92' lang='lat' dir='ltr'><strong>ut</strong></span> <span class='ocrx_word' id='word_1_15' title='bbox 726 566 842 631; x_wconf 90' lang='lat' dir='ltr'><strong>scilicet</strong></span> <span class='ocrx_word' id='word_1_16' title='bbox 851 567 1047 649; x_wconf 86' lang='lat' dir='ltr'><strong>penessolam</strong></span> <span class='ocrx_word' id='word_1_17' title='bbox 1056 565 1287 629; x_wconf 78' lang='lat' dir='ltr'><strong>ratificationem</strong></span> <span class='ocrx_word' id='word_1_18' title='bbox 1294 583 1357 625; x_wconf 81' lang='lat' dir='ltr'><strong>anoe</strong></span> <span class='ocrx_word' id='word_1_19' title='bbox 1365 562 1529 625; x_wconf 67' lang='lat' dir='ltr'><strong>Caesareae</strong></span> 
     </span>
     <span class='ocr_line' id='line_1_4' title="bbox 316 658 1529 749; baseline -0.007 -22"><span class='ocrx_word' id='word_1_20' title='bbox 316 664 486 749; x_wconf 84' lang='lat' dir='ltr'><strong>Majestatis</strong></span> <span class='ocrx_word' id='word_1_21' title='bbox 502 677 533 727; x_wconf 87' lang='lat' dir='ltr'><strong>et</strong></span> <span class='ocrx_word' id='word_1_22' title='bbox 553 674 685 729; x_wconf 67' lang='lat' dir='ltr'><strong>noemam</strong></span> <span class='ocrx_word' id='word_1_23' title='bbox 705 663 890 738; x_wconf 78' lang='lat' dir='ltr'><strong>subsisteret,</strong></span> <span class='ocrx_word' id='word_1_24' title='bbox 909 662 982 725; x_wconf 91' lang='lat' dir='ltr'><strong>satis</strong></span> <span class='ocrx_word' id='word_1_25' title='bbox 994 662 1086 727; x_wconf 86' lang='lat' dir='ltr'><strong>etiam</strong></span> <span class='ocrx_word' id='word_1_26' title='bbox 1103 682 1186 725; x_wconf 91' lang='lat' dir='ltr'><strong>nunc</strong></span> <span class='ocrx_word' id='word_1_27' title='bbox 1208 661 1368 723; x_wconf 73' lang='lat' dir='ltr'><strong>novimusz</strong></span> <span class='ocrx_word' id='word_1_28' title='bbox 1400 658 1438 719; x_wconf 89' lang='lat' dir='ltr'><strong>in</strong></span> <span class='ocrx_word' id='word_1_29' title='bbox 1459 677 1529 737; x_wconf 90' lang='lat' dir='ltr'><strong>qno</strong></span> 
     </span>
     <span class='ocr_line' id='line_1_5' title="bbox 313 735 1593 845; baseline -0.006 -23"><span class='ocrx_word' id='word_1_30' title='bbox 313 782 423 845; x_wconf 79' lang='lat' dir='ltr'>genere</span> <span class='ocrx_word' id='word_1_31' title='bbox 435 772 583 842; x_wconf 88' lang='lat' dir='ltr'><strong>quantum</strong></span> <span class='ocrx_word' id='word_1_32' title='bbox 594 762 634 825; x_wconf 88' lang='lat' dir='ltr'><strong>ad</strong></span> <span class='ocrx_word' id='word_1_33' title='bbox 644 770 777 827; x_wconf 65' lang='lat' dir='ltr'><strong>noemam</strong></span> <span class='ocrx_word' id='word_1_34' title='bbox 790 771 917 841; x_wconf 79' lang='lat' dir='ltr'><strong>portem,</strong></span> <span class='ocrx_word' id='word_1_35' title='bbox 931 759 975 821; x_wconf 90' lang='lat' dir='ltr'><strong>ita</strong></span> <span class='ocrx_word' id='word_1_36' title='bbox 986 778 1043 822; x_wconf 90' lang='lat' dir='ltr'><strong>nos</strong></span> <span class='ocrx_word' id='word_1_37' title='bbox 1053 777 1172 840; x_wconf 89' lang='lat' dir='ltr'><strong>semper</strong></span> <span class='ocrx_word' id='word_1_38' title='bbox 1183 756 1354 830; x_wconf 84' lang='lat' dir='ltr'><strong>habuimus,</strong></span> <span class='ocrx_word' id='word_1_39' title='bbox 1363 765 1401 817; x_wconf 96' lang='grc' dir='ltr'><strong>ιιι</strong></span> <span class='ocrx_word' id='word_1_40' title='bbox 1412 754 1529 835; x_wconf 85' lang='lat' dir='ltr'><strong>quoad</strong></span> <span class='ocrx_word' id='word_1_41' title='bbox 1592 735 1593 758; x_wconf 53' lang='lat'>¹</span> 
     </span>
     <span class='ocr_line' id='line_1_6' title="bbox 313 852 1530 937; baseline -0.007 -18"><span class='ocrx_word' id='word_1_42' title='bbox 313 857 542 920; x_wconf 85' lang='lat' dir='ltr'><strong>ratificationem</strong></span> <span class='ocrx_word' id='word_1_43' title='bbox 567 867 700 921; x_wconf 87' lang='lat' dir='ltr'><strong>nostram</strong></span> <span class='ocrx_word' id='word_1_44' title='bbox 726 855 926 937; x_wconf 83' lang='lat' dir='ltr'><strong>subscriptam</strong></span> <span class='ocrx_word' id='word_1_45' title='bbox 952 863 984 917; x_wconf 88' lang='lat' dir='ltr'><strong>et</strong></span> <span class='ocrx_word' id='word_1_46' title='bbox 1014 854 1230 937; x_wconf 81' lang='lat' dir='ltr'><strong>consignatam,</strong></span> <span class='ocrx_word' id='word_1_47' title='bbox 1260 852 1530 936; x_wconf 84' lang='lat' dir='ltr'><strong>Mogontiamqne</strong></span> 
     </span>
     <span class='ocr_line' id='line_1_7' title="bbox 315 948 1529 1035; baseline -0.007 -18"><span class='ocrx_word' id='word_1_48' title='bbox 315 955 437 1017; x_wconf 88' lang='lat' dir='ltr'><strong>missam</strong></span> <span class='ocrx_word' id='word_1_49' title='bbox 460 954 537 1017; x_wconf 93' lang='lat' dir='ltr'><strong>nihil</strong></span> <span class='ocrx_word' id='word_1_50' title='bbox 560 954 725 1018; x_wconf 86' lang='lat' dir='ltr'><strong>desiderari</strong></span> <span class='ocrx_word' id='word_1_51' title='bbox 747 952 897 1035; x_wconf 81' lang='lat' dir='ltr'><strong>potnerit=</strong></span> <span class='ocrx_word' id='word_1_52' title='bbox 931 973 1003 1015; x_wconf 89' lang='lat' dir='ltr'><strong>cum</strong></span> <span class='ocrx_word' id='word_1_53' title='bbox 1023 952 1096 1015; x_wconf 77' lang='lat' dir='ltr'><strong>verb</strong></span> <span class='ocrx_word' id='word_1_54' title='bbox 1119 973 1158 1015; x_wconf 84' lang='lat' dir='ltr'><strong>ex</strong></span> <span class='ocrx_word' id='word_1_55' title='bbox 1179 962 1264 1033; x_wconf 83' lang='lat' dir='ltr'><strong>parte</strong></span> <span class='ocrx_word' id='word_1_56' title='bbox 1285 969 1349 1011; x_wconf 77' lang='lat' dir='ltr'><strong>sna</strong></span> <span class='ocrx_word' id='word_1_57' title='bbox 1366 948 1529 1011; x_wconf 71' lang='lat' dir='ltr'><strong>Omreoe</strong></span> 
     </span>
     <span class='ocr_line' id='line_1_8' title="bbox 316 1044 1529 1133; baseline -0.007 -20"><span class='ocrx_word' id='word_1_58' title='bbox 316 1049 486 1133; x_wconf 84' lang='lat' dir='ltr'><strong>Mnjestntis</strong></span> <span class='ocrx_word' id='word_1_59' title='bbox 509 1050 699 1115; x_wconf 77' lang='lat' dir='ltr'><strong>confirmatio</strong></span> <span class='ocrx_word' id='word_1_60' title='bbox 716 1069 779 1113; x_wconf 89' lang='lat' dir='ltr'><strong>non</strong></span> <span class='ocrx_word' id='word_1_61' title='bbox 806 1059 982 1132; x_wconf 82' lang='lat' dir='ltr'><strong>sequeretur</strong></span> <span class='ocrx_word' id='word_1_62' title='bbox 1000 1059 1035 1113; x_wconf 89' lang='lat' dir='ltr'><strong>ut</strong></span> <span class='ocrx_word' id='word_1_63' title='bbox 1060 1058 1245 1112; x_wconf 74' lang='lat' dir='ltr'><strong>conuentum</strong></span> <span class='ocrx_word' id='word_1_64' title='bbox 1271 1044 1529 1128; x_wconf 86' lang='lat' dir='ltr'><strong>promissumque</strong></span> 
     </span>
     <span class='ocr_line' id='line_1_9' title="bbox 314 1141 1529 1232; baseline -0.006 -23"><span class='ocrx_word' id='word_1_65' title='bbox 314 1147 421 1224; x_wconf 78' lang='lat' dir='ltr'><strong>iuerat,</strong></span> <span class='ocrx_word' id='word_1_66' title='bbox 436 1167 471 1211; x_wconf 88' lang='lat' dir='ltr'><strong>ac</strong></span> <span class='ocrx_word' id='word_1_67' title='bbox 485 1148 652 1211; x_wconf 82' lang='lat' dir='ltr'><strong>identidem</strong></span> <span class='ocrx_word' id='word_1_68' title='bbox 662 1157 793 1231; x_wconf 85' lang='lat' dir='ltr'><strong>punctne</strong></span> <span class='ocrx_word' id='word_1_69' title='bbox 802 1148 984 1232; x_wconf 75' lang='lat' dir='ltr'><strong>Religionis,</strong></span> <span class='ocrx_word' id='word_1_70' title='bbox 999 1148 1032 1209; x_wconf 92' lang='lat' dir='ltr'><strong>in</strong></span> <span class='ocrx_word' id='word_1_71' title='bbox 1045 1146 1172 1209; x_wconf 82' lang='lat' dir='ltr'><strong>diversis</strong></span> <span class='ocrx_word' id='word_1_72' title='bbox 1185 1143 1328 1207; x_wconf 85' lang='lat' dir='ltr'><strong>clausulis</strong></span> <span class='ocrx_word' id='word_1_73' title='bbox 1340 1141 1529 1204; x_wconf 76' lang='lat' dir='ltr'><strong>immntm·</strong></span> 
     </span>
     <span class='ocr_line' id='line_1_10' title="bbox 317 1237 1530 1329; baseline -0.006 -23"><span class='ocrx_word' id='word_1_74' title='bbox 317 1252 378 1318; x_wconf 86' lang='lat' dir='ltr'><strong>tur,</strong></span> <span class='ocrx_word' id='word_1_75' title='bbox 391 1245 547 1329; x_wconf 82' lang='lat' dir='ltr'><strong>negotium</strong></span> <span class='ocrx_word' id='word_1_76' title='bbox 566 1244 645 1307; x_wconf 90' lang='lat' dir='ltr'><strong>illud</strong></span> <span class='ocrx_word' id='word_1_77' title='bbox 663 1244 842 1329; x_wconf 74' lang='lat' dir='ltr'><strong>dissipatum</strong></span> <span class='ocrx_word' id='word_1_78' title='bbox 858 1244 1048 1327; x_wconf 81' lang='lat' dir='ltr'><strong>fnit,quoud</strong></span> <span class='ocrx_word' id='word_1_79' title='bbox 1061 1242 1193 1323; x_wconf 90' lang='lat' dir='ltr'><strong>denique</strong></span> <span class='ocrx_word' id='word_1_80' title='bbox 1209 1259 1352 1302; x_wconf 75' lang='lat' dir='ltr'><strong>succensu</strong></span> <span class='ocrx_word' id='word_1_81' title='bbox 1369 1237 1530 1319; x_wconf 79' lang='lat' dir='ltr'><strong>temporie</strong></span> 
     </span>
     <span class='ocr_line' id='line_1_11' title="bbox 315 1338 1529 1425; baseline -0.006 -24"><span class='ocrx_word' id='word_1_82' title='bbox 315 1352 424 1405; x_wconf 75' lang='lat' dir='ltr'><strong>nosnos</strong></span> <span class='ocrx_word' id='word_1_83' title='bbox 441 1362 488 1404; x_wconf 90' lang='lat' dir='ltr'><strong>res</strong></span> <span class='ocrx_word' id='word_1_84' title='bbox 505 1342 578 1403; x_wconf 91' lang='lat' dir='ltr'><strong>illuc</strong></span> <span class='ocrx_word' id='word_1_85' title='bbox 596 1340 840 1423; x_wconf 84' lang='lat' dir='ltr'><strong>disponerentur,</strong></span> <span class='ocrx_word' id='word_1_86' title='bbox 857 1352 893 1404; x_wconf 89' lang='lat' dir='ltr'><strong>ut</strong></span> <span class='ocrx_word' id='word_1_87' title='bbox 907 1360 996 1425; x_wconf 83' lang='lat' dir='ltr'><strong>porro</strong></span> <span class='ocrx_word' id='word_1_88' title='bbox 1012 1340 1051 1401; x_wconf 91' lang='lat' dir='ltr'><strong>ab</strong></span> <span class='ocrx_word' id='word_1_89' title='bbox 1063 1338 1156 1401; x_wconf 85' lang='lat' dir='ltr'><strong>ermis</strong></span> <span class='ocrx_word' id='word_1_90' title='bbox 1167 1338 1320 1408; x_wconf 87' lang='lat' dir='ltr'><strong>recodere,</strong></span> <span class='ocrx_word' id='word_1_91' title='bbox 1332 1342 1454 1398; x_wconf 87' lang='lat' dir='ltr'><strong>etcum</strong></span> <span class='ocrx_word' id='word_1_92' title='bbox 1469 1354 1529 1395; x_wconf 84' lang='lat' dir='ltr'><strong>ex·</strong></span> 
     </span>
     <span class='ocr_line' id='line_1_12' title="bbox 315 1432 1531 1519; baseline -0.007 -18"><span class='ocrx_word' id='word_1_93' title='bbox 315 1439 408 1501; x_wconf 86' lang='lat' dir='ltr'><strong>ternis</strong></span> <span class='ocrx_word' id='word_1_94' title='bbox 422 1437 618 1518; x_wconf 81' lang='lat' dir='ltr'><strong>Principibus</strong></span> <span class='ocrx_word' id='word_1_95' title='bbox 630 1447 716 1519; x_wconf 81' lang='lat' dir='ltr'><strong>pacta</strong></span> <span class='ocrx_word' id='word_1_96' title='bbox 727 1441 872 1504; x_wconf 86' lang='lat' dir='ltr'><strong>conclusa</strong></span> <span class='ocrx_word' id='word_1_97' title='bbox 882 1448 915 1501; x_wconf 89' lang='lat' dir='ltr'><strong>et</strong></span> <span class='ocrx_word' id='word_1_98' title='bbox 931 1438 1052 1500; x_wconf 72' lang='lat' dir='ltr'><strong>firmata</strong></span> <span class='ocrx_word' id='word_1_99' title='bbox 1068 1435 1239 1499; x_wconf 72' lang='lat' dir='ltr'><strong>rescindere</strong></span> <span class='ocrx_word' id='word_1_100' title='bbox 1255 1433 1321 1495; x_wconf 88' lang='lat' dir='ltr'><strong>sine</strong></span> <span class='ocrx_word' id='word_1_101' title='bbox 1335 1432 1531 1515; x_wconf 73' lang='lat' dir='ltr'><strong>gravissima</strong></span> 
     </span>
     <span class='ocr_line' id='line_1_13' title="bbox 317 1528 1529 1619; baseline -0.005 -24"><span class='ocrx_word' id='word_1_102' title='bbox 317 1533 476 1597; x_wconf 76' lang='lat' dir='ltr'><strong>Gallorum</strong></span> <span class='ocrx_word' id='word_1_103' title='bbox 493 1542 526 1595; x_wconf 91' lang='lat' dir='ltr'><strong>et</strong></span> <span class='ocrx_word' id='word_1_104' title='bbox 540 1532 705 1595; x_wconf 87' lang='lat' dir='ltr'><strong>Succorum</strong></span> <span class='ocrx_word' id='word_1_105' title='bbox 726 1536 848 1619; x_wconf 78' lang='lat' dir='ltr'><strong>Regum</strong></span> <span class='ocrx_word' id='word_1_106' title='bbox 862 1533 988 1610; x_wconf 85' lang='lat' dir='ltr'><strong>offensa,</strong></span> <span class='ocrx_word' id='word_1_107' title='bbox 998 1534 1066 1615; x_wconf 82' lang='lat' dir='ltr'><strong>jam</strong></span> <span class='ocrx_word' id='word_1_108' title='bbox 1082 1552 1144 1593; x_wconf 91' lang='lat' dir='ltr'><strong>non</strong></span> <span class='ocrx_word' id='word_1_109' title='bbox 1161 1528 1320 1612; x_wconf 79' lang='lat' dir='ltr'><strong>pomimue,</strong></span> <span class='ocrx_word' id='word_1_110' title='bbox 1338 1529 1397 1591; x_wconf 85' lang='lat' dir='ltr'><strong>etsi</strong></span> <span class='ocrx_word' id='word_1_111' title='bbox 1412 1528 1529 1591; x_wconf 82' lang='lat' dir='ltr'><strong>omnia</strong></span> 
     </span>
     <span class='ocr_line' id='line_1_14' title="bbox 316 1623 1527 1713; baseline -0.005 -23"><span class='ocrx_word' id='word_1_112' title='bbox 316 1648 384 1709; x_wconf 85' lang='lat' dir='ltr'><strong>qnae</strong></span> <span class='ocrx_word' id='word_1_113' title='bbox 399 1628 571 1711; x_wconf 73' lang='lat' dir='ltr'><strong>Mogontia</strong></span> <span class='ocrx_word' id='word_1_114' title='bbox 584 1638 714 1693; x_wconf 85' lang='lat' dir='ltr'><strong>tractata</strong></span> <span class='ocrx_word' id='word_1_115' title='bbox 727 1642 760 1695; x_wconf 84' lang='lat' dir='ltr'><strong>et</strong></span> <span class='ocrx_word' id='word_1_116' title='bbox 777 1630 890 1713; x_wconf 85' lang='lat' dir='ltr'><strong>scripto</strong></span> <span class='ocrx_word' id='word_1_117' title='bbox 907 1628 1000 1693; x_wconf 85' lang='lat' dir='ltr'><strong>etiam</strong></span> <span class='ocrx_word' id='word_1_118' title='bbox 1017 1625 1171 1711; x_wconf 82' lang='lat' dir='ltr'><strong>proposita</strong></span> <span class='ocrx_word' id='word_1_119' title='bbox 1186 1635 1268 1697; x_wconf 90' lang='lat' dir='ltr'><strong>sunt,</strong></span> <span class='ocrx_word' id='word_1_120' title='bbox 1279 1625 1347 1706; x_wconf 83' lang='lat' dir='ltr'><strong>jam</strong></span> <span class='ocrx_word' id='word_1_121' title='bbox 1363 1623 1464 1687; x_wconf 87' lang='lat' dir='ltr'><strong>serius</strong></span> <span class='ocrx_word' id='word_1_122' title='bbox 1481 1624 1527 1684; x_wconf 88' lang='lat' dir='ltr'><strong>ab</strong></span> 
     </span>
     <span class='ocr_line' id='line_1_15' title="bbox 318 1718 1527 1808; baseline -0.004 -22"><span class='ocrx_word' id='word_1_123' title='bbox 318 1725 474 1807; x_wconf 86' lang='lat' dir='ltr'><strong>Imperiali</strong></span> <span class='ocrx_word' id='word_1_124' title='bbox 498 1725 661 1808; x_wconf 79' lang='lat' dir='ltr'><strong>Majestete</strong></span> <span class='ocrx_word' id='word_1_125' title='bbox 684 1738 899 1791; x_wconf 86' lang='lat' dir='ltr'><strong>annuerentnr.</strong></span> <span class='ocrx_word' id='word_1_126' title='bbox 949 1725 1021 1789; x_wconf 75' lang='lat' dir='ltr'><strong>Hac</strong></span> <span class='ocrx_word' id='word_1_127' title='bbox 1046 1723 1129 1786; x_wconf 87' lang='lat' dir='ltr'><strong>enim</strong></span> <span class='ocrx_word' id='word_1_128' title='bbox 1155 1721 1271 1785; x_wconf 88' lang='lat' dir='ltr'><strong>ratione</strong></span> <span class='ocrx_word' id='word_1_129' title='bbox 1295 1740 1421 1782; x_wconf 83' lang='lat' dir='ltr'><strong>coronas</strong></span> <span class='ocrx_word' id='word_1_130' title='bbox 1448 1718 1527 1782; x_wconf 78' lang='lat' dir='ltr'><strong>illua</strong></span> 
     </span>
     <span class='ocr_line' id='line_1_16' title="bbox 316 1816 1525 1905; baseline -0.004 -23"><span class='ocrx_word' id='word_1_131' title='bbox 316 1822 419 1885; x_wconf 80' lang='lat' dir='ltr'><strong>ambus</strong></span> <span class='ocrx_word' id='word_1_132' title='bbox 432 1822 518 1885; x_wconf 90' lang='lat' dir='ltr'><strong>nobis</strong></span> <span class='ocrx_word' id='word_1_133' title='bbox 531 1821 623 1885; x_wconf 88' lang='lat' dir='ltr'><strong>bostis</strong></span> <span class='ocrx_word' id='word_1_134' title='bbox 633 1825 892 1896; x_wconf 83' lang='lat' dir='ltr'><strong>constitueremus,</strong></span> <span class='ocrx_word' id='word_1_135' title='bbox 901 1822 985 1905; x_wconf 89' lang='lat' dir='ltr'><strong>quod</strong></span> <span class='ocrx_word' id='word_1_136' title='bbox 996 1840 1068 1883; x_wconf 84' lang='lat' dir='ltr'><strong>aene</strong></span> <span class='ocrx_word' id='word_1_137' title='bbox 1079 1839 1137 1881; x_wconf 89' lang='lat' dir='ltr'><strong>nec</strong></span> <span class='ocrx_word' id='word_1_138' title='bbox 1147 1818 1289 1881; x_wconf 89' lang='lat' dir='ltr'><strong>Romano</strong></span> <span class='ocrx_word' id='word_1_139' title='bbox 1298 1816 1443 1899; x_wconf 86' lang='lat' dir='ltr'><strong>Imperio,</strong></span> <span class='ocrx_word' id='word_1_140' title='bbox 1460 1836 1525 1877; x_wconf 89' lang='lat' dir='ltr'><strong>nec</strong></span> 
     </span>
     <span class='ocr_line' id='line_1_17' title="bbox 316 1916 1367 2000; baseline -0.002 -21"><span class='ocrx_word' id='word_1_141' title='bbox 316 1920 426 1981; x_wconf 87' lang='lat' dir='ltr'><strong>nostris</strong></span> <span class='ocrx_word' id='word_1_142' title='bbox 439 1918 621 2000; x_wconf 80' lang='lat' dir='ltr'><strong>dilectiqne3</strong></span> <span class='ocrx_word' id='word_1_143' title='bbox 643 1918 717 1981; x_wconf 85' lang='lat' dir='ltr'><strong>Filii</strong></span> <span class='ocrx_word' id='word_1_144' title='bbox 728 1922 824 1984; x_wconf 84' lang='lat' dir='ltr'><strong>noetri</strong></span> <span class='ocrx_word' id='word_1_145' title='bbox 837 1921 936 1997; x_wconf 83' lang='lat' dir='ltr'><strong>terris,</strong></span> <span class='ocrx_word' id='word_1_146' title='bbox 952 1918 1082 1981; x_wconf 91' lang='lat' dir='ltr'><strong>multum</strong></span> <span class='ocrx_word' id='word_1_147' title='bbox 1096 1917 1173 1979; x_wconf 82' lang='lat' dir='ltr'><strong>foret</strong></span> <span class='ocrx_word' id='word_1_148' title='bbox 1185 1916 1367 1998; x_wconf 83' lang='lat' dir='ltr'><strong>proficuum.</strong></span> 
     </span>
    </p>

    <p class='ocr_par' dir='ltr' id='par_1_3' title="bbox 317 2012 1524 3652">
     <span class='ocr_line' id='line_1_18' title="bbox 359 2012 1521 2097; baseline -0.005 -19"><span class='ocrx_word' id='word_1_149' title='bbox 359 2016 427 2079; x_wconf 89' lang='lat' dir='ltr'><strong>Nec</strong></span> <span class='ocrx_word' id='word_1_150' title='bbox 444 2015 522 2079; x_wconf 88' lang='lat' dir='ltr'><strong>illud</strong></span> <span class='ocrx_word' id='word_1_151' title='bbox 539 2034 659 2097; x_wconf 89' lang='lat' dir='ltr'><strong>quoque</strong></span> <span class='ocrx_word' id='word_1_152' title='bbox 673 2016 744 2079; x_wconf 82' lang='lat' dir='ltr'><strong>setis</strong></span> <span class='ocrx_word' id='word_1_153' title='bbox 757 2018 875 2080; x_wconf 91' lang='lat' dir='ltr'><strong>sincere</strong></span> <span class='ocrx_word' id='word_1_154' title='bbox 888 2018 931 2080; x_wconf 87' lang='lat' dir='ltr'><strong>ad</strong></span> <span class='ocrx_word' id='word_1_155' title='bbox 944 2013 1177 2078; x_wconf 85' lang='lat' dir='ltr'><strong>Dominationea</strong></span> <span class='ocrx_word' id='word_1_156' title='bbox 1188 2022 1303 2075; x_wconf 83' lang='lat' dir='ltr'><strong>vestras</strong></span> <span class='ocrx_word' id='word_1_157' title='bbox 1315 2012 1444 2073; x_wconf 86' lang='lat' dir='ltr'><strong>relatum</strong></span> <span class='ocrx_word' id='word_1_158' title='bbox 1459 2018 1521 2082; x_wconf 85' lang='lat' dir='ltr'><strong>eat,</strong></span> 
     </span>
     <span class='ocr_line' id='line_1_19' title="bbox 317 2111 1524 2198; baseline -0.004 -25"><span class='ocrx_word' id='word_1_159' title='bbox 317 2112 402 2193; x_wconf 86' lang='lat' dir='ltr'><strong>quusi</strong></span> <span class='ocrx_word' id='word_1_160' title='bbox 415 2132 486 2174; x_wconf 81' lang='lat' dir='ltr'><strong>uero</strong></span> <span class='ocrx_word' id='word_1_161' title='bbox 499 2132 554 2173; x_wconf 90' lang='lat' dir='ltr'><strong>sua</strong></span> <span class='ocrx_word' id='word_1_162' title='bbox 565 2111 705 2175; x_wconf 77' lang='lat' dir='ltr'><strong>Caesarea</strong></span> <span class='ocrx_word' id='word_1_163' title='bbox 719 2113 866 2198; x_wconf 85' lang='lat' dir='ltr'><strong>Mnjestas</strong></span> <span class='ocrx_word' id='word_1_164' title='bbox 876 2113 980 2177; x_wconf 88' lang='lat' dir='ltr'><strong>omnia</strong></span> <span class='ocrx_word' id='word_1_165' title='bbox 993 2111 1165 2194; x_wconf 74' lang='lat' dir='ltr'><strong>Mogontioe</strong></span> <span class='ocrx_word' id='word_1_166' title='bbox 1178 2117 1436 2180; x_wconf 67' lang='lat' dir='ltr'><strong>oecumenem,</strong></span> <span class='ocrx_word' id='word_1_167' title='bbox 1450 2116 1524 2169; x_wconf 88' lang='lat' dir='ltr'><strong>tan·</strong></span> 
     </span>
     <span class='ocr_line' id='line_1_20' title="bbox 319 2202 1524 2291; baseline -0.007 -20"><span class='ocrx_word' id='word_1_168' title='bbox 319 2210 389 2276; x_wconf 85' lang='lat' dir='ltr'><strong>dem</strong></span> <span class='ocrx_word' id='word_1_169' title='bbox 404 2210 494 2291; x_wconf 78' lang='lat' dir='ltr'><strong>juxte</strong></span> <span class='ocrx_word' id='word_1_170' title='bbox 512 2218 645 2273; x_wconf 70' lang='lat' dir='ltr'><strong>nonnam</strong></span> <span class='ocrx_word' id='word_1_171' title='bbox 664 2210 850 2273; x_wconf 81' lang='lat' dir='ltr'><strong>uoluntatem</strong></span> <span class='ocrx_word' id='word_1_172' title='bbox 868 2220 899 2274; x_wconf 89' lang='lat' dir='ltr'><strong>et</strong></span> <span class='ocrx_word' id='word_1_173' title='bbox 918 2206 1292 2272; x_wconf 79' lang='lat' dir='ltr'><strong>libitnmclementissime</strong></span> <span class='ocrx_word' id='word_1_174' title='bbox 1311 2205 1398 2267; x_wconf 86' lang='lat' dir='ltr'><strong>nobie</strong></span> <span class='ocrx_word' id='word_1_175' title='bbox 1414 2202 1524 2268; x_wconf 89' lang='lat' dir='ltr'><strong>indul·</strong></span> 
     </span>
     <span class='ocr_line' id='line_1_21' title="bbox 317 2298 1521 2392; baseline -0.004 -26"><span class='ocrx_word' id='word_1_176' title='bbox 317 2304 422 2383; x_wconf 68' lang='lat' dir='ltr'><strong>sisset,</strong></span> <span class='ocrx_word' id='word_1_177' title='bbox 443 2306 533 2391; x_wconf 73' lang='lat' dir='ltr'><strong>longe</strong></span> <span class='ocrx_word' id='word_1_178' title='bbox 546 2306 628 2370; x_wconf 85' lang='lat' dir='ltr'><strong>enim</strong></span> <span class='ocrx_word' id='word_1_179' title='bbox 641 2304 729 2371; x_wconf 88' lang='lat' dir='ltr'><strong>aliter</strong></span> <span class='ocrx_word' id='word_1_180' title='bbox 741 2307 897 2392; x_wconf 71' lang='lat' dir='ltr'><strong>delegatus</strong></span> <span class='ocrx_word' id='word_1_181' title='bbox 910 2305 1144 2370; x_wconf 83' lang='lat' dir='ltr'><strong>Commissarius</strong></span> <span class='ocrx_word' id='word_1_182' title='bbox 1156 2313 1257 2368; x_wconf 88' lang='lat' dir='ltr'><strong>noster</strong></span> <span class='ocrx_word' id='word_1_183' title='bbox 1273 2304 1297 2367; x_wconf 84' lang='lat' dir='ltr'><strong>J</strong></span> <span class='ocrx_word' id='word_1_184' title='bbox 1298 2321 1410 2365; x_wconf 83' lang='lat' dir='ltr'><strong>oannes</strong></span> <span class='ocrx_word' id='word_1_185' title='bbox 1423 2298 1521 2362; x_wconf 86' lang='lat' dir='ltr'><strong>Guli-</strong></span> 
     </span>
     <span class='ocr_line' id='line_1_22' title="bbox 319 2399 1518 2488; baseline -0.003 -25"><span class='ocrx_word' id='word_1_186' title='bbox 319 2402 414 2466; x_wconf 86' lang='lat' dir='ltr'><strong>elmus</strong></span> <span class='ocrx_word' id='word_1_187' title='bbox 435 2404 523 2466; x_wconf 88' lang='lat' dir='ltr'><strong>Hom</strong></span> <span class='ocrx_word' id='word_1_188' title='bbox 540 2426 636 2488; x_wconf 87' lang='lat' dir='ltr'><strong>nuper</strong></span> <span class='ocrx_word' id='word_1_189' title='bbox 653 2417 685 2466; x_wconf 91' lang='lat' dir='ltr'><strong>et</strong></span> <span class='ocrx_word' id='word_1_190' title='bbox 706 2407 797 2468; x_wconf 84' lang='lat' dir='ltr'><strong>verbo</strong></span> <span class='ocrx_word' id='word_1_191' title='bbox 815 2416 847 2468; x_wconf 89' lang='lat' dir='ltr'><strong>et</strong></span> <span class='ocrx_word' id='word_1_192' title='bbox 863 2406 977 2487; x_wconf 90' lang='lat' dir='ltr'><strong>scripto</strong></span> <span class='ocrx_word' id='word_1_193' title='bbox 992 2407 1031 2468; x_wconf 86' lang='lat' dir='ltr'><strong>de</strong></span> <span class='ocrx_word' id='word_1_194' title='bbox 1050 2403 1236 2487; x_wconf 81' lang='lat' dir='ltr'><strong>Mogontina</strong></span> <span class='ocrx_word' id='word_1_195' title='bbox 1249 2399 1427 2463; x_wconf 80' lang='lat' dir='ltr'><strong>tractatione</strong></span> <span class='ocrx_word' id='word_1_196' title='bbox 1443 2418 1518 2460; x_wconf 89' lang='lat' dir='ltr'><strong>cum</strong></span> 
     </span>
     <span class='ocr_line' id='line_1_23' title="bbox 320 2496 1517 2584; baseline -0.003 -22"><span class='ocrx_word' id='word_1_197' title='bbox 320 2498 422 2562; x_wconf 79' lang='lat' dir='ltr'><strong>debiti</strong></span> <span class='ocrx_word' id='word_1_198' title='bbox 435 2500 632 2565; x_wconf 87' lang='lat' dir='ltr'><strong>submissione</strong></span> <span class='ocrx_word' id='word_1_199' title='bbox 648 2502 762 2574; x_wconf 88' lang='lat' dir='ltr'><strong>retulit,</strong></span> <span class='ocrx_word' id='word_1_200' title='bbox 782 2502 864 2584; x_wconf 88' lang='lat' dir='ltr'><strong>quod</strong></span> <span class='ocrx_word' id='word_1_201' title='bbox 883 2502 1001 2565; x_wconf 87' lang='lat' dir='ltr'><strong>scilicet</strong></span> <span class='ocrx_word' id='word_1_202' title='bbox 1022 2503 1055 2564; x_wconf 91' lang='lat' dir='ltr'><strong>in</strong></span> <span class='ocrx_word' id='word_1_203' title='bbox 1075 2510 1189 2583; x_wconf 87' lang='lat' dir='ltr'><strong>puncto</strong></span> <span class='ocrx_word' id='word_1_204' title='bbox 1207 2496 1378 2582; x_wconf 80' lang='lat' dir='ltr'><strong>Religionis</strong></span> <span class='ocrx_word' id='word_1_205' title='bbox 1397 2515 1458 2556; x_wconf 87' lang='lat' dir='ltr'><strong>nnn</strong></span> <span class='ocrx_word' id='word_1_206' title='bbox 1477 2515 1517 2559; x_wconf 80' lang='lat' dir='ltr'><strong>ex</strong></span> 
     </span>
     <span class='ocr_line' id='line_1_24' title="bbox 320 2591 1516 2681; baseline -0.001 -24"><span class='ocrx_word' id='word_1_207' title='bbox 320 2596 480 2678; x_wconf 67' lang='lat' dir='ltr'><strong>precipuis</strong></span> <span class='ocrx_word' id='word_1_208' title='bbox 499 2597 651 2674; x_wconf 85' lang='lat' dir='ltr'><strong>clarrsulis,</strong></span> <span class='ocrx_word' id='word_1_209' title='bbox 671 2607 706 2662; x_wconf 90' lang='grc' dir='ltr'><strong>ιιι</strong></span> <span class='ocrx_word' id='word_1_210' title='bbox 723 2599 841 2662; x_wconf 88' lang='lat' dir='ltr'><strong>scilicet</strong></span> <span class='ocrx_word' id='word_1_211' title='bbox 852 2598 905 2662; x_wconf 84' lang='lat' dir='ltr'><strong>alii</strong></span> <span class='ocrx_word' id='word_1_212' title='bbox 922 2619 1044 2681; x_wconf 90' lang='lat' dir='ltr'><strong>qnoque</strong></span> <span class='ocrx_word' id='word_1_213' title='bbox 1065 2598 1225 2678; x_wconf 88' lang='lat' dir='ltr'><strong>Principes</strong></span> <span class='ocrx_word' id='word_1_214' title='bbox 1242 2616 1279 2673; x_wconf 84' lang='lat' dir='ltr'><strong>ac</strong></span> <span class='ocrx_word' id='word_1_215' title='bbox 1300 2597 1403 2659; x_wconf 80' lang='lat' dir='ltr'><strong>Status</strong></span> <span class='ocrx_word' id='word_1_216' title='bbox 1422 2591 1516 2656; x_wconf 86' lang='lat' dir='ltr'><strong>Sacro</strong></span> 
     </span>
     <span class='ocr_line' id='line_1_25' title="bbox 321 2691 1515 2778; baseline 0.002 -24"><span class='ocrx_word' id='word_1_217' title='bbox 321 2691 460 2754; x_wconf 88' lang='lat' dir='ltr'><strong>Romano</strong></span> <span class='ocrx_word' id='word_1_218' title='bbox 473 2693 606 2778; x_wconf 88' lang='lat' dir='ltr'><strong>Imperio</strong></span> <span class='ocrx_word' id='word_1_219' title='bbox 618 2695 732 2757; x_wconf 88' lang='lat' dir='ltr'><strong>subditi</strong></span> <span class='ocrx_word' id='word_1_220' title='bbox 745 2703 916 2777; x_wconf 75' lang='lat' dir='ltr'><strong>nostraeque</strong></span> <span class='ocrx_word' id='word_1_221' title='bbox 928 2695 1002 2758; x_wconf 86' lang='lat' dir='ltr'><strong>fidei</strong></span> <span class='ocrx_word' id='word_1_222' title='bbox 1014 2694 1130 2756; x_wconf 87' lang='lat' dir='ltr'><strong>addicti</strong></span> <span class='ocrx_word' id='word_1_223' title='bbox 1140 2692 1357 2774; x_wconf 85' lang='lat' dir='ltr'><strong>comprehendi</strong></span> <span class='ocrx_word' id='word_1_224' title='bbox 1373 2693 1515 2756; x_wconf 85' lang='lat' dir='ltr'><strong>deberent</strong></span> 
     </span>
     <span class='ocr_line' id='line_1_26' title="bbox 321 2789 1513 2874; baseline 0.002 -24"><span class='ocrx_word' id='word_1_225' title='bbox 321 2789 416 2869; x_wconf 88' lang='lat' dir='ltr'><strong>(qnod</strong></span> <span class='ocrx_word' id='word_1_226' title='bbox 429 2789 528 2871; x_wconf 87' lang='lat' dir='ltr'><strong>ipsum</strong></span> <span class='ocrx_word' id='word_1_227' title='bbox 541 2812 596 2854; x_wconf 86' lang='lat' dir='ltr'><strong>sua</strong></span> <span class='ocrx_word' id='word_1_228' title='bbox 608 2791 738 2854; x_wconf 84' lang='lat' dir='ltr'><strong>charitas</strong></span> <span class='ocrx_word' id='word_1_229' title='bbox 752 2791 955 2874; x_wconf 81' lang='lat' dir='ltr'><strong>Mogontinns</strong></span> <span class='ocrx_word' id='word_1_230' title='bbox 973 2792 1095 2854; x_wconf 87' lang='lat' dir='ltr'><strong>Elector</strong></span> <span class='ocrx_word' id='word_1_231' title='bbox 1112 2789 1259 2872; x_wconf 89' lang='lat' dir='ltr'><strong>expressis</strong></span> <span class='ocrx_word' id='word_1_232' title='bbox 1277 2790 1377 2851; x_wconf 84' lang='lat' dir='ltr'><strong>verbis</strong></span> <span class='ocrx_word' id='word_1_233' title='bbox 1393 2810 1513 2852; x_wconf 90' lang='lat' dir='ltr'><strong>conces·</strong></span> 
     </span>
     <span class='ocr_line' id='line_1_27' title="bbox 320 2887 1512 2971; baseline 0.001 -23"><span class='ocrx_word' id='word_1_234' title='bbox 320 2888 411 2963; x_wconf 86' lang='lat' dir='ltr'><strong>serat)</strong></span> <span class='ocrx_word' id='word_1_235' title='bbox 426 2887 458 2948; x_wconf 89' lang='lat' dir='ltr'><strong>in</strong></span> <span class='ocrx_word' id='word_1_236' title='bbox 474 2888 637 2971; x_wconf 89' lang='lat' dir='ltr'><strong>diplomate</strong></span> <span class='ocrx_word' id='word_1_237' title='bbox 650 2887 875 2950; x_wconf 88' lang='lat' dir='ltr'><strong>confirmatorio</strong></span> <span class='ocrx_word' id='word_1_238' title='bbox 887 2889 907 2951; x_wconf 78' lang='lat' dir='ltr'><strong>i</strong></span> <span class='ocrx_word' id='word_1_239' title='bbox 919 2889 1040 2952; x_wconf 79' lang='lat' dir='ltr'><strong>Caesare</strong></span> <span class='ocrx_word' id='word_1_240' title='bbox 1054 2887 1189 2963; x_wconf 86' lang='lat' dir='ltr'><strong>remisso,</strong></span> <span class='ocrx_word' id='word_1_241' title='bbox 1200 2889 1310 2949; x_wconf 89' lang='lat' dir='ltr'><strong>omissa</strong></span> <span class='ocrx_word' id='word_1_242' title='bbox 1318 2887 1421 2963; x_wconf 83' lang='lat' dir='ltr'><strong>inerit,</strong></span> <span class='ocrx_word' id='word_1_243' title='bbox 1431 2888 1512 2968; x_wconf 88' lang='lat' dir='ltr'><strong>quod</strong></span> 
     </span>
     <span class='ocr_line' id='line_1_28' title="bbox 321 2982 1511 3070; baseline 0.002 -26"><span class='ocrx_word' id='word_1_244' title='bbox 321 2983 427 3046; x_wconf 86' lang='lat' dir='ltr'><strong>merito</strong></span> <span class='ocrx_word' id='word_1_245' title='bbox 440 2994 470 3047; x_wconf 89' lang='lat' dir='ltr'><strong>et</strong></span> <span class='ocrx_word' id='word_1_246' title='bbox 482 2985 568 3049; x_wconf 92' lang='lat' dir='ltr'><strong>nobis</strong></span> <span class='ocrx_word' id='word_1_247' title='bbox 588 2995 619 3048; x_wconf 84' lang='lat' dir='ltr'><strong>et</strong></span> <span class='ocrx_word' id='word_1_248' title='bbox 636 2985 705 3048; x_wconf 84' lang='lat' dir='ltr'><strong>aliis</strong></span> <span class='ocrx_word' id='word_1_249' title='bbox 721 2983 794 3047; x_wconf 89' lang='lat' dir='ltr'><strong>fidei</strong></span> <span class='ocrx_word' id='word_1_250' title='bbox 813 2996 923 3049; x_wconf 82' lang='lat' dir='ltr'><strong>nostrae</strong></span> <span class='ocrx_word' id='word_1_251' title='bbox 939 2985 1122 3070; x_wconf 86' lang='lat' dir='ltr'><strong>conjunctis,</strong></span> <span class='ocrx_word' id='word_1_252' title='bbox 1139 2985 1237 3047; x_wconf 83' lang='lat' dir='ltr'><strong>verina</strong></span> <span class='ocrx_word' id='word_1_253' title='bbox 1255 2982 1450 3066; x_wconf 85' lang='lat' dir='ltr'><strong>cogitationes</strong></span> <span class='ocrx_word' id='word_1_254' title='bbox 1461 3005 1511 3066; x_wconf 85' lang='lat' dir='ltr'><strong>pn·</strong></span> 
     </span>
     <span class='ocr_line' id='line_1_29' title="bbox 321 3081 1510 3167; baseline 0.002 -27"><span class='ocrx_word' id='word_1_255' title='bbox 321 3100 386 3142; x_wconf 88' lang='lat' dir='ltr'><strong>rere</strong></span> <span class='ocrx_word' id='word_1_256' title='bbox 408 3083 559 3162; x_wconf 84' lang='lat' dir='ltr'><strong>potuitet</strong></span> <span class='ocrx_word' id='word_1_257' title='bbox 580 3081 694 3144; x_wconf 86' lang='lat' dir='ltr'><strong>debuit.</strong></span> <span class='ocrx_word' id='word_1_258' title='bbox 744 3082 875 3167; x_wconf 85' lang='lat' dir='ltr'><strong>Insuper</strong></span> <span class='ocrx_word' id='word_1_259' title='bbox 900 3086 997 3166; x_wconf 88' lang='lat' dir='ltr'><strong>(qnod</strong></span> <span class='ocrx_word' id='word_1_260' title='bbox 1016 3082 1137 3146; x_wconf 90' lang='lat' dir='ltr'><strong>silentio</strong></span> <span class='ocrx_word' id='word_1_261' title='bbox 1159 3082 1361 3163; x_wconf 73' lang='lat' dir='ltr'><strong>praeterimus)</strong></span> <span class='ocrx_word' id='word_1_262' title='bbox 1388 3082 1510 3162; x_wconf 89' lang='lat' dir='ltr'><strong>petitum</strong></span> 
     </span>
     <span class='ocr_line' id='line_1_30' title="bbox 320 3176 1510 3262; baseline 0 -24"><span class='ocrx_word' id='word_1_263' title='bbox 320 3196 441 3258; x_wconf 90' lang='lat' dir='ltr'><strong>quoque</strong></span> <span class='ocrx_word' id='word_1_264' title='bbox 455 3179 474 3240; x_wconf 74' lang='lat' dir='ltr'><strong>a</strong></span> <span class='ocrx_word' id='word_1_265' title='bbox 486 3180 573 3242; x_wconf 91' lang='lat' dir='ltr'><strong>nobis</strong></span> <span class='ocrx_word' id='word_1_266' title='bbox 586 3179 678 3241; x_wconf 80' lang='lat' dir='ltr'><strong>fuerit</strong></span> <span class='ocrx_word' id='word_1_267' title='bbox 691 3178 874 3262; x_wconf 79' lang='lat' dir='ltr'><strong>Mogontiae,</strong></span> <span class='ocrx_word' id='word_1_268' title='bbox 888 3203 959 3243; x_wconf 89' lang='lat' dir='ltr'><strong>cum</strong></span> <span class='ocrx_word' id='word_1_269' title='bbox 974 3182 1082 3244; x_wconf 85' lang='lat' dir='ltr'><strong>ultima</strong></span> <span class='ocrx_word' id='word_1_270' title='bbox 1096 3179 1259 3242; x_wconf 74' lang='lat' dir='ltr'><strong>declaratio</strong></span> <span class='ocrx_word' id='word_1_271' title='bbox 1272 3176 1413 3240; x_wconf 75' lang='lat' dir='ltr'><strong>Cesarea</strong></span> <span class='ocrx_word' id='word_1_272' title='bbox 1420 3177 1510 3259; x_wconf 86' lang='lat' dir='ltr'><strong>aperi-</strong></span> 
     </span>
     <span class='ocr_line' id='line_1_31' title="bbox 322 3273 1510 3357; baseline 0.003 -24"><span class='ocrx_word' id='word_1_273' title='bbox 322 3282 413 3349; x_wconf 89' lang='lat' dir='ltr'><strong>retur,</strong></span> <span class='ocrx_word' id='word_1_274' title='bbox 434 3286 470 3336; x_wconf 92' lang='lat' dir='ltr'><strong>nt</strong></span> <span class='ocrx_word' id='word_1_275' title='bbox 488 3276 617 3338; x_wconf 88' lang='lat' dir='ltr'><strong>militem</strong></span> <span class='ocrx_word' id='word_1_276' title='bbox 635 3284 770 3338; x_wconf 83' lang='lat' dir='ltr'><strong>nostrum</strong></span> <span class='ocrx_word' id='word_1_277' title='bbox 786 3297 858 3340; x_wconf 87' lang='lat' dir='ltr'><strong>cum</strong></span> <span class='ocrx_word' id='word_1_278' title='bbox 877 3278 1016 3341; x_wconf 76' lang='lat' dir='ltr'><strong>Cnsereo</strong></span> <span class='ocrx_word' id='word_1_279' title='bbox 1030 3278 1166 3342; x_wconf 87' lang='lat' dir='ltr'><strong>exercitu</strong></span> <span class='ocrx_word' id='word_1_280' title='bbox 1182 3276 1444 3357; x_wconf 81' lang='lat' dir='ltr'><strong>conjungeremus,</strong></span> <span class='ocrx_word' id='word_1_281' title='bbox 1462 3273 1510 3336; x_wconf 85' lang='lat' dir='ltr'><strong>vel</strong></span> 
     </span>
     <span class='ocr_line' id='line_1_32' title="bbox 321 3370 1510 3457; baseline 0.002 -27"><span class='ocrx_word' id='word_1_282' title='bbox 321 3370 402 3431; x_wconf 75' lang='lat' dir='ltr'><strong>certe</strong></span> <span class='ocrx_word' id='word_1_283' title='bbox 422 3379 457 3432; x_wconf 85' lang='lat' dir='ltr'><strong>ut</strong></span> <span class='ocrx_word' id='word_1_284' title='bbox 475 3371 635 3436; x_wconf 89' lang='lat' dir='ltr'><strong>minimum</strong></span> <span class='ocrx_word' id='word_1_285' title='bbox 653 3373 903 3453; x_wconf 85' lang='lat' dir='ltr'><strong>permitteremus,</strong></span> <span class='ocrx_word' id='word_1_286' title='bbox 925 3383 960 3437; x_wconf 91' lang='lat' dir='ltr'><strong>ut</strong></span> <span class='ocrx_word' id='word_1_287' title='bbox 978 3374 1074 3457; x_wconf 76' lang='lat' dir='ltr'><strong>copie</strong></span> <span class='ocrx_word' id='word_1_288' title='bbox 1087 3383 1197 3438; x_wconf 78' lang='lat' dir='ltr'><strong>nostrae</strong></span> <span class='ocrx_word' id='word_1_289' title='bbox 1214 3373 1235 3435; x_wconf 80' lang='lat' dir='ltr'><strong>b</strong></span> <span class='ocrx_word' id='word_1_290' title='bbox 1250 3373 1371 3435; x_wconf 79' lang='lat' dir='ltr'><strong>Caesare</strong></span> <span class='ocrx_word' id='word_1_291' title='bbox 1391 3371 1510 3451; x_wconf 87' lang='lat' dir='ltr'><strong>imperia</strong></span> 
     </span>
     <span class='ocr_line' id='line_1_33' title="bbox 320 3467 1508 3552; baseline 0.003 -25"><span class='ocrx_word' id='word_1_292' title='bbox 320 3475 472 3548; x_wconf 83' lang='lat' dir='ltr'><strong>caperent,</strong></span> <span class='ocrx_word' id='word_1_293' title='bbox 489 3468 571 3548; x_wconf 89' lang='lat' dir='ltr'><strong>qnod</strong></span> <span class='ocrx_word' id='word_1_294' title='bbox 589 3469 687 3550; x_wconf 88' lang='lat' dir='ltr'><strong>ipsum</strong></span> <span class='ocrx_word' id='word_1_295' title='bbox 708 3472 797 3534; x_wconf 87' lang='lat' dir='ltr'><strong>etiam</strong></span> <span class='ocrx_word' id='word_1_296' title='bbox 815 3482 920 3532; x_wconf 88' lang='lat' dir='ltr'><strong>contra</strong></span> <span class='ocrx_word' id='word_1_297' title='bbox 939 3482 1030 3552; x_wconf 86' lang='lat' dir='ltr'><strong>pactu</strong></span> <span class='ocrx_word' id='word_1_298' title='bbox 1050 3481 1199 3535; x_wconf 86' lang='lat' dir='ltr'><strong>conventa</strong></span> <span class='ocrx_word' id='word_1_299' title='bbox 1217 3469 1286 3546; x_wconf 77' lang='lat' dir='ltr'><strong>fuit,</strong></span> <span class='ocrx_word' id='word_1_300' title='bbox 1305 3489 1376 3530; x_wconf 90' lang='lat' dir='ltr'><strong>cum</strong></span> <span class='ocrx_word' id='word_1_301' title='bbox 1395 3467 1508 3531; x_wconf 86' lang='lat' dir='ltr'><strong>abunde</strong></span> 
     </span>
     <span class='ocr_line' id='line_1_34' title="bbox 321 3563 1207 3652; baseline 0.011 -28"><span class='ocrx_word' id='word_1_302' title='bbox 321 3573 391 3626; x_wconf 87' lang='lat' dir='ltr'><strong>ante</strong></span> <span class='ocrx_word' id='word_1_303' title='bbox 405 3563 589 3626; x_wconf 83' lang='lat' dir='ltr'><strong>declaratum</strong></span> <span class='ocrx_word' id='word_1_304' title='bbox 604 3577 690 3642; x_wconf 86' lang='lat' dir='ltr'><strong>esset,</strong></span> <span class='ocrx_word' id='word_1_305' title='bbox 704 3587 758 3630; x_wconf 89' lang='lat' dir='ltr'><strong>cur</strong></span> <span class='ocrx_word' id='word_1_306' title='bbox 771 3567 805 3630; x_wconf 89' lang='lat' dir='ltr'><strong>id</strong></span> <span class='ocrx_word' id='word_1_307' title='bbox 818 3567 885 3629; x_wconf 85' lang='lat' dir='ltr'><strong>lieri</strong></span> <span class='ocrx_word' id='word_1_308' title='bbox 898 3568 1085 3630; x_wconf 89' lang='lat' dir='ltr'><strong>nullomodo</strong></span> <span class='ocrx_word' id='word_1_309' title='bbox 1098 3577 1207 3652; x_wconf 75' lang='lat' dir='ltr'><strong>posset</strong></span> 
     </span>
    </p>

    <p class='ocr_par' dir='ltr' id='par_1_4' title="bbox 362 3661 1510 3750">
     <span class='ocr_line' id='line_1_35' title="bbox 362 3661 1510 3750; baseline 0.001 -26"><span class='ocrx_word' id='word_1_310' title='bbox 362 3661 441 3724; x_wconf 85' lang='lat' dir='ltr'><strong>Haec</strong></span> <span class='ocrx_word' id='word_1_311' title='bbox 458 3681 531 3724; x_wconf 83' lang='lat' dir='ltr'><strong>vero</strong></span> <span class='ocrx_word' id='word_1_312' title='bbox 543 3663 645 3727; x_wconf 89' lang='lat' dir='ltr'><strong>omnia</strong></span> <span class='ocrx_word' id='word_1_313' title='bbox 658 3665 690 3728; x_wconf 92' lang='lat' dir='ltr'><strong>in</strong></span> <span class='ocrx_word' id='word_1_314' title='bbox 705 3685 774 3728; x_wconf 90' lang='lat' dir='ltr'><strong>enm</strong></span> <span class='ocrx_word' id='word_1_315' title='bbox 787 3665 933 3727; x_wconf 84' lang='lat' dir='ltr'><strong>duntaxat</strong></span> <span class='ocrx_word' id='word_1_316' title='bbox 944 3663 1037 3729; x_wconf 89' lang='lat' dir='ltr'><strong>linem</strong></span> <span class='ocrx_word' id='word_1_317' title='bbox 1049 3664 1227 3750; x_wconf 79' lang='lat' dir='ltr'><strong>allegamus,</strong></span> <span class='ocrx_word' id='word_1_318' title='bbox 1241 3674 1275 3728; x_wconf 89' lang='lat' dir='ltr'><strong>nt</strong></span> <span class='ocrx_word' id='word_1_319' title='bbox 1289 3662 1510 3726; x_wconf 81' lang='lat' dir='ltr'><strong>Dominutiones</strong></span> 
     </span>
    </p>
   </div>
   <div class='ocr_carea' id='block_1_3' title="bbox 0 0 1623 4700">
    <p class='ocr_par' dir='ltr' id='par_1_5' title="bbox 0 0 1623 4700">
     <span class='ocr_line' id='line_1_36' title="bbox 0 0 1623 4700; baseline 0 0"><span class='ocrx_word' id='word_1_320' title='bbox 0 0 1623 4700; x_wconf 95' lang='lat' dir='ltr'><strong> </strong></span> 
     </span>
    </p>
   </div>
  </div>
 </body>
</html>
