3225 4700
494 348 903 419 ITINERARIUM.
1231 359 1296 423 235

145 496 244 559 Lubet
256 495 316 559 buo
328 506 485 561 annectere
499 499 667 564 Cesaream
684 503 916 585 propositionem
929 504 962 564 in
976 503 1117 567 Gemitiis
1131 506 1293 569 Ratisbon·

83 593 223 654 ensibus
244 593 418 657 Electorum
436 595 582 679 Collegio,
606 599 732 681 aliisque
753 600 949 682 Principibus
967 621 1004 663 ac
1024 602 1147 664 statibus
1168 603 1294 685 Imperii

84 707 267 771 eorumque
285 691 472 754 consiliariis
491 714 526 755 ac
547 694 666 778 Iegetis
686 696 806 771 factam,
820 695 937 778 alieque
950 697 1096 759 nonnulla
1108 718 1176 779 quse
1189 697 1292 760 Comi·

84 785 214 847 tiorum
234 787 357 849 exordia
375 800 683 871 processeruntque
702 792 758 853 etsi
778 792 966 873 aliquantum
985 795 1079 859 serius
1098 796 1293 878 contigerint,

88 882 257 964 multaque
272 883 332 945 alia
348 905 417 965 quse
433 886 627 965 sequentibus
646 888 794 969 capitibus
817 891 1070 967 memorabuntur,
1084 892 1294 973 premittenda

89 978 212 1053 forent,
227 979 298 1059 quia
311 988 410 1041 umen
430 982 663 1044 commodiorem
678 981 779 1045 locum
800 983 847 1045 bis
866 988 1077 1066 percensendis
1094 988 1147 1049 vix
1163 989 1292 1070 reperie-

91 1094 181 1150 mus,
196 1095 233 1136 ea
246 1076 301 1137 boo
314 1076 382 1138 loco
394 1076 484 1140 libuit
496 1086 660 1159 pertexere,
674 1087 859 1141 tentantem
868 1080 930 1143 fere
943 1082 1011 1159 ista,
1024 1103 1093 1163 quse
1106 1104 1144 1145 cx
1156 1084 1230 1165 ipsis
1242 1106 1292 1146 co-

92 1170 197 1233 mitiis
210 1172 248 1233 ed
261 1172 393 1235 amicum
407 1173 589 1251 transmissa,
603 1174 644 1235 ad
657 1184 771 1237 nostras
784 1195 904 1257 qnoque
916 1196 1025 1240 manns
1037 1179 1231 1241 devenerunt

521 1438 878 1548 Puouooonnonr,

96 1600 242 1659 Actorum
257 1600 453 1659 tertiodecimo
467 1602 642 1677 Septembris
655 1604 741 1662 Auno
758 1603 797 1662 M
798 1602 952 1663 next.
969 1603 1139 1664 Ratisbonoe
1153 1613 1235 1682 onte,
1251 1606 1295 1678 ic,

305 1700 311 1711 '
432 1706 540 1775 etpost
556 1698 720 1758 Caesareum
728 1700 965 1777 propositionem.

169 1836 384 1911 OSTQUAM
397 1841 437 1902 ad
452 1840 586 1903 Comitia
595 1840 615 1902 b
624 1839 717 1902 Sacra
726 1840 816 1903 Rom.
828 1841 967 1903 Cesarea
976 1840 1114 1923 etRegia
1123 1840 1294 1925 Hungerioe
1393 1902 1397 1909 .

188 1945 218 1998 et
231 1936 388 1998 Bobemiae
402 1938 563 2019 Majestcte
580 1960 650 2002 cum
664 1957 811 2000 consensu
829 1937 1004 1999 Electornm
1018 1936 1199 2017 Principum
1212 1948 1296 1999 sexta

99 2041 134 2095 et
146 2032 291 2114 vigesima
303 2031 327 2093 J
330 2031 395 2106 ulii,
408 2033 441 2093 in
455 2034 666 2097 duodecimum
685 2033 868 2116 septembrio
886 2033 969 2095 diem
985 2032 1110 2107 indicte,
1123 2032 1214 2095 totins
1230 2032 1294 2093 Im·

100 2129 180 2210 perii
196 2128 353 2209 Principes
366 2149 401 2190 ac
415 2138 509 2191 status
522 2131 571 2192 vel
588 2132 621 2192 in
639 2150 775 2211 persone,
789 2130 840 2192 vel
857 2150 910 2211 per
928 2128 1056 2212 Iegstos
1073 2129 1292 2205 convenissent,

100 2224 219 2307 placuit
237 2223 306 2287 sue
326 2224 472 2287 Caesareae
492 2226 647 2308 Majesteti
667 2227 803 2308 sequenti
822 2226 873 2288 dic
890 2226 946 2308 qui
963 2225 1021 2287 fuit
1038 2225 1143 2287 tertius
1160 2226 1295 2288 decimus

102 2320 299 2402 Septembris,
323 2320 506 2404 Septimanae
528 2323 592 2384 dies
613 2322 703 2385 Jovie
724 2342 814 2405 porro
836 2322 877 2385 sd
897 2321 1024 2385 Curiam
1046 2321 1294 2385 Ratisboncnsem

101 2437 280 2491 convocare,
291 2427 321 2480 et
330 2418 529 2481 Comitiorum
542 2439 674 2489 cansam,
685 2439 736 2481 sen
750 2429 864 2502 puncta
876 2417 909 2479 in
922 2418 960 2479 iis
972 2418 1170 2480 consultanda
1178 2427 1209 2480 et
1221 2439 1295 2480 una-

100 2514 180 2576 nimi
193 2534 341 2577 consensu
352 2515 520 2576 decidenda
533 2533 706 2596 proponere.
749 2515 788 2575 In
799 2534 868 2575 eum
878 2513 972 2574 finem
981 2512 1138 2594 designato
1147 2514 1294 2577 disJovis

101 2613 184 2672 intre
197 2611 352 2692 septimam
366 2621 397 2672 et
408 2619 545 2672 octavam
561 2611 738 2671 matutinam
752 2608 939 2691 collegerunt
955 2628 987 2670 se
1002 2608 1109 2692 legati
1122 2610 1153 2670 in
1168 2610 1295 2690 Episco-

102 2707 166 2790 pali
183 2706 262 2783 aula,
283 2707 315 2768 in
333 2726 394 2788 qna
410 2706 550 2769 Cesarea
567 2706 712 2787 Majestcs
726 2725 870 2768 unacum
882 2705 989 2767 aulicis
1001 2706 1063 2767 suis
1075 2705 1237 2781 habitabat,
1250 2717 1295 2770 at-

102 2803 208 2886 quein
221 2804 420 2866 anticamera
432 2805 473 2867 ed
491 2824 583 2866 onem
596 2804 716 2866 circiter·
732 2804 838 2866 horam
851 2823 936 2864 mam
950 2802 1142 2883 Majestatem
1154 2812 1294 2884 expecta·

103 2910 184 2964 runt.

146 2997 232 3058 Hinc
251 2997 344 3080 igitur
360 3005 427 3078 post
441 2997 546 3058 horem
559 3006 629 3058 ante
647 2996 803 3058 meridiem
820 3016 932 3058 nonam
945 2994 1075 3071 circiter,
1089 3015 1144 3058 sna
1157 2995 1295 3064 Cesarea

104 3093 263 3176 Majestas,
284 3095 400 3157 directo
415 3115 453 3156 ex
469 3094 551 3157 dicte
570 3093 744 3175 Episcopali
763 3095 833 3157 aula
848 3094 965 3171 itinere,
979 3094 1019 3155 ed
1037 3112 1184 3154 summam
1197 3092 1295 3154 eedem

103 3201 174 3252 ante
188 3189 289 3251 omnia
301 3210 332 3252 se
346 3190 483 3253 conferre
501 3190 615 3266 statuit,
630 3199 665 3252 ut
682 3191 794 3252 ibidem
816 3200 1004 3252 sacrosancto
1020 3189 1126 3251 Missae
1144 3187 1294 3251 sacrificio

104 3307 248 3368 magnum
262 3287 391 3349 Consilii
403 3286 559 3369 Angelum
573 3285 765 3366 propitiaret:
785 3286 1056 3368 largissimamque,
1069 3287 1172 3348 omnia
1187 3286 1246 3346 rite
1260 3285 1293 3348 in

105 3383 194 3445 dictis
208 3384 347 3446 comitiis
359 3383 546 3466 auspicandi,
560 3383 757 3464 persequendi
769 3403 806 3444 ac
820 3382 958 3458 liniendi,
973 3383 1110 3466 gretiam,
1120 3382 1140 3444 b
1149 3382 1295 3463 Principe

104 3480 188 3560 pacis
201 3479 307 3560 (quam
328 3479 458 3542 muudus
471 3480 542 3541 dare
556 3499 617 3540 non
631 3477 741 3560 potest)
756 3479 879 3543 Christo
891 3479 1087 3556 sollicitaret;
1109 3479 1141 3540 in
1155 3499 1217 3559 qua
1228 3478 1296 3560 qui·

105 3577 175 3637 dem
193 3577 392 3657 processione,
410 3576 459 3637 bic
477 3576 538 3637 fere
555 3575 629 3636 ordo
646 3585 780 3638 servatus
799 3585 854 3638 eat
894 3576 1035 3637 Primum
1047 3575 1149 3638 locum
1162 3575 1220 3636 sibi
1230 3575 1297 3635 vin·

106 3673 222 3734 dicavit
243 3672 413 3754 imperialis
437 3672 585 3755 Magister
604 3691 658 3736 seu
682 3671 849 3736 Praefectus
870 3672 1098 3746 Quarteriornm
1117 3674 1163 3748 (ut
1179 3678 1300 3758 vocant)

107 3779 249 3832 consueto
264 3771 425 3834 instructus
438 3771 528 3833 officii
547 3769 593 3832 sui
611 3768 726 3844 baculo,
743 3790 794 3831 scu
813 3769 900 3850 pedo.
944 3770 1022 3830 Eum
1040 3767 1134 3828 secuti
1153 3775 1223 3828 sunt
1237 3766 1299 3827 Im·
