3225 4700
334 342 395 409 164
721 339 745 406 1
751 338 810 406 TI
816 338 1036 409 NERARI
1046 337 1133 405 ΠΜ.

332 491 403 554 dein
417 497 509 553 totam
521 508 613 572 prope
625 488 781 553 civitatem
792 490 825 553 iu
839 490 968 571 portenti
980 488 1184 553 testimonium
1198 484 1384 559 acciverunt,
1395 500 1432 545 ae
1448 480 1536 541 inter

331 586 406 649 ahos
423 587 521 668 ipsum
543 587 634 649 etiam
654 587 738 649 urbis
754 586 912 650 Pastorem
933 596 964 650 et
983 587 1061 650 viros
1077 585 1117 648 de
1139 584 1253 647 Senatu
1273 580 1454 663 praecipuos,
1472 578 1537 659 qni

330 704 434 746 omues
446 683 545 745 verim
557 684 597 746 de
609 684 710 746 omine
722 685 909 765 conjecturas
921 684 1079 745 dederuut.

373 779 442 841 111.
462 780 608 843 durantes
619 788 732 841 umere
749 790 780 841 et
799 780 970 861 pejerantes
988 779 1096 840 merito
1116 773 1259 859 percellat
1277 772 1374 835 malus
1389 771 1533 843 daemou,

332 876 385 958 qui
398 894 459 937 non
471 875 513 937 ita
525 875 644 957 pridem
657 874 689 937 in
705 874 828 937 Lutetia
843 874 983 937 inferiore
1000 875 1032 935 in
1050 874 1161 955 oppido
1179 870 1294 932 Forenti
1312 866 1405 949 vulgo
1422 865 1532 939 Foret,

331 972 458 1034 militem
471 970 636 1044 communi,
650 970 707 1033 hac
719 979 904 1052 tempestate,
919 990 1004 1043 voce,
1017 980 1048 1033 et
1061 968 1176 1032 solenni
1191 967 1336 1030 militibus
1350 963 1531 1045 precatiun-

331 1067 401 1131 ould
417 1070 528 1151 (rapiat
543 1090 593 1130 me
607 1068 751 1141 Daemon)
765 1068 938 1129 abutentem
954 1065 1190 1150 inspectantibus
1205 1063 1328 1125 testibus
1343 1060 1382 1123 de
1399 1068 1531 1141 repente

331 1164 462 1227 abstulit
498 1164 561 1225 Res
573 1165 617 1225 ite
628 1167 675 1241 (nt
687 1163 706 1225 b
717 1162 778 1225 tide
792 1162 895 1246 dignis
909 1163 1051 1241 refertur)
1064 1162 1162 1225 habet.
1193 1160 1320 1221 Facient
1334 1158 1389 1219 iter
1405 1156 1529 1237 peeoris

331 1260 460 1343 alicujus
472 1260 592 1322 emendi
605 1278 695 1321 musa
706 1259 798 1331 lanio,
807 1268 898 1339 atqua
910 1259 954 1320 nil
967 1260 1039 1321 mali
1052 1268 1188 1321 metuens
1197 1257 1229 1319 in
1241 1255 1355 1336 equites
1365 1254 1484 1315 Formti
1495 1264 1529 1314 et

331 1356 446 1419 dream
459 1356 658 1437 hybernautes
671 1355 828 1427 incideret,
842 1373 932 1435 quem
944 1376 1006 1417 non
1018 1374 1108 1417 uerno
1123 1374 1161 1415 ex
1176 1350 1407 1434 procacioribus,
1425 1350 1529 1431 suspi-

329 1463 414 1515 cetus
426 1452 510 1535 quod
522 1472 570 1514 res
581 1461 655 1525 erat,
670 1454 746 1514 bene
758 1462 945 1514 nummatum
959 1452 1110 1527 incedere,
1120 1452 1152 1511 iu
1163 1449 1279 1533 sylvam
1294 1448 1417 1510 abducit
1424 1448 1527 1509 omui-

330 1547 445 1628 busque
454 1546 611 1628 despoliat,
623 1568 658 1608 uc
667 1546 745 1609 inter
754 1547 814 1608 elia
823 1567 942 1629 quoque
951 1557 1073 1610 centum
1084 1546 1260 1627 Imperieles
1269 1543 1409 1605 Theletus
1418 1544 1523 1623 eripit.

329 1644 410 1707 (inm
423 1663 496 1706 vero
509 1644 590 1705 lanio
605 1643 807 1706 latrunculum
825 1646 919 1725 probe
936 1653 1044 1716 namet,
1059 1663 1131 1705 mox
1147 1644 1242 1705 redux
1259 1641 1523 1703 oommendautem

329 1739 389 1801 loci
402 1740 476 1815 adit,
485 1739 725 1821 justissimasque
738 1740 776 1802 de
789 1740 902 1821 injuria
914 1749 945 1802 et
953 1740 1063 1802 dsmw
1073 1740 1132 1801 sibi
1145 1738 1229 1801 illato
1238 1738 1374 1820 querelas
1382 1736 1521 1819 deponit,

327 1834 478 1917 simulque
489 1836 626 1898 nominat
637 1836 765 1899 militem
781 1836 855 1898 furti
869 1846 1019 1899 auctorem
1033 1835 1085 1917 qui
1098 1834 1261 1897 advocatus
1271 1842 1370 1917 auspi
1386 1834 1522 1916 primum

327 1941 529 2016 pernegatque
541 1953 574 1994 se
586 1933 752 2014 quidquem
766 1932 916 1995 tinniens
929 1952 1063 2013 unquam
1076 1932 1235 2013 accepisse,
1250 1932 1304 1992 sed
1320 1952 1375 1993 nec
1389 1932 1427 1993 de
1440 1932 1521 1993 facie

327 2028 451 2109 quidem
469 2048 556 2091 nosse
570 2027 722 2090 hominem
739 2028 930 2102 malevolum,
946 2030 1107 2111 multisque
1124 2027 1326 2090 debacchetur
1342 2027 1522 2111 ignominiis

326 2125 359 2186 in
371 2126 497 2201 lenium,
511 2125 623 2207 quippe
635 2125 689 2206 qni
702 2145 734 2186 se
747 2124 937 2187 innocentem
954 2126 995 2188 ad
1012 2125 1069 2187 hoo
1086 2124 1218 2187 tribunal
1235 2123 1408 2186 detulisset:
1431 2126 1522 2188 addit

327 2221 398 2283 dein
410 2220 569 2282 mendacio
582 2222 664 2283 diras
676 2222 888 2293 execrationes,
898 2221 979 2283 malo
991 2223 1112 2283 undem
1123 2242 1155 2283 se
1164 2220 1293 2285 dsemoni
1307 2220 1414 2283 iterato
1426 2222 1519 2284 itera·

325 2324 415 2398 toque
434 2316 577 2379 eudacter
596 2317 740 2381 devovets
766 2316 863 2399 rapiat
885 2317 1012 2399 (iuquit)
1031 2316 1161 2380 animam
1183 2336 1280 2380 msam
1302 2336 1371 2379 oum
1390 2338 1519 2400 corpore

325 2413 527 2488 ceeodaemn,
545 2411 644 2496 siege
660 2413 825 2494 praedatum
844 2433 979 2495 egressus
995 2413 1115 2488 fuerim,
1131 2425 1183 2476 ent
1197 2413 1343 2476 uiolentas
1359 2433 1467 2476 manus
1482 2417 1519 2477 in

323 2509 405 2571 hune
424 2508 575 2570 leuiouern
594 2509 781 2590 applicerim.
824 2509 962 2584 Dictum,
984 2509 1113 2572 suetum
1135 2510 1233 2572 audiit
1250 2531 1309 2572 non
1328 2511 1422 2572 surde
1442 2532 1518 2574 eure

323 2615 445 2666 vocatus
452 2604 577 2681 Sathen,
588 2605 783 2686 protinusque
792 2605 936 2668 conclave
946 2605 1043 2668 Ducis
1053 2607 1149 2668 forma
1159 2606 1280 2669 militari
1290 2607 1381 2669 rubeo
1389 2607 1519 2670 amiotus

322 2701 413 2784 pallio
430 2700 615 2784 ingreditur:
638 2699 769 2763 hominis
786 2701 918 2764 novitate
934 2703 1085 2784 perculsus
1104 2702 1276 2765 Colonellus
1293 2723 1391 2766 causta
1402 2705 1514 2786 judex,

322 2798 449 2861 miratur
462 2798 620 2861 andaciam
639 2797 847 2880 ingredientis,
863 2808 950 2881 rogat
966 2799 1035 2880 quis
1051 2799 1100 2874 sit,
1117 2819 1208 2862 curse
1220 2819 1281 2860 nou
1294 2801 1377 2881 prins
1390 2801 1518 2863 monitis

321 2896 467 2958 ministris
486 2895 586 2957 adniti
613 2894 788 2976 Respondet
804 2915 836 2956 se
854 2903 994 2957 vocatum
1009 2915 1069 2956 non
1088 2896 1167 2958 ultro
1186 2896 1344 2972 introiisse,
1363 2897 1516 2978 simulque

321 2993 465 3076 disposita
477 2990 627 3054 chlamide
643 2990 784 3053 coccinea
798 2991 831 3052 in
847 3011 991 3068 menum,
1008 2991 1134 3054 militem
1152 2993 1279 3065 insedit,
1294 3012 1329 3054 ae
1344 2994 1513 3056 secundum

320 3097 411 3171 caput
427 3099 578 3170 arreptum
594 3087 829 3169 inspectantibus
846 3087 984 3149 omnibus
1003 3088 1122 3150 nemine
1138 3089 1353 3150 conmuniteute
1368 3089 1512 3152 ebdueit:

320 3185 443 3264 qneudo
460 3184 550 3245 militi
570 3183 684 3245 nefarie
699 3183 822 3263 perjuro
835 3181 927 3265 bulgs
945 3203 1015 3245 enm
1027 3193 1148 3246 centurn
1166 3184 1375 3266 Imperielibns
1387 3185 1511 3248 excidit.

321 3278 414 3340 Miles
429 3298 501 3342 vero
518 3288 636 3360 postero
657 3279 707 3340 die
724 3279 829 3339 eodem
849 3277 915 3339 loco
937 3297 998 3359 qno
1017 3279 1081 3359 ipse
1098 3279 1196 3360 pridie
1217 3278 1331 3342 lanium
1352 3299 1512 3362 aggressus

319 3375 419 3438 fueret
433 3387 570 3438 mortuus
584 3386 718 3458 repertus
731 3383 786 3436 est.
828 3374 1074 3438 Funestissimum
1088 3377 1132 3437 rei
1145 3375 1236 3458 hujus
1248 3384 1388 3438 eventum
1402 3378 1512 3438 merito

317 3472 515 3554 perpendent,
528 3480 619 3551 atque
631 3472 672 3534 ad
685 3489 752 3532 enm
766 3471 1007 3546 contremiscant,
1025 3472 1077 3552 qni
1092 3482 1153 3534 tarn
1167 3473 1428 3556 sanguinolentum
1444 3473 1511 3534 hos-

316 3567 408 3650 pitem
423 3567 565 3630 continuo
575 3567 689 3651 lingue,
701 3567 845 3630 continno
855 3586 906 3627 ore
917 3568 1140 3642 circumferunt,
1156 3569 1356 3651 Daemonique
1369 3589 1400 3632 se
1415 3571 1509 3632 libere

316 3666 467 3729 devorent
479 3663 564 3748 parvi
576 3665 741 3746 pendentes
752 3682 823 3725 rere
836 3681 875 3726 ne
887 3683 926 3726 an
939 3665 1122 3728 mendaciter
1134 3666 1168 3729 id
1181 3666 1310 3730 heientt
1334 3667 1423 3730 habet
1435 3687 1509 3730 seue
