3225 4700
485 334 893 404 ITINERARIUM.
1209 336 1270 401 401

61 499 290 568 persenserunt
334 491 394 552 His
406 511 470 553 uon
482 493 679 567 obstantibus,
690 492 906 553 continuarunt
915 489 999 552 Gelli
1009 488 1202 572 pertinaciter
1214 490 1269 550 ob-

59 585 217 647 sidionem
230 609 360 668 quorum
373 591 557 671 gubernator
576 588 635 650 loci
653 588 854 651 constantium
870 587 987 661 videns,
1006 607 1076 648 cum
1098 606 1154 647 nec
1174 587 1269 648 snbsi-
1338 597 1342 605 ’

59 682 153 743 dium
167 703 287 764 sperare
305 696 405 767 posset
421 706 478 747 nec
498 685 621 748 baberet
633 686 716 747 unde
733 706 821 767 porro
839 684 995 746 obsisteret
1008 684 1173 762 (deiecerat
1186 684 1267 745 enim

59 779 245 858 praesidium
259 801 403 843 nuscum
420 782 542 862 pulvere
561 783 662 864 pyrio)
675 782 861 844 deditionem
875 781 973 842 fecere
993 792 1114 843 coactus
1132 791 1185 842 est.
1228 781 1266 841 In

59 876 248 956 vigesimum
259 876 353 960 igitur
362 878 523 960 septimum
534 879 718 962 Septembris
726 899 880 962 egressum
889 877 1015 938 liberum
1029 888 1060 940 et
1068 877 1267 940 honorificum

60 983 174 1053 pactus
196 983 240 1035 est
262 994 425 1056 secumque
446 974 599 1036 Vercellae
620 974 747 1035 abduxit
767 971 917 1055 quidquid
942 970 1046 1034 babuit
1068 973 1267 1053 impedimen-

60 1080 179 1147 torum,
193 1091 230 1132 sc
243 1071 366 1152 insuper
378 1083 508 1154 quatuor
520 1081 669 1133 tormentc
686 1091 787 1132 secum
801 1069 917 1131 eduxit.
954 1067 1039 1130 Gelli
1052 1071 1124 1133 verb
1142 1071 1268 1153 ingressi

60 1178 148 1244 sunt,
163 1189 200 1230 sc
213 1179 371 1249 postquam
384 1170 560 1232 necessariis
574 1170 662 1230 rebus
678 1167 878 1230 munitionem
897 1166 1107 1228 instruxissent
1122 1167 1182 1228 elib
1194 1188 1267 1229 con·

59 1264 134 1325 silie
147 1274 177 1326 et
191 1266 248 1327 iter
261 1266 446 1328 direxerunt.

106 1362 217 1424 Mense
232 1363 359 1425 Octobri
377 1363 535 1445 pontificis
546 1384 630 1426 orme
643 1364 684 1427 cd
702 1363 901 1447 Pitiglinnem
921 1362 1118 1425 munitionem
1141 1362 1267 1423 fortissi-

61 1479 148 1520 mum
168 1460 292 1522 admotu
307 1472 378 1522 sunt
395 1461 571 1541 obsidioque
589 1462 667 1522 scrib
684 1472 826 1542 suscepte
845 1482 882 1523 co
896 1461 1015 1544 mugnis
1028 1459 1143 1521 viribus
1156 1460 1266 1521 lebori-

61 1558 183 1637 busque
203 1568 349 1639 promote,
368 1558 561 1639 quantumvis
580 1556 755 1619 Colonellus
775 1559 937 1620 Grisonius
955 1557 1015 1619 loci
1035 1558 1216 1641 gubernator
1236 1578 1267 1618 so

62 1653 228 1715 fortissime
238 1665 412 1736 opponeret.
453 1655 607 1718 videbant
624 1657 739 1716 interes
758 1655 925 1718 Florentini
945 1663 1089 1737 quantum
1104 1655 1166 1716 snis
1180 1655 1268 1716 rebus

66 1751 222 1812 commodi
236 1751 405 1826 decederet,
419 1754 446 1814 si
459 1753 587 1814 munitio
600 1751 653 1813 illu
665 1751 696 1812 in
712 1763 889 1834 potestatem
904 1752 1130 1834 pontificiorum
1141 1752 1265 1814 veniret.

68 1848 261 1930 Quspmpter
273 1849 329 1909 sub
342 1847 499 1910 Colonelio
513 1849 627 1910 Strozzi
641 1849 700 1909 duo
711 1848 847 1929 peditum
858 1848 955 1909 millia
967 1858 996 1909 et
1009 1859 1121 1929 septem
1132 1849 1267 1930 equitum

67 1944 218 2026 manipuli
225 1945 381 2006 confestim
393 1945 524 2007 Serenum
536 1946 619 2007 missi
630 1955 742 2007 suntnt
750 1966 785 2007 ex
794 1947 897 2007 vicino
906 1945 1141 2027 specularentur,
1151 1944 1211 2027 qut
1221 1966 1267 2006 re·

66 2041 482 2105 tioneobsidionissuccessus
490 2043 747 2125 impedirietbosti
758 2043 858 2104 eludes
867 2043 970 2104 inferri
979 2051 1088 2123 posset.
1111 2043 1268 2104 Neccerte

68 2139 166 2201 multb
179 2148 247 2220 post
259 2140 418 2206 commode
430 2161 494 2202 scse
512 2141 622 2204 obtulit
640 2150 744 2202 contro
757 2139 928 2223 pontificios
941 2140 1033 2201 cnudi
1044 2140 1170 2213 occasio,
1186 2161 1268 2201 com-

68 2247 211 2318 pererant
219 2238 302 2298 enim
311 2236 478 2299 Florentini
488 2237 587 2300 hostes
597 2260 664 2300 suos
672 2258 791 2321 possum
803 2237 1018 2300 Cestoncnsem
1029 2237 1170 2309 insidere,
1182 2257 1267 2321 meg·

70 2355 205 2416 numque
213 2345 415 2396 commeatum
425 2356 481 2417 pro
491 2336 623 2399 exercitu
632 2335 790 2419 colligere:
806 2333 878 2396 illuc
889 2333 1000 2395 Strozzi
1011 2332 1171 2416 exploretis
1182 2335 1269 2396 rebus

71 2431 219 2514 praemisit
231 2432 380 2511 equitatus
397 2432 444 2493 sui
460 2444 586 2514 purtem,
601 2433 724 2515 ipseque
738 2452 807 2492 mox
824 2450 893 2493 cum
908 2434 967 2491 200
985 2430 1136 2511 peditibus
1150 2440 1269 2493 secutus

72 2539 127 2601 est,
140 2549 270 2610 cumque
281 2528 382 2589 hostes
398 2529 600 2611 eximproviso
619 2530 827 2611 impetivisset,
841 2528 940 2611 primi
958 2528 1057 2590 stetim
1075 2529 1269 2609 impressione

12 2635 21 2660 ’
72 2628 243 2713 pontificios
272 2628 410 2689 nonnihil
437 2627 651 2703 consternavit,
683 2628 735 2707 qui
765 2638 864 2687 temen
893 2624 1056 2705 prudenter
1085 2624 1270 2686 dissimulato

72 2737 154 2790 metu
172 2746 256 2787 arms
274 2726 492 2808 corripuerunt,
510 2723 563 2784 sed
583 2743 654 2784 mox
674 2723 694 2783 b
713 2722 865 2805 proposito
886 2722 1068 2783 remittentes
1084 2722 1270 2784 deditionem

72 2823 119 2884 sui
138 2842 319 2902 suorumque
337 2821 463 2894 fuciunt,
483 2825 576 2882 vitem
597 2821 799 2903 paciscuntur,
818 2841 853 2881 ec
868 2821 905 2881 de
919 2830 1027 2881 certero
1040 2819 1187 2881 voluntati
1206 2822 1271 2881 vic·

72 2932 170 2982 torum
187 2941 249 2982 sese
269 2920 459 2980 submittunt.
500 2918 656 3000 Ceperunt
672 2918 729 2978 htc
748 2917 937 2999 expeditione
954 2915 1119 2978 Florentini
1141 2920 1194 2978 100
1212 2918 1271 2979 cir·

12 3076 24 3104 ‚
73 3018 147 3079 citer
160 3018 286 3098 pedites,
307 3015 497 3096 manipulum
515 3036 609 3076 unum
629 3014 776 3095 equitum,
790 3025 821 3076 et
833 3013 959 3077 alterum
977 3015 1165 3095 manipulum
1179 3036 1270 3096 equo-

12 3119 22 3182 ἢ
59 3114 255 3197 'pedestrium
268 3134 343 3194 quos
357 3132 460 3173 omnes
474 3113 536 3173 unis
549 3134 618 3174 cum
633 3112 718 3173 vario
731 3122 761 3173 et
777 3132 935 3173 numeroso
948 3113 1046 3172 omnis
1058 3114 1177 3195 generis
1191 3133 1272 3175 com·

16 3243 29 3268 0
74 3221 174 3271 rnestu
183 3218 213 3271 et
222 3210 315 3270 nobili
326 3220 473 3291 apparatu
481 3209 713 3277 bellico‚secnm
724 3209 756 3270 in
767 3229 908 3270 securum
918 3210 1091 3286 abducunt3
1113 3208 1214 3272 hocut
1227 3212 1273 3272 in·

12 3359 14 3368 .
73 3308 169 3368 notuit
185 3307 343 3388 pontificio
357 3306 501 3368 Genernli
517 3306 611 3381 Oddi,
625 3326 696 3368 cnm
717 3316 847 3387 quatuor
859 3307 991 3369 millibus
1005 3308 1138 3389 peditum
1160 3315 1190 3368 et
1205 3327 1272 3368 sex·

73 3403 456 3485 centisomuinceqnitibns
465 3402 606 3483 omnique
616 3403 765 3465 instructu
776 3404 891 3465 Montio
899 3403 1016 3466 deserti
1027 3403 1106 3465 ultro
1116 3404 1271 3465 obsidione

74 3500 251 3573 retrocessit,
276 3501 365 3583 cujus
387 3500 516 3583 vestigia
538 3499 557 3561 b
575 3510 661 3583 tergo
683 3520 821 3581 premens
841 3520 911 3561 oum
932 3501 994 3561 suis
1020 3501 1134 3563 Strozzi
1161 3510 1272 3582 praeter

72 3599 217 3680 plurimos
229 3619 323 3661 caesos
332 3609 363 3660 et
372 3606 476 3679 captos
490 3596 596 3659 decem
609 3597 780 3680 cepiteneos
792 3597 961 3679 multosque
978 3598 1119 3660 officiales
1134 3598 1272 3670 abduxit,

12 3678 19 3708 '⁵
73 3718 123 3757 sex
136 3696 258 3777 insuper
270 3696 385 3777 mejors
394 3704 544 3758 tormento
553 3704 585 3756 et
593 3694 728 3776 quinque
741 3694 814 3756 clius
828 3694 982 3757 machinas
993 3696 1112 3779 ignibus
1120 3695 1272 3777 jaciendis

647 3794 664 3852 3
680 3814 697 3853 r
