3225 4700
474 368 876 437 ITINERARIUM.
1212 374 1268 439 161

67 515 250 599 Episcopus
262 517 321 580 loci
333 538 411 600 pene
421 518 503 581 eolus
515 519 594 582 inter
603 519 748 603 primores
757 540 828 584 cnm
837 520 920 585 mille
930 521 1006 585 forte
1014 522 1130 585 civibus
1139 522 1271 606 periculo

66 623 292 692 seopportune
305 615 427 676 exemit.
1236 665 1241 675 ·

113 706 301 790 Stiglinnum
318 710 462 772 nrbeculn
478 710 610 794 elegans,
627 712 681 773 sed
697 732 757 774 non
773 732 868 795 nsque
885 714 960 775 odeo
975 712 1128 797 populoso,
1144 715 1268 777 omnino

68 802 114 863 sd
126 812 220 864 terres
233 814 347 867 motum
361 806 484 883 corruit,
499 808 645 889 templum
659 828 730 869 vero
742 809 782 870 od
795 810 877 889 quod
893 830 925 871 se
941 810 1095 892 potissime
1111 810 1267 874 hominum

68 918 145 979 pure
157 898 321 982 collegerat
332 900 417 962 histn
429 910 517 964 terrm
530 902 620 964 simul
633 924 670 965 ne
683 904 776 965 semel
788 906 979 987 absumptum
993 916 1049 983 est,
1063 906 1105 969 itn
1117 908 1216 969 utrix
1229 928 1266 970 ex

68 995 161 1055 omni
182 995 302 1057 ciritnte
325 997 449 1059 ducenti
469 997 604 1060 homines
621 1019 683 1061 une
699 1020 770 1062 oum
788 1001 997 1063 Gubernatore
1016 1003 1097 1065 urbis
1117 1003 1149 1065 in
1166 1013 1266 1067 tutum

70 1086 179 1151 locum
192 1092 351 1154 evenerint.

114 1186 273 1268 Oppidum
288 1188 321 1251 Β.
336 1188 433 1251 Blasii
450 1190 649 1272 amplitudine
662 1201 693 1253 et
706 1191 739 1253 in
756 1190 890 1253 colurum
909 1192 1103 1256 multitudine
1118 1214 1182 1276 pros
1199 1194 1267 1258 reli-

68 1284 141 1361 quis
154 1284 324 1359 uisendum,
338 1286 502 1366 plurimum
515 1306 635 1367 possum
645 1298 689 1349 est
697 1308 735 1350 ex
744 1286 801 1348 heo
813 1296 900 1349 terrae
910 1288 1114 1364 concussione,
1125 1292 1207 1371 quod
1216 1290 1265 1353 vel

67 1380 145 1441 inde
157 1379 300 1462 colligere
312 1380 394 1457 lieet,
408 1382 549 1463 quonium
562 1384 783 1466 quadringenta
795 1382 884 1445 facile
897 1385 995 1466 capite
1008 1383 1039 1445 iu
1053 1406 1090 1447 eo
1102 1388 1263 1469 perierunt.

112 1476 147 1537 S.
162 1475 339 1557 Euphemiae
357 1479 499 1561 oppidum
514 1478 554 1540 ed
567 1480 682 1560 equites
695 1480 870 1543 Melitenses
886 1482 1046 1563 pertinens,
1065 1482 1109 1545 ite
1124 1483 1264 1545 extermi-

68 1582 177 1633 notnm
190 1582 236 1634 est
248 1573 377 1654 penitus,
387 1582 422 1635 ut
430 1594 487 1635 nee
495 1574 580 1636 loeus
588 1576 641 1637 ubi
652 1585 721 1637 onte
733 1576 791 1637 hnc
804 1578 946 1653 substitit,
957 1578 1094 1660 dignosci
1108 1579 1263 1641 commode

68 1677 171 1748 quent.
216 1669 278 1730 Sed
299 1680 330 1730 et
347 1690 434 1750 eque
453 1691 535 1732 nuuc
553 1670 638 1732 illino
658 1672 900 1754 preterlabente·
920 1672 1041 1734 ebluere
1062 1693 1182 1736 omnem
1203 1675 1263 1736 looi

67 1764 246 1826 memorium
260 1765 338 1827 velle
350 1766 501 1829 videntur.

111 1862 270 1925 Nnclierin
280 1884 400 1946 quoque
415 1867 455 1927 ed
470 1865 591 1928 eosdem
603 1863 780 1947 jamdictos
795 1866 910 1948 equites
925 1872 1062 1947 spectans
1080 1866 1199 1947 penitus
1214 1866 1262 1927 in·

68 1960 205 2021 tercidit

115 2054 302 2116 Bisininnum
316 2056 359 2117 ite
370 2076 549 2119 concussum
562 2068 607 2121 est
616 2058 635 2120 l
643 2066 731 2120 terroe
744 2058 945 2121 commotione
959 2066 994 2119 ut
1005 2055 1112 2119 iucolre
1126 2057 1260 2141 egminn-

68 2152 129 2214 tim
149 2171 181 2212 ee
197 2151 267 2213 inde
284 2153 435 2234 proripere
449 2174 568 2215 summo
587 2175 656 2216 cum
675 2155 865 2218 festinmione
886 2154 947 2217 siut
967 2152 1074 2228 coacti,
1095 2174 1152 2216 nec
1169 2153 1259 2215 hodie

68 2247 194 2328 quidem
207 2248 337 2309 nudennt
348 2250 489 2331 pristinos
501 2251 587 2313 sedes
599 2260 742 2332 repetere,
760 2249 902 2332 quonism
915 2259 996 2313 terre
1007 2249 1046 2310 eb
1059 2248 1179 2329 incepto
1191 2245 1260 2308 lror-

67 2365 136 2406 rore
149 2365 184 2406 ne
196 2344 395 2426 trepidatione
407 2347 538 2409 necdum
552 2347 691 2429 quiescit.

109 2440 243 2503 Onthnce
259 2442 365 2503 ciuitas
379 2461 485 2524 perum
502 2443 637 2524 quidem,
655 2464 715 2525 qno
732 2445 773 2506 sd
790 2443 892 2505 rnines
909 2441 1031 2517 oedinm,
1052 2439 1156 2504 domni
1174 2457 1260 2520 posen

66 2547 125 2611 est,
145 2537 269 2621 triginta
288 2547 387 2600 tomen
408 2537 544 2601 homines
562 2549 642 2602 terre
660 2542 791 2617 obrutos,
812 2538 896 2601 velut
914 2557 1038 2600 censum
1056 2557 1109 2600 seu
1126 2535 1258 2599 decimes

67 2633 201 2695 obstulit.

109 2726 271 2788 Guifoleon
285 2725 391 2788 ciritns
403 2747 474 2790 cum
485 2727 624 2791 omnibus
637 2747 706 2810 qnos
719 2727 759 2790 od
772 2747 839 2790 enm
853 2735 987 2810 spectant
1004 2727 1085 2788 intre
1100 2733 1209 2787 terrum
1223 2741 1254 2784 se

67 2822 214 2884 condidit.

107 2913 276 2997 Stnngrioli
292 2914 325 2975 in
346 2915 472 2978 editiore
490 2925 593 2978 monte
610 2917 668 2978 sits
682 2915 790 2978 ciritns
806 2915 826 2977 d
843 2914 1036 2977 concussione
1054 2921 1139 2976 terrre
1159 2911 1254 2974 libere

65 3031 129 3072 esee
142 3029 202 3070 non
215 3010 323 3090 potnit,
336 3031 428 3092 qnnm
440 3020 540 3073 temen
554 3011 748 3074 tolerabiliter
760 3011 863 3073 sensit.

106 3107 317 3168 Umbreticnm
329 3107 401 3170 urbe
413 3107 514 3170 medin
525 3107 574 3170 sni
586 3116 670 3190 purte
682 3127 754 3170 cnm
766 3105 891 3189 triginta
902 3105 1024 3168 omnino
1036 3103 1207 3167 hominibus
1220 3103 1252 3165 in

63 3213 173 3265 terram
184 3203 308 3264 corruit·

102 3299 219 3380 Meydo
227 3297 366 3360 similiter
374 3298 414 3361 nd
423 3299 613 3361 medietatem
620 3319 690 3360 cum
698 3297 803 3360 decem
814 3296 986 3360 hominibus
994 3297 1013 3360 l
1021 3294 1249 3359 terreriolenter

66 3396 187 3476 abrepto
198 3402 253 3456 est
296 3393 359 3456 Sed
378 3403 408 3456 et
428 3413 489 3456 non
505 3393 611 3476 procul
625 3393 698 3455 inde
712 3413 751 3455 ex
766 3392 891 3454 immuni
910 3391 994 3454 hictu
1013 3412 1066 3454 seu
1083 3391 1162 3453 rictu
1178 3409 1251 3452 sere

65 3489 203 3572 stupendi
221 3489 363 3570 ponderis
377 3490 410 3551 in
425 3489 585 3551 numerosi
601 3488 767 3570 quentitnte
781 3497 883 3570 egesto
898 3496 978 3565 suut,
997 3497 1087 3569 etque
1104 3489 1144 3550 ed
1162 3487 1250 3570 pluro

64 3585 201 3648 milliario
213 3605 275 3648 uon
287 3605 398 3668 mngno
409 3585 608 3669 agricolarum
621 3585 701 3647 bono
713 3583 868 3646 hincinde
881 3583 913 3645 in
923 3603 1012 3667 egros
1020 3593 1051 3646 et
1062 3593 1149 3666 prote
1157 3584 1249 3645 disse·

66 3682 184 3757 minen,
197 3681 279 3744 unde
291 3679 445 3764 fl'ugileroe
458 3690 546 3744 terre
558 3699 619 3744 uon
632 3699 740 3762 porum
752 3680 936 3747 incommodi
949 3689 1168 3763 persenserunt.

661 3796 681 3836 r
