3225 4700
492 330 519 400 1
522 329 580 402 TI
583 329 806 405 Narrant
814 332 902 403 UM.
1235 336 1296 405 loa

76 484 196 559 ducta,
211 504 341 568 cumque
354 485 488 563 omniuo,
500 487 632 569 exceptis
644 488 778 571 puru'bus
791 488 1010 563 secretioribus,
1019 488 1124 562 fuisset
1135 489 1297 569 denudata,

78 594 116 643 et
139 583 175 643 in
195 584 359 664 equuleum
377 592 510 660 extensa,
528 585 606 646 inter
625 586 724 668 prima
738 594 888 648 tormenta
906 585 951 646 nil
965 587 1128 667 quicquam
1148 598 1194 651 est
1209 591 1296 670 fessa,

80 699 163 741 cum
178 690 279 742 autem
295 681 336 742 ed
348 680 501 764 graviores
516 701 620 764 peenas
632 691 709 746 seret
724 684 913 756 deducenda,
927 684 1085 765 deprecata
1095 694 1150 759 est,
1164 696 1196 747 et
1204 685 1297 748 libert

83 797 121 837 se
132 776 269 839 daemoni
283 777 345 841 fide
355 778 528 840 obstrictam
541 780 628 855 dixit,
642 800 771 861 curaque
785 800 821 841 eo
829 800 908 862 stepo
921 780 1030 861 sepius
1038 782 1233 845 concubuisse
1242 784 1298 844 sub

85 874 196 953 specie
210 873 302 950 virili,
316 874 467 957 simulque
484 875 646 957 complices
663 896 826 958 earumque
842 876 976 938 facinora
994 879 1121 958 aperuit.
1163 878 1213 940 Ob
1229 899 1298 960 qua

86 989 201 1031 omnes
214 970 255 1031 ed
268 984 396 1033 mortem
407 972 556 1034 damnata
569 973 751 1056 supplicium
765 994 820 1054 pro
831 974 939 1035 merito
951 974 1082 1036 luerunt.

135 1064 239 1128 Tertii
258 1066 400 1129 Jauuarii
423 1067 591 1132 Dominum
610 1090 714 1131 versus
733 1070 930 1151 perreximus,
951 1071 1106 1134 Gallassue
1125 1072 1197 1133 verb
1219 1073 1300 1133 Neo·

87 1162 374 1246 brandenburgam,
395 1174 430 1227 ut
449 1166 521 1227 iude
543 1166 776 1227 Anclavieusem
799 1165 997 1241 obsidionem,
1021 1186 1089 1247 quoe
1112 1168 1177 1229 sine
1198 1168 1300 1230 fructu

90 1260 339 1333 continuabatur,
359 1260 496 1338 solveret,
518 1283 556 1324 ne
575 1263 661 1324 miles
680 1262 748 1344 plus
768 1262 840 1323 iude
860 1262 963 1324 damni
982 1263 1075 1345 quam
1095 1265 1300 1338 emolumenti,

89 1356 203 1419 edules
209 1357 276 1438 jam
288 1356 408 1438 hyeme,
419 1368 547 1439 caperet.
584 1359 623 1419 Iu
636 1359 743 1423 itinere
755 1358 814 1419 hoc
828 1358 991 1441 plurimum
1004 1361 1075 1442 equi
1088 1362 1183 1423 nostri
1196 1362 1300 1424 defici·

93 1464 166 1515 ente
187 1454 307 1535 pabulo,
326 1454 369 1517 ita
388 1464 422 1517 ut
441 1476 479 1517 ne
499 1466 661 1518 stramenta
681 1456 805 1537 quidem
824 1456 910 1536 equis
926 1456 1098 1521 reficiendis
1116 1458 1298 1535 sufficerent,

94 1552 178 1631 paeri
196 1562 276 1613 sunt.
318 1552 493 1615 Accedebat
510 1553 607 1636 frigus
624 1552 867 1626 intensissimum,
883 1553 960 1614 adeo
977 1555 1108 1617 militum
1125 1556 1301 1638 corporibus

94 1647 234 1722 noxium,
249 1657 284 1709 ut
296 1649 433 1710 nonnulli
446 1650 547 1711 statim
560 1649 754 1711 conciderent
767 1650 887 1710 mortui.
921 1651 975 1711 Ad
989 1650 1119 1731 Preslyn
1134 1652 1186 1712 ubi
1200 1652 1300 1724 Quar·

95 1746 209 1805 terium
220 1743 269 1826 (ut
277 1747 399 1823 vocant)
409 1745 574 1827 principale
586 1755 651 1807 eret
662 1766 732 1807 cum
744 1746 872 1807 biduum
884 1745 1126 1820 substitissemus,
1136 1748 1215 1808 iuter
1225 1748 1301 1808 offi-

97 1840 192 1901 ciales
207 1841 362 1922 plerosque
377 1842 565 1923 aliquantum
582 1842 796 1904 tumultuatum
812 1850 868 1915 est,
881 1842 966 1923 quod
978 1842 1064 1902 bonis
1079 1851 1195 1902 tentum
1210 1841 1301 1904 lucta·

99 1946 207 1997 rentur
213 1938 324 2013 verbis,
335 1958 391 2000 nec
404 1939 447 2000 rei
461 1940 641 2019 pecuniarias
652 1939 820 2021 quidquam
834 1938 891 1999 sibi
901 1946 954 2000 aut
965 1936 1056 1999 mrliti
1069 1936 1211 2000 exhausto
1224 1942 1301 2019 pene

99 2034 223 2095 etnudu
231 2034 363 2096 daretur.
385 2035 566 2097 Movebatur
574 2038 694 2119 quoque
702 2056 763 2096 uon
772 2036 907 2097 obscuris
914 2034 1301 2097 sermonibusGeneralium

100 2131 291 2211 quorundam
304 2132 456 2213 iniquitas,
470 2133 524 2212 qui
538 2153 597 2208 eos,
609 2134 718 2214 quibus
732 2133 807 2194 bene
821 2132 934 2194 vellent
946 2132 986 2193 ad
1001 2132 1218 2213 Imperatorem
1232 2132 1302 2194 reli·

101 2246 236 2307 quosque
248 2228 408 2309 Principes
417 2228 569 2289 mitterent
578 2227 702 2290 nuncios
712 2238 951 2311 expugnatarum
965 2229 984 2290 b
996 2248 1028 2289 se
1041 2228 1172 2303 urbium,
1186 2237 1221 2289 ut
1233 2250 1300 2291 eam

102 2343 171 2405 quae
181 2322 272 2386 militi
281 2324 439 2387 deberetur
448 2326 617 2387 mercedem
628 2325 836 2408 anticiparent,
848 2325 934 2386 miles
947 2324 1078 2401 interim,
1090 2326 1144 2407 qui
1156 2324 1303 2403 laborem,

103 2421 281 2504 sanguinem
293 2431 325 2482 et
333 2422 427 2484 vitam
439 2422 630 2504 exposuisset,
642 2433 750 2503 praeter
763 2423 897 2484 miserias
910 2432 941 2483 et
952 2422 1080 2484 vulnera
1089 2422 1133 2482 nil
1145 2423 1301 2485 obtineret.

104 2518 296 2598 Responsum
314 2526 369 2592 est,
389 2538 425 2580 ea
442 2538 524 2579 nunc
544 2539 607 2580 esse
625 2529 770 2601 tempora,
789 2519 900 2600 quibus
918 2519 990 2581 satis
1006 2518 1074 2579 lieri
1090 2519 1228 2579 omnibus
1241 2538 1301 2581 non

104 2623 214 2695 posset,
229 2615 254 2676 si
272 2615 453 2697 quandoque
474 2635 537 2677 sors
554 2615 660 2677 melior
675 2616 802 2678 afflasset
816 2616 987 2698 imperium,
1002 2615 1065 2676 fore
1083 2615 1188 2696 utiquc
1202 2624 1235 2676 ut
1247 2637 1302 2699 pro

105 2711 295 2794 singulorum
309 2711 481 2774 conditione
496 2711 621 2793 praemiu
637 2710 734 2774 cuivis
751 2713 994 2775 decernerentur.

148 2807 251 2870 Iberni
270 2808 363 2870 nerui
381 2828 435 2870 sua
455 2809 590 2889 hyberna
609 2807 822 2891 Meebleburgi
838 2817 1033 2889 acceperuntt
1058 2807 1150 2870 dietat
1168 2808 1305 2871 Mechle-

106 2905 236 2986 burgum
254 2901 315 2965 non
334 2903 394 2965 nisi
410 2903 484 2965 bord
496 2903 668 2980 Wismsrio,
687 2906 766 2968 unde
783 2904 886 2966 Duces
904 2904 1188 2986 Mechleburgenseu
1204 2910 1303 2968 ortum

108 3021 195 3062 suum
208 3009 238 3061 ct
251 3019 361 3061 nomen
374 3000 516 3061 trahuntt
533 3009 692 3062 tenuerant
704 3021 774 3062 cum
787 3001 888 3062 locum
898 3021 959 3060 non
973 3000 1068 3061 multb
1079 3009 1147 3060 ante
1160 3001 1219 3061 tria
1229 3001 1304 3063 Sue·

108 3116 212 3158 corum
227 3096 334 3172 millia,
350 3098 404 3159 sed
421 3097 441 3158 b
459 3096 757 3159 Neoclaustrensibus
774 3117 871 3180 nuper
887 3097 987 3159 obruti
1005 3096 1190 3177 dispersique
1207 3109 1303 3175 erunt,

108 3194 337 3274 eripuerautque
349 3213 451 3254 omnes
464 3195 557 3275 prope
568 3194 670 3275 Equoe
682 3215 753 3256 curn
764 3194 996 3276 impedimentis.
1032 3192 1094 3254 Die
1107 3193 1211 3274 quinti
1223 3195 1304 3256 deci·

110 3288 160 3350 md
171 3290 195 3352 J
195 3290 312 3351 anuurfi
326 3289 485 3351 Generalis
495 3290 626 3352 Brcdarr
638 3311 708 3352 eam
721 3291 829 3352 turmis
841 3290 957 3370 eliqaot
971 3291 1117 3371 Equitum
1129 3289 1162 3349 iu
1175 3290 1305 3352 insulam

111 3388 183 3468 Pyll
201 3388 344 3462 excurrit,
358 3387 410 3448 sed
428 3386 544 3448 amissis
561 3387 676 3469 aliquot
688 3388 720 3449 in
739 3388 826 3468 aquis
839 3388 989 3467 equitibus
1005 3388 1070 3447 sinc
1087 3387 1187 3449 fructu
1203 3389 1304 3450 rediit.

112 3485 183 3546 Non
199 3485 295 3546 multb
315 3492 382 3564 post
402 3483 508 3544 eodem
530 3483 636 3545 missus
652 3494 698 3546 est
717 3505 787 3546 cum
804 3483 1005 3546 selectiseimis
1023 3483 1202 3565 Dragonum
1215 3485 1306 3547 Golo-

111 3580 206 3642 uellus
218 3581 328 3655 Troan,
339 3589 373 3641 ut
386 3579 410 3640 ri
425 3579 500 3661 quid
513 3579 576 3640 illic
590 3589 772 3642 commeatus
784 3581 925 3662 reperiret
938 3580 978 3641 ad
991 3589 1091 3641 nostra
1102 3590 1199 3641 csstm
1212 3581 1306 3642 dedu·

7 3675 9 3692 '
113 3687 201 3753 cerat,
214 3677 270 3740 sed
282 3677 377 3739 seriis
391 3676 485 3751 venit,
493 3678 560 3758 jem
572 3677 654 3738 enim
664 3679 702 3738 ab
713 3677 892 3741 adversariis
903 3676 1005 3740 omniu
1016 3683 1169 3757 exportata
1176 3675 1306 3754 fucrant,
