3225 4700
339 339 405 404 366
735 337 758 403 I
765 334 1044 403 TINERARI
1052 335 1139 401 Um.

341 511 453 574 greren
467 493 637 565 dissidium,
652 494 735 555 unde
747 503 814 575 post
826 495 918 554 verba
931 494 970 555 ad
983 494 1107 554 verbera
1116 490 1287 563 transitum,
1299 509 1334 550 ac
1348 508 1423 548 mox
1435 485 1483 546 ad
1502 486 1558 546 fer·
1582 535 1583 590 p

342 610 408 650 rum
423 589 594 650 decursum.
637 591 688 652 Fit
700 591 816 652 subitus
830 591 908 652 inter
922 591 1064 651 convivas
1079 601 1189 659 motus,
1203 587 1257 669 qui
1270 595 1440 647 accurrunt
1457 595 1498 643 ut
1510 584 1557 642 vel
1582 591 1583 668 j

341 684 494 767 litigantes
507 698 698 767 componant,
715 687 761 748 vel
774 688 806 747 iu
821 685 1016 768 opportunius
1029 696 1147 766 tempus
1158 683 1352 745 dissensionis
1362 681 1555 742 dilationem

340 783 548 861 persuadeant,
565 784 647 863 quod
665 784 739 844 dum
757 784 874 845 facium
886 783 948 857 aiii,
962 801 1032 843 ecce
1048 781 1114 852 tibi,
1130 779 1374 862 Sangershausen
1391 776 1554 838 colonelli

339 877 543 939 locumtenens
562 879 697 959 partibus
717 879 944 961 Wiehgrevenii
965 879 1088 940 omnino
1106 877 1275 958 importune
1296 875 1436 935 accedit:
1473 873 1553 953 quid

340 973 389 1035 hle
400 976 512 1036 faceret
526 975 634 1038 Senior
654 975 878 1058 Kniplrausenl
898 977 1005 1037 videns
1020 975 1085 1037 filio
1103 995 1157 1036 suo
1172 976 1238 1056 jam
1255 993 1324 1034 cum
1343 973 1471 1033 duobus
1495 971 1551 1030 im·

340 1092 395 1153 par
408 1092 471 1134 esse
484 1073 650 1155 negotium,
663 1095 700 1134 ne
709 1073 846 1154 pluribus
861 1074 1037 1134 succumbat
1048 1071 1192 1145 hostibus,
1203 1069 1259 1130 filii
1272 1079 1370 1151 partes
1383 1069 1549 1149 sequitur:

340 1168 428 1249 cujus
447 1169 557 1249 partim
577 1171 765 1242 auctoritate,
779 1170 889 1252 partim
911 1169 1038 1230 aliorum
1057 1169 1125 1230 istic
1144 1167 1337 1248 presentium
1356 1167 1547 1237 reverentia,

338 1265 472 1347 litigium
485 1265 589 1347 aliquo
603 1267 693 1326 modo
707 1265 813 1328 saltem
824 1267 863 1327 ad
877 1266 1007 1347 speciem
1021 1265 1219 1346 compositum
1228 1275 1292 1326 est:
1313 1263 1415 1344 quoad
1433 1262 1546 1324 wieh-

340 1362 500 1443 grevenius
512 1363 589 1424 iram
602 1363 789 1444 aliquamdiu
803 1383 945 1445 pressam,
961 1373 1062 1424 tenere
1078 1363 1193 1424 diutius
1206 1361 1287 1422 haud
1301 1371 1419 1442 potens,
1434 1360 1546 1421 exino-

339 1460 442 1539 pinato
463 1459 493 1520 iu
518 1459 708 1521 Colonellum
730 1461 885 1542 proprium
907 1479 1030 1520 manum
1050 1459 1181 1533 strinxit,
1202 1469 1232 1520 et
1254 1458 1387 1539 impacto
1408 1457 1543 1538 colapho

340 1555 539 1637 ignominiose
552 1556 672 1618 cecidit.
715 1556 816 1628 Quam
834 1557 976 1638 iujuriam
995 1557 1013 1618 a
1031 1556 1152 1617 subdito
1170 1555 1227 1616 sibi
1244 1555 1340 1616 milite
1357 1576 1420 1615 non
1439 1555 1544 1616 serena

339 1651 523 1729 Colouellus,
543 1654 653 1714 educto
671 1652 773 1735 gladio
787 1652 1057 1734 Wichgrerenium
1075 1653 1180 1713 eodem
1194 1671 1253 1731 quo
1272 1653 1368 1712 stabat
1381 1651 1451 1712 loco
1465 1671 1542 1713 con-

339 1747 424 1809 fodit.
466 1748 563 1832 Cujus
573 1770 694 1810 causam
704 1750 778 1810 dum
788 1750 841 1811 alii
851 1761 881 1811 et
890 1749 1038 1830 imprimis
1048 1749 1302 1830 Saugershausen,
1313 1769 1397 1810 suam
1408 1750 1540 1820 faciunt,

339 1846 379 1906 ad
387 1865 472 1906 arma
484 1846 611 1926 quisque
624 1867 680 1907 sua
692 1847 793 1908 denuo
806 1845 957 1915 convolat,
971 1845 1020 1907 vel
1034 1856 1067 1906 ut
1080 1867 1112 1906 ae
1126 1857 1229 1908 contra
1241 1847 1387 1928 impetum
1402 1857 1538 1918 tueatur,

339 1943 387 2004 vel
402 1954 436 2005 ut
447 1953 551 2004 contra
560 1943 674 2005 hostem
689 1955 812 2026 pugnet.
842 1943 965 2014 Caesim,
975 1944 1166 2024 punctimque
1178 1943 1312 2004 variares
1323 1943 1457 2026 geritur;
1482 1965 1539 2004 nec

339 2049 408 2100 ante
422 2040 611 2119 componitur
622 2060 713 2120 quam
731 2038 819 2100 multi
841 2040 930 2100 etiam
950 2039 1125 2100 innocentes
1141 2038 1378 2101 vulnerarentur.
1422 2039 1538 2101 Nullus

339 2147 437 2198 tamen
451 2145 561 2216 prater
575 2136 818 2218 Saugershauseu
833 2135 941 2196 lethale
950 2135 1060 2196 vulnus
1074 2136 1177 2207 sensit,
1190 2137 1243 2216 qui
1254 2135 1333 2196 solua
1346 2156 1400 2216 per
1410 2136 1538 2198 vulnera
1582 2127 1583 2130 ¹

339 2231 432 2293 vitam
448 2231 592 2313 proludit,
613 2252 673 2293 non
693 2232 789 2293 multo
806 2242 873 2312 post
887 2251 996 2314 pugnae
1015 2231 1140 2292 exitum.
1177 2230 1351 2293 Tumultnm
1368 2232 1452 2294 huuc
1466 2253 1537 2314 gra·

340 2327 461 2391 vissime
473 2329 567 2389 sensit
580 2327 790 2411 Magistratus,
800 2336 889 2409 atque
901 2327 1025 2403 idcirco,
1035 2347 1074 2389 ne
1087 2328 1210 2410 impune
1220 2329 1273 2391 illa
1283 2329 1442 2392 insolentia
1452 2331 1536 2392 abire

338 2427 572 2506 permitteretur,
582 2426 843 2486 commendantem
856 2446 944 2486 suum
955 2418 1152 2505 Kniphausen
1161 2438 1273 2488 arresto
1287 2427 1414 2489 detineri
1425 2427 1534 2489 voluit:

338 2522 391 2604 qui
405 2523 475 2584 data
491 2522 563 2598 fide,
584 2533 614 2584 et
627 2522 722 2583 nobili
738 2543 793 2584 auo
806 2522 981 2603 interposito
994 2523 1116 2598 honore,
1131 2525 1284 2605 pollicitus
1299 2534 1352 2601 est,
1366 2546 1398 2587 se
1411 2528 1535 2587 civitate

338 2628 407 2681 aute
421 2639 482 2680 non
496 2639 696 2694 excessurum,
711 2620 770 2680 uisi
785 2620 908 2701 cognita
921 2638 1020 2693 causa,
1036 2630 1065 2681 et
1078 2640 1132 2701 pro
1142 2621 1287 2683 alterutra
1299 2632 1383 2703 parte
1396 2622 1457 2684 lata
1467 2644 1534 2685 sen-

339 2717 444 2779 tentia.

379 2814 519 2875 Exeuute
531 2814 589 2875 hoc
607 2816 712 2875 eodem
726 2834 806 2875 anno
825 2814 1062 2876 M.DC.XLII.
1086 2814 1178 2877 Hassi
1200 2836 1237 2877 ex
1255 2816 1418 2899 improviso
1438 2818 1532 2879 adorti

337 2922 408 2972 suut
425 2931 525 2973 arcem
545 2912 714 2993 Frensberg
729 2912 760 2972 in
777 2910 1046 2993 Archiepiscopatn
1061 2911 1231 2974 Treviranai
1249 2915 1337 2975 sitam
1357 2934 1393 2976 ac
1408 2914 1533 2977 feliciter

337 3018 534 3090 occuparunt.
578 3009 616 3069 In
630 3028 691 3089 qua
702 3028 845 3091 magma
859 3008 1001 3070 frumenti
1012 3009 1074 3071 vim
1083 3022 1266 3091 repererunt,
1281 3012 1449 3093 multasque
1459 3014 1529 3075 alias

338 3124 409 3184 opes
425 3105 593 3167 securitatis
608 3124 700 3166 causa
716 3103 790 3165 illtlc
809 3114 1040 3185 transportatas:
1060 3107 1164 3168 eodem
1183 3118 1315 3188 tempore
1329 3121 1359 3170 et
1377 3110 1527 3192 Satrapam

339 3200 409 3275 loci,
425 3202 523 3262 virum
540 3202 670 3262 nobilem
681 3203 720 3263 de
736 3201 994 3283 Hullingshausen
1005 3203 1157 3283 captivum
1173 3206 1374 3278 abduxerunt,
1387 3228 1442 3270 nec
1456 3210 1529 3270 mul-

339 3300 404 3356 tum
422 3301 556 3359 cunctati
574 3298 833 3380 Hachenburgum
850 3300 1010 3379 progressi,
1028 3310 1059 3361 at
1080 3300 1190 3365 inlecto
1205 3324 1274 3365 mox
1292 3317 1402 3368 conatu
1424 3308 1528 3367 reversi

341 3404 420 3453 suut.

380 3488 442 3551 Sed
463 3499 493 3551 et
510 3491 582 3552 alibi
604 3492 797 3575 Triburgum,
813 3514 865 3553 arx
882 3494 991 3555 nobilis
1004 3504 1035 3556 et
1052 3497 1178 3571 munita,
1193 3498 1289 3560 tribus
1303 3500 1427 3560 omnino
1440 3501 1526 3563 leucis

341 3586 491 3669 Friburgo
511 3588 624 3664 dissita,
646 3589 703 3651 hoc
720 3591 782 3653 fere
801 3603 1010 3675 stratagemate
1029 3604 1175 3676 occupata
1194 3606 1250 3657 est.
1294 3598 1525 3679 Approximabat

342 3681 459 3745 Natalis
476 3685 611 3761 Domini,
623 3707 683 3766 quo
696 3709 776 3751 more
791 3690 939 3753 catholico
950 3690 1113 3753 Christiani
1128 3694 1229 3773 pietati
1241 3694 1404 3774 impensius
1415 3708 1523 3767 vacant,
