3225 4700
762 530 970 636 t⁴13*-
1015 504 1170 613 93⁹¹
1217 551 1218 554 ‘
1400 523 1559 633 '²1²
1820 504 1957 607 ³1²¹
2150 553 2305 629 4²⁴²
2388 553 2389 556 ‘
2525 517 2709 602 ’ἶς’
2917 603 2985 618 ‚

1570 811 1636 885 C
1651 811 1720 885 A
1732 811 1792 887 P
1809 810 1880 885 U
1894 810 1959 886 Τ
2029 810 2087 886 L
2103 810 2198 887 X.

1276 961 1383 1029 De
1407 960 1586 1028 rebus
1609 963 1802 1050 gestis
1830 960 1919 1027 ad
1950 958 2478 1045 Wolfenbuthnm.

727 1237 751 1301 ἱ,
839 1305 843 1313 Ι
1164 1209 1180 1273 ἶ
1254 1242 1401 1305 pora
1439 1221 1751 1304 negotium
1790 1220 2035 1283 omnino
2069 1240 2383 1301 operosum
2423 1228 2485 1280 et
2513 1219 2766 1281 minime
2801 1230 3107 1301 opportu-

1062 1362 1063 1365 ,
1055 1297 1192 1402 [ἐξ
1255 1339 1424 1430 num,
1451 1318 1695 1399 quando
1721 1314 2288 1379 Wolfenbuthanam
2309 1315 2678 1377 obsidionem
2704 1315 2921 1376 moliti
2944 1326 3107 1375 sunt.

698 1570 1001 1688 receperat
1026 1605 1357 1691 defensioni
1382 1607 1657 1683 militem,
1685 1607 1787 1669 cui
1814 1627 1955 1668 cum
1982 1605 2234 1687 imperio
2253 1604 2571 1685 praefectns
2589 1604 2786 1666 fuerat
2816 1604 3102 1666 Rausch-

698 1703 1021 1785 enbergius
1048 1702 1142 1764 vir
1168 1702 1416 1765 consilio
1442 1713 1503 1765 et
1528 1704 1710 1765 armis
1735 1702 2229 1784 promptissimus.
2284 1700 2467 1772 Quod
2492 1702 2604 1763 etsi
2633 1701 3101 1784 Lunebnrgicos

699 1820 820 1861 non
844 1799 1086 1871 latebat,
1115 1800 1414 1863 desiderio
1441 1809 1640 1862 tamen
1659 1798 2103 1881 recuperandoe
2137 1798 2533 1861 haereditarioe
2568 1797 2820 1859 ditionis
2856 1798 3097 1859 accensi

700 1896 1071 1958 obsidionem
1108 1896 1354 1957 omnino
1384 1898 1859 1979 prosequendam
1896 1905 2024 1958 toto
2056 1904 2278 1957 conatu
2313 1902 2632 1978 putarunt:
2684 1894 3096 1957 existimantes

704 1992 870 2054 tanto
906 1992 1198 2075 gloriosus
1236 1992 1362 2054 fore
1395 1992 1658 2067 vincere,
1699 1992 1925 2074 quanto
1961 1991 2370 2075 gloriosiorem
2402 1991 2563 2053 nacti
2596 1990 2851 2053 fuissent
2884 1991 3094 2052 adver-
3166 2038 3167 2087 ἶ

703 2088 948 2162 sarium,
998 2099 1059 2150 et
1104 2087 1303 2150 locum
1355 2089 1737 2150 munitiorem
1791 2089 2186 2169 suscepissent
2228 2087 2720 2170 expugnandum.
2807 2088 3094 2170 Improbe
3166 2091 3167 2135 3

706 2184 893 2266 igitur
919 2185 1117 2247 labore
1144 2194 1204 2247 et
1229 2184 1527 2247 indefesso
1547 2185 1769 2260 studio,
1793 2185 2036 2246 mutatis
2057 2185 2360 2247 interdum
2383 2184 2759 2261 stationibus,
2778 2194 2843 2246 et
2859 2183 3092 2268 partitis

709 2277 772 2338 in
800 2278 999 2361 plures
1023 2279 1319 2343 laboribus
1336 2279 1480 2341 illuc
1502 2300 1690 2363 usque
1708 2282 2013 2365 negotium
2036 2282 2462 2363 perduxerunt,
2486 2288 2555 2341 ut
2575 2300 2868 2362 aquarum
2887 2279 3089 2340 illuvie

707 2384 897 2437 totum
922 2388 1183 2439 castrum
1204 2378 1533 2454 inundarit,
1560 2379 1711 2441 adeo
1735 2387 1804 2439 ut
1830 2378 2233 2461 praesidiarius
2258 2378 2432 2440 miles
2456 2398 2577 2438 non
2604 2377 2722 2438 nisi
2742 2377 2807 2438 in
2827 2377 3086 2439 editiori-

708 2472 819 2532 bus
844 2472 990 2535 locis
1017 2475 1321 2536 continere
1348 2495 1410 2536 se
1436 2484 1650 2556 posset.
1733 2474 1815 2535 Et
1838 2474 1982 2536 licet
2005 2476 2081 2535 ob
2116 2474 2421 2556 angustias
2446 2472 2831 2535 habitationis
2863 2474 3087 2536 incom-

718 2568 977 2630 modisse
1004 2571 1269 2652 degeret,
1302 2591 1411 2631 nec
1440 2572 1549 2632 diu
1574 2570 1882 2633 videretur
1907 2572 2084 2633 rebus
2108 2571 2197 2633 ita
2221 2570 2512 2632 stantibus
2539 2590 2709 2652 posse
2741 2572 3084 2652 perdurum

716 2664 942 2725 invicta
968 2674 1164 2726 tamen
1194 2666 1475 2746 patientia
1504 2668 1727 2729 ducum
1754 2687 2100 2729 communes
2126 2667 2392 2728 miserias
2417 2686 2558 2727 cum
2593 2667 2871 2749 gregario
2907 2667 3085 2728 milite

716 2759 1137 2841 perferentium
1164 2771 1225 2823 et
1250 2761 1652 2824 obsidentium
1680 2763 1996 2845 praefracta
2020 2763 2271 2824 audacia
2297 2763 2360 2823 in
2387 2762 2709 2844 perniciem
2728 2762 3084 2824 obsessorum

722 2868 843 2917 tam
877 2857 1071 2919 valide
1099 2866 1159 2918 et
1185 2858 1428 2918 cordate
1454 2859 1758 2920 ruentium
1782 2859 2238 2934 existimulabat,
2267 2868 2334 2920 ut
2356 2869 2622 2921 extrema
2649 2860 2845 2940 potius
2869 2860 3084 2942 perpeti

720 2954 1062 3029 resolveret,
1092 2973 1273 3034 quam
1299 2953 1490 3014 furori
1515 2964 1577 3015 et
1603 2954 1928 3016 calamitati
1954 2957 2185 3017 cedere.
2270 2956 2594 3017 Eminebat
2615 2956 2772 3018 inter
2790 2958 3083 3036 praesidia-

722 3051 850 3111 rios'
865 3059 1008 3111 tunc
1037 3050 1186 3111 forte
1225 3051 1300 3111 ab
1336 3050 1523 3111 animi
1560 3050 1911 3112 fortitudine
1938 3072 2246 3132 nunquam
2273 3052 2416 3113 satis
2440 3051 2778 3114 laudandus
2810 3054 3084 3134 equestris

726 3147 1013 3226 manipuli
1058 3146 1347 3208 Centurio
1384 3145 1953 3227 (Immerniichtern,
1997 3167 2100 3208 seu
2138 3146 2382 3208 familioe
2415 3149 2675 3229 proprio,
2703 3168 2807 3209 seu
2849 3149 2885 3208 a
2921 3150 3082 3210 sociis

725 3240 936 3300 affecto
963 3242 1285 3325 agnomine
1314 3243 1708 3319 vocitabatur)
1737 3243 1842 3322 qui
1869 3262 2026 3323 saepe
2053 3244 2270 3324 soepius
2297 3253 2490 3305 castro
2515 3244 2786 3319 emissus,
2806 3265 2909 3326 per
2925 3248 3081 3307 euni-

724 3335 890 3396 culos
927 3356 1380 3417 nonnunquam,
1424 3339 1774 3419 plerumque
1810 3350 2014 3420 aperto
2058 3360 2290 3422 campo,
2335 3339 2650 3401 vellicabat
2693 3339 2935 3417 hostem,
2978 3363 3078 3403 nec

724 3452 992 3512 unquam
1020 3433 1252 3497 redibat
1278 3434 1588 3517 ingloriae,
1617 3434 1764 3514 quin
1784 3434 1883 3496 vel
1901 3437 2168 3516 captivos
2186 3439 2513 3509 reduceret,
2538 3437 2636 3498 vel
2655 3456 2853 3498 ensem
2873 3440 3074 3500 recenti

723 3524 981 3586 hostium
1010 3527 1299 3608 sanguine
1331 3527 1641 3588 rubentem
1669 3526 1931 3588 referret.
1990 3529 2196 3591 Rebus
2220 3531 2381 3593 hunc
2402 3533 2465 3593 in
2486 3533 2734 3595 modum
2763 3535 3072 3596 constitutis

722 3622 1065 3685 metuebant
1100 3622 1288 3705 copiae
1328 3622 1643 3697 Caesareae,
1680 3643 1754 3684 ne
1791 3644 1909 3704 qua
1944 3625 2133 3687 nimia
2169 3630 2518 3692 necessitate
2554 3642 2952 3712 premerentur
2979 3633 3068 3692 ob-
