<?xml version="1.0" encoding="UTF-8"?>
<!DOCTYPE html PUBLIC "-//W3C//DTD XHTML 1.0 Transitional//EN"
    "http://www.w3.org/TR/xhtml1/DTD/xhtml1-transitional.dtd">
<html xmlns="http://www.w3.org/1999/xhtml" xml:lang="en" lang="en">
 <head>
  <title>
</title>
<meta http-equiv="Content-Type" content="text/html;charset=utf-8" />
  <meta name='ocr-system' content='tesseract 3.04.00' />
  <meta name='ocr-capabilities' content='ocr_page ocr_carea ocr_par ocr_line ocrx_word'/>
</head>
<body>
  <div class='ocr_page' id='page_1' title='image "./itinerariumthom00kerngoog_0053.png"; bbox 0 0 3225 4700; ppageno 0'>
   <div class='ocr_carea' id='block_1_1' title="bbox 475 353 1269 424">
    <p class='ocr_par' dir='ltr' id='par_1_1' title="bbox 475 353 1269 424">
     <span class='ocr_line' id='line_1_1' title="bbox 475 353 1269 424; baseline 0.003 -3"><span class='ocrx_word' id='word_1_1' title='bbox 475 353 878 424; x_wconf 77' lang='lat' dir='ltr'><strong><em>ITINERARIUM.</em></strong></span> <span class='ocrx_word' id='word_1_2' title='bbox 1230 357 1269 424; x_wconf 82' lang='lat'><strong>19</strong></span> 
     </span>
    </p>
   </div>
   <div class='ocr_carea' id='block_1_2' title="bbox 78 505 1271 1836">
    <p class='ocr_par' dir='ltr' id='par_1_2' title="bbox 78 505 1271 1836">
     <span class='ocr_line' id='line_1_2' title="bbox 79 505 1270 592; baseline -0.002 -21"><span class='ocrx_word' id='word_1_3' title='bbox 79 509 238 572; x_wconf 79' lang='lat' dir='ltr'><strong>duetorem</strong></span> <span class='ocrx_word' id='word_1_4' title='bbox 259 507 300 570; x_wconf 85' lang='lat' dir='ltr'><strong>ad</strong></span> <span class='ocrx_word' id='word_1_5' title='bbox 320 505 399 568; x_wconf 90' lang='lat' dir='ltr'><strong>latus</strong></span> <span class='ocrx_word' id='word_1_6' title='bbox 420 505 579 583; x_wconf 75' lang='lat' dir='ltr'>habebant,</span> <span class='ocrx_word' id='word_1_7' title='bbox 597 506 798 570; x_wconf 76' lang='lat' dir='ltr'><strong>vestiebantur</strong></span> <span class='ocrx_word' id='word_1_8' title='bbox 819 527 923 570; x_wconf 90' lang='lat' dir='ltr'><strong>omues</strong></span> <span class='ocrx_word' id='word_1_9' title='bbox 939 508 1043 592; x_wconf 89' lang='lat' dir='ltr'><strong>nigris,</strong></span> <span class='ocrx_word' id='word_1_10' title='bbox 1066 507 1216 571; x_wconf 85' lang='lat' dir='ltr'><strong>defluente</strong></span> <span class='ocrx_word' id='word_1_11' title='bbox 1231 527 1270 570; x_wconf 85' lang='lat' dir='ltr'><strong>ex</strong></span> 
     </span>
     <span class='ocr_line' id='line_1_3' title="bbox 80 603 1270 687; baseline 0 -21"><span class='ocrx_word' id='word_1_12' title='bbox 80 605 177 687; x_wconf 86' lang='lat' dir='ltr'><strong>eapite</strong></span> <span class='ocrx_word' id='word_1_13' title='bbox 190 606 223 666; x_wconf 93' lang='lat' dir='ltr'><strong>in</strong></span> <span class='ocrx_word' id='word_1_14' title='bbox 237 615 332 666; x_wconf 88' lang='lat' dir='ltr'><strong>totum</strong></span> <span class='ocrx_word' id='word_1_15' title='bbox 347 623 456 685; x_wconf 85' lang='lat' dir='ltr'><strong>eorpus</strong></span> <span class='ocrx_word' id='word_1_16' title='bbox 469 604 620 665; x_wconf 84' lang='lat' dir='ltr'><strong>crassioris</strong></span> <span class='ocrx_word' id='word_1_17' title='bbox 632 603 678 664; x_wconf 86' lang='lat' dir='ltr'><strong>fili</strong></span> <span class='ocrx_word' id='word_1_18' title='bbox 692 603 761 680; x_wconf 73' lang='lat' dir='ltr'><strong>tell,</strong></span> <span class='ocrx_word' id='word_1_19' title='bbox 775 604 837 685; x_wconf 79' lang='lat' dir='ltr'><strong>qud</strong></span> <span class='ocrx_word' id='word_1_20' title='bbox 848 625 881 666; x_wconf 93' lang='lat' dir='ltr'><strong>se</strong></span> <span class='ocrx_word' id='word_1_21' title='bbox 893 605 937 667; x_wconf 84' lang='lat' dir='ltr'><strong>ita</strong></span> <span class='ocrx_word' id='word_1_22' title='bbox 953 605 1154 680; x_wconf 77' lang='lat' dir='ltr'><strong>involvebant,</strong></span> <span class='ocrx_word' id='word_1_23' title='bbox 1167 613 1202 666; x_wconf 91' lang='lat' dir='ltr'><strong>ut</strong></span> <span class='ocrx_word' id='word_1_24' title='bbox 1217 605 1270 666; x_wconf 85' lang='lat' dir='ltr'><strong>vix</strong></span> 
     </span>
     <span class='ocr_line' id='line_1_4' title="bbox 78 699 1269 781; baseline 0 -19"><span class='ocrx_word' id='word_1_25' title='bbox 78 703 139 762; x_wconf 83' lang='lat' dir='ltr'><strong>oris</strong></span> <span class='ocrx_word' id='word_1_26' title='bbox 152 702 330 781; x_wconf 86' lang='lat' dir='ltr'><strong>nariumque</strong></span> <span class='ocrx_word' id='word_1_27' title='bbox 344 699 544 761; x_wconf 87' lang='lat' dir='ltr'><strong>extremitates</strong></span> <span class='ocrx_word' id='word_1_28' title='bbox 556 707 743 781; x_wconf 70' lang='lat' dir='ltr'><strong>apparerent.</strong></span> <span class='ocrx_word' id='word_1_29' title='bbox 773 701 827 761; x_wconf 86' lang='lat' dir='ltr'><strong>Ad</strong></span> <span class='ocrx_word' id='word_1_30' title='bbox 838 700 931 762; x_wconf 83' lang='lat' dir='ltr'><strong>altare</strong></span> <span class='ocrx_word' id='word_1_31' title='bbox 944 702 996 762; x_wconf 89' lang='lat' dir='ltr'><strong>ubi</strong></span> <span class='ocrx_word' id='word_1_32' title='bbox 1009 711 1132 762; x_wconf 86' lang='lat' dir='ltr'><strong>ventum</strong></span> <span class='ocrx_word' id='word_1_33' title='bbox 1145 711 1199 776; x_wconf 87' lang='lat' dir='ltr'><strong>est,</strong></span> <span class='ocrx_word' id='word_1_34' title='bbox 1209 721 1269 762; x_wconf 75' lang='lat' dir='ltr'><strong>arae</strong></span> 
     </span>
     <span class='ocr_line' id='line_1_5' title="bbox 79 796 1270 880; baseline 0 -22"><span class='ocrx_word' id='word_1_35' title='bbox 79 797 217 859; x_wconf 87' lang='lat' dir='ltr'><strong>libarunt</strong></span> <span class='ocrx_word' id='word_1_36' title='bbox 229 797 376 872; x_wconf 87' lang='lat' dir='ltr'><strong>osoulum,</strong></span> <span class='ocrx_word' id='word_1_37' title='bbox 391 796 539 876; x_wconf 87' lang='lat' dir='ltr'><strong>simulque</strong></span> <span class='ocrx_word' id='word_1_38' title='bbox 560 816 598 856; x_wconf 86' lang='lat' dir='ltr'><strong>ex</strong></span> <span class='ocrx_word' id='word_1_39' title='bbox 615 797 710 869; x_wconf 64' lang='lat' dir='ltr'><strong>dison</strong></span> <span class='ocrx_word' id='word_1_40' title='bbox 724 796 807 876; x_wconf 93' lang='lat' dir='ltr'><strong>quod</strong></span> <span class='ocrx_word' id='word_1_41' title='bbox 825 796 934 857; x_wconf 92' lang='lat' dir='ltr'><strong>nobilis</strong></span> <span class='ocrx_word' id='word_1_42' title='bbox 952 797 1078 878; x_wconf 77' lang='lat' dir='ltr'><strong>qnidam</strong></span> <span class='ocrx_word' id='word_1_43' title='bbox 1092 817 1185 858; x_wconf 89' lang='lat' dir='ltr'><strong>mann</strong></span> <span class='ocrx_word' id='word_1_44' title='bbox 1202 818 1270 880; x_wconf 91' lang='lat' dir='ltr'><strong>pro·</strong></span> 
     </span>
     <span class='ocr_line' id='line_1_6' title="bbox 78 891 1270 974; baseline -0.001 -20"><span class='ocrx_word' id='word_1_45' title='bbox 78 893 223 954; x_wconf 79' lang='lat' dir='ltr'><strong>tendebat</strong></span> <span class='ocrx_word' id='word_1_46' title='bbox 243 901 367 974; x_wconf 88' lang='lat' dir='ltr'><strong>aooepto</strong></span> <span class='ocrx_word' id='word_1_47' title='bbox 385 892 563 953; x_wconf 73' lang='lat' dir='ltr'><strong>numismate</strong></span> <span class='ocrx_word' id='word_1_48' title='bbox 581 901 652 954; x_wconf 82' lang='lat' dir='ltr'><strong>ante</strong></span> <span class='ocrx_word' id='word_1_49' title='bbox 671 891 763 953; x_wconf 90' lang='lat' dir='ltr'><strong>altare</strong></span> <span class='ocrx_word' id='word_1_50' title='bbox 778 891 959 954; x_wconf 85' lang='lat' dir='ltr'><strong>obtulerant.</strong></span> <span class='ocrx_word' id='word_1_51' title='bbox 1002 892 1070 953; x_wconf 89' lang='lat' dir='ltr'><strong>Hos</strong></span> <span class='ocrx_word' id='word_1_52' title='bbox 1086 893 1192 954; x_wconf 87' lang='lat' dir='ltr'><strong>eodem</strong></span> <span class='ocrx_word' id='word_1_53' title='bbox 1209 895 1270 953; x_wconf 86' lang='lat' dir='ltr'><strong>ritu</strong></span> 
     </span>
     <span class='ocr_line' id='line_1_7' title="bbox 78 987 1268 1070; baseline -0.001 -20"><span class='ocrx_word' id='word_1_54' title='bbox 78 990 281 1070; x_wconf 72' lang='lat' dir='ltr'><strong>sequebantur</strong></span> <span class='ocrx_word' id='word_1_55' title='bbox 292 997 441 1069; x_wconf 88' lang='lat' dir='ltr'><strong>quotquot</strong></span> <span class='ocrx_word' id='word_1_56' title='bbox 449 987 567 1048; x_wconf 83' lang='lat' dir='ltr'><strong>funebri</strong></span> <span class='ocrx_word' id='word_1_57' title='bbox 577 1007 694 1068; x_wconf 86' lang='lat' dir='ltr'><strong>pompae</strong></span> <span class='ocrx_word' id='word_1_58' title='bbox 705 987 938 1049; x_wconf 83' lang='lat' dir='ltr'><strong>intererauttam</strong></span> <span class='ocrx_word' id='word_1_59' title='bbox 947 988 1006 1048; x_wconf 81' lang='lat' dir='ltr'><strong>viri</strong></span> <span class='ocrx_word' id='word_1_60' title='bbox 1014 1009 1105 1068; x_wconf 85' lang='lat' dir='ltr'><strong>quam</strong></span> <span class='ocrx_word' id='word_1_61' title='bbox 1117 987 1268 1063; x_wconf 87' lang='lat' dir='ltr'><strong>mulieres,</strong></span> 
     </span>
     <span class='ocr_line' id='line_1_8' title="bbox 79 1083 1270 1167; baseline 0.001 -22"><span class='ocrx_word' id='word_1_62' title='bbox 79 1085 196 1146; x_wconf 85' lang='lat' dir='ltr'><strong>nobiles</strong></span> <span class='ocrx_word' id='word_1_63' title='bbox 217 1105 270 1147; x_wconf 88' lang='lat' dir='ltr'><strong>seu</strong></span> <span class='ocrx_word' id='word_1_64' title='bbox 289 1084 435 1167; x_wconf 79' lang='lat' dir='ltr'><strong>ignobiles</strong></span> <span class='ocrx_word' id='word_1_65' title='bbox 455 1084 567 1166; x_wconf 90' lang='lat' dir='ltr'><strong>dispari</strong></span> <span class='ocrx_word' id='word_1_66' title='bbox 589 1093 689 1145; x_wconf 86' lang='lat' dir='ltr'><strong>tamen</strong></span> <span class='ocrx_word' id='word_1_67' title='bbox 708 1085 726 1144; x_wconf 79' lang='grc' dir='ltr'><strong>ὲ</strong></span> <span class='ocrx_word' id='word_1_68' title='bbox 744 1102 845 1164; x_wconf 91' lang='lat' dir='ltr'><strong>panno</strong></span> <span class='ocrx_word' id='word_1_69' title='bbox 862 1103 918 1164; x_wconf 91' lang='lat' dir='ltr'><strong>pro</strong></span> <span class='ocrx_word' id='word_1_70' title='bbox 935 1083 1105 1146; x_wconf 84' lang='lat' dir='ltr'><strong>conditione</strong></span> <span class='ocrx_word' id='word_1_71' title='bbox 1125 1086 1270 1164; x_wconf 81' lang='lat' dir='ltr'><strong>cujusque</strong></span> 
     </span>
     <span class='ocr_line' id='line_1_9' title="bbox 80 1178 1271 1260; baseline 0 -20"><span class='ocrx_word' id='word_1_72' title='bbox 80 1181 268 1242; x_wconf 76' lang='lat' dir='ltr'><strong>veatinmnto.</strong></span> <span class='ocrx_word' id='word_1_73' title='bbox 310 1180 445 1242; x_wconf 85' lang='lat' dir='ltr'><strong>Ventum</strong></span> <span class='ocrx_word' id='word_1_74' title='bbox 458 1189 523 1241; x_wconf 90' lang='lat' dir='ltr'><strong>erat</strong></span> <span class='ocrx_word' id='word_1_75' title='bbox 535 1179 575 1240; x_wconf 89' lang='lat' dir='ltr'><strong>ad</strong></span> <span class='ocrx_word' id='word_1_76' title='bbox 588 1198 702 1240; x_wconf 82' lang='lat' dir='ltr'><strong>saomm</strong></span> <span class='ocrx_word' id='word_1_77' title='bbox 718 1179 876 1240; x_wconf 88' lang='lat' dir='ltr'><strong>Dominioi</strong></span> <span class='ocrx_word' id='word_1_78' title='bbox 888 1179 1021 1260; x_wconf 83' lang='lat' dir='ltr'><strong>eorporis</strong></span> <span class='ocrx_word' id='word_1_79' title='bbox 1033 1180 1066 1240; x_wconf 88' lang='lat' dir='ltr'><strong>in</strong></span> <span class='ocrx_word' id='word_1_80' title='bbox 1079 1178 1271 1240; x_wconf 78' lang='lat' dir='ltr'><strong>Eucharistii</strong></span> 
     </span>
     <span class='ocr_line' id='line_1_10' title="bbox 80 1274 1270 1357; baseline -0.002 -19"><span class='ocrx_word' id='word_1_81' title='bbox 80 1276 306 1352; x_wconf 82' lang='lat' dir='ltr'><strong>exhibitionem,</strong></span> <span class='ocrx_word' id='word_1_82' title='bbox 315 1297 387 1338; x_wconf 92' lang='lat' dir='ltr'><strong>oum</strong></span> <span class='ocrx_word' id='word_1_83' title='bbox 400 1296 470 1338; x_wconf 83' lang='lat' dir='ltr'><strong>eoos</strong></span> <span class='ocrx_word' id='word_1_84' title='bbox 483 1283 583 1336; x_wconf 86' lang='lat' dir='ltr'><strong>tantus</strong></span> <span class='ocrx_word' id='word_1_85' title='bbox 592 1275 625 1335; x_wconf 89' lang='lat' dir='ltr'><strong>in</strong></span> <span class='ocrx_word' id='word_1_86' title='bbox 639 1275 750 1356; x_wconf 91' lang='lat' dir='ltr'><strong>templo</strong></span> <span class='ocrx_word' id='word_1_87' title='bbox 759 1295 823 1337; x_wconf 86' lang='lat' dir='ltr'><strong>sese</strong></span> <span class='ocrx_word' id='word_1_88' title='bbox 835 1276 1001 1337; x_wconf 84' lang='lat' dir='ltr'><strong>secundum</strong></span> <span class='ocrx_word' id='word_1_89' title='bbox 1008 1295 1103 1357; x_wconf 83' lang='lat' dir='ltr'><strong>genas</strong></span> <span class='ocrx_word' id='word_1_90' title='bbox 1116 1283 1147 1336; x_wconf 88' lang='lat' dir='ltr'><strong>et</strong></span> <span class='ocrx_word' id='word_1_91' title='bbox 1152 1274 1270 1337; x_wconf 80' lang='lat' dir='ltr'><strong>vultum</strong></span> 
     </span>
     <span class='ocr_line' id='line_1_11' title="bbox 79 1370 1271 1453; baseline -0.001 -21"><span class='ocrx_word' id='word_1_92' title='bbox 79 1373 316 1447; x_wconf 81' lang='lat' dir='ltr'><strong>verberantium,</strong></span> <span class='ocrx_word' id='word_1_93' title='bbox 335 1373 368 1433; x_wconf 88' lang='lat' dir='ltr'><strong>in</strong></span> <span class='ocrx_word' id='word_1_94' title='bbox 388 1371 561 1433; x_wconf 90' lang='lat' dir='ltr'><strong>memoriam</strong></span> <span class='ocrx_word' id='word_1_95' title='bbox 577 1370 674 1432; x_wconf 88' lang='lat' dir='ltr'><strong>tristis</strong></span> <span class='ocrx_word' id='word_1_96' title='bbox 691 1370 798 1452; x_wconf 70' lang='lat' dir='ltr'><strong>alapae,</strong></span> <span class='ocrx_word' id='word_1_97' title='bbox 817 1371 836 1431; x_wconf 77' lang='lat' dir='ltr'><strong>a</strong></span> <span class='ocrx_word' id='word_1_98' title='bbox 853 1371 974 1434; x_wconf 85' lang='lat' dir='ltr'><strong>Christo</strong></span> <span class='ocrx_word' id='word_1_99' title='bbox 990 1370 1066 1432; x_wconf 92' lang='lat' dir='ltr'><strong>olim</strong></span> <span class='ocrx_word' id='word_1_100' title='bbox 1084 1371 1117 1431; x_wconf 92' lang='lat' dir='ltr'><strong>in</strong></span> <span class='ocrx_word' id='word_1_101' title='bbox 1134 1371 1271 1453; x_wconf 84' lang='lat' dir='ltr'><strong>passione</strong></span> 
     </span>
     <span class='ocr_line' id='line_1_12' title="bbox 80 1465 1271 1550; baseline -0.005 -19"><span class='ocrx_word' id='word_1_102' title='bbox 80 1489 241 1550; x_wconf 71' lang='lat' dir='ltr'><strong>perpesse,</strong></span> <span class='ocrx_word' id='word_1_103' title='bbox 263 1467 358 1530; x_wconf 83' lang='lat' dir='ltr'><strong>oritur</strong></span> <span class='ocrx_word' id='word_1_104' title='bbox 379 1467 490 1550; x_wconf 82' lang='lat' dir='ltr'><strong>fragor,</strong></span> <span class='ocrx_word' id='word_1_105' title='bbox 512 1475 546 1528; x_wconf 90' lang='lat' dir='ltr'><strong>ut</strong></span> <span class='ocrx_word' id='word_1_106' title='bbox 565 1486 667 1548; x_wconf 88' lang='lat' dir='ltr'><strong>prope,</strong></span> <span class='ocrx_word' id='word_1_107' title='bbox 688 1465 830 1528; x_wconf 83' lang='lat' dir='ltr'><strong>inusitato</strong></span> <span class='ocrx_word' id='word_1_108' title='bbox 851 1467 1004 1546; x_wconf 89' lang='lat' dir='ltr'><strong>peroulsus</strong></span> <span class='ocrx_word' id='word_1_109' title='bbox 1024 1467 1095 1543; x_wconf 88' lang='lat' dir='ltr'><strong>ritu,</strong></span> <span class='ocrx_word' id='word_1_110' title='bbox 1118 1475 1203 1528; x_wconf 82' lang='lat' dir='ltr'><strong>extra</strong></span> <span class='ocrx_word' id='word_1_111' title='bbox 1221 1485 1271 1526; x_wconf 89' lang='lat' dir='ltr'><strong>ms</strong></span> 
     </span>
     <span class='ocr_line' id='line_1_13' title="bbox 79 1560 1271 1646; baseline -0.004 -20"><span class='ocrx_word' id='word_1_112' title='bbox 79 1584 212 1646; x_wconf 83' lang='lat' dir='ltr'><strong>raperer.</strong></span> <span class='ocrx_word' id='word_1_113' title='bbox 245 1565 340 1626; x_wconf 87' lang='lat' dir='ltr'><strong>Saoro</strong></span> <span class='ocrx_word' id='word_1_114' title='bbox 354 1565 476 1626; x_wconf 84' lang='lat' dir='ltr'><strong>tandssn</strong></span> <span class='ocrx_word' id='word_1_115' title='bbox 489 1561 586 1637; x_wconf 85' lang='lat' dir='ltr'><strong>finito,</strong></span> <span class='ocrx_word' id='word_1_116' title='bbox 602 1560 778 1644; x_wconf 84' lang='lat' dir='ltr'><strong>vespillones</strong></span> <span class='ocrx_word' id='word_1_117' title='bbox 791 1562 887 1644; x_wconf 78' lang='lat' dir='ltr'><strong>nigris</strong></span> <span class='ocrx_word' id='word_1_118' title='bbox 896 1563 1016 1644; x_wconf 89' lang='lat' dir='ltr'><strong>penitus</strong></span> <span class='ocrx_word' id='word_1_119' title='bbox 1027 1563 1161 1625; x_wconf 86' lang='lat' dir='ltr'><strong>obvoluti</strong></span> <span class='ocrx_word' id='word_1_120' title='bbox 1173 1561 1271 1624; x_wconf 89' lang='lat' dir='ltr'><strong>saoois</strong></span> 
     </span>
     <span class='ocr_line' id='line_1_14' title="bbox 79 1645 1270 1742; baseline -0.004 -19"><span class='ocrx_word' id='word_1_121' title='bbox 79 1661 259 1723; x_wconf 73' lang='lat' dir='ltr'><strong>defunctum</strong></span> <span class='ocrx_word' id='word_1_122' title='bbox 278 1661 318 1722; x_wconf 87' lang='lat' dir='ltr'><strong>ad</strong></span> <span class='ocrx_word' id='word_1_123' title='bbox 335 1659 518 1742; x_wconf 86' lang='lat' dir='ltr'><strong>sepulturam</strong></span> <span class='ocrx_word' id='word_1_124' title='bbox 539 1658 690 1720; x_wconf 72' lang='lat' dir='ltr'><strong>detulere:</strong></span> <span class='ocrx_word' id='word_1_125' title='bbox 708 1645 857 1720; x_wconf 61' lang='lat' dir='ltr'><strong>&#39;absoluti</strong></span> <span class='ocrx_word' id='word_1_126' title='bbox 873 1659 1027 1740; x_wconf 77' lang='lat' dir='ltr'><strong>sepulturi</strong></span> <span class='ocrx_word' id='word_1_127' title='bbox 1042 1660 1073 1720; x_wconf 92' lang='lat' dir='ltr'><strong>in</strong></span> <span class='ocrx_word' id='word_1_128' title='bbox 1091 1658 1192 1719; x_wconf 87' lang='lat' dir='ltr'><strong>medio</strong></span> <span class='ocrx_word' id='word_1_129' title='bbox 1211 1657 1270 1718; x_wconf 85' lang='lat' dir='ltr'><strong>Eo·</strong></span> 
     </span>
     <span class='ocr_line' id='line_1_15' title="bbox 78 1754 1271 1836; baseline -0.004 -18"><span class='ocrx_word' id='word_1_130' title='bbox 78 1757 180 1820; x_wconf 76' lang='lat' dir='ltr'><strong>olasiae</strong></span> <span class='ocrx_word' id='word_1_131' title='bbox 191 1757 331 1819; x_wconf 85' lang='lat' dir='ltr'><strong>omnibus</strong></span> <span class='ocrx_word' id='word_1_132' title='bbox 344 1757 384 1818; x_wconf 84' lang='lat' dir='ltr'><strong>ad</strong></span> <span class='ocrx_word' id='word_1_133' title='bbox 397 1756 488 1817; x_wconf 81' lang='lat' dir='ltr'><strong>funus</strong></span> <span class='ocrx_word' id='word_1_134' title='bbox 502 1755 662 1817; x_wconf 78' lang='lat' dir='ltr'><strong>comitibus</strong></span> <span class='ocrx_word' id='word_1_135' title='bbox 673 1754 809 1816; x_wconf 87' lang='lat' dir='ltr'><strong>solennes</strong></span> <span class='ocrx_word' id='word_1_136' title='bbox 820 1763 892 1816; x_wconf 89' lang='lat' dir='ltr'><strong>sunt</strong></span> <span class='ocrx_word' id='word_1_137' title='bbox 903 1763 979 1815; x_wconf 78' lang='lat' dir='ltr'><strong>aetas</strong></span> <span class='ocrx_word' id='word_1_138' title='bbox 992 1755 1109 1836; x_wconf 77' lang='lat' dir='ltr'><strong>gratia,</strong></span> <span class='ocrx_word' id='word_1_139' title='bbox 1123 1764 1214 1834; x_wconf 88' lang='lat' dir='ltr'><strong>atque</strong></span> <span class='ocrx_word' id='word_1_140' title='bbox 1227 1754 1271 1814; x_wconf 87' lang='lat' dir='ltr'><strong>ita</strong></span> 
     </span>
    </p>
   </div>
   <div class='ocr_carea' id='block_1_3' title="bbox 80 1851 650 1936">
    <p class='ocr_par' dir='ltr' id='par_1_3' title="bbox 80 1851 650 1936">
     <span class='ocr_line' id='line_1_16' title="bbox 80 1851 650 1936; baseline -0.007 -20"><span class='ocrx_word' id='word_1_141' title='bbox 80 1853 197 1936; x_wconf 81' lang='lat' dir='ltr'><strong>singuli</strong></span> <span class='ocrx_word' id='word_1_142' title='bbox 209 1853 332 1916; x_wconf 57' lang='lat' dir='ltr'><strong>&amp;mum</strong></span> <span class='ocrx_word' id='word_1_143' title='bbox 346 1851 472 1928; x_wconf 79' lang='lat' dir='ltr'><strong>dimissi,</strong></span> <span class='ocrx_word' id='word_1_144' title='bbox 486 1853 650 1914; x_wconf 75' lang='lat' dir='ltr'><strong>redierunt.</strong></span> 
     </span>
    </p>
   </div>
   <div class='ocr_carea' id='block_1_4' title="bbox 122 2150 168 2227">
    <p class='ocr_par' dir='ltr' id='par_1_4' title="bbox 122 2150 168 2227">
     <span class='ocr_line' id='line_1_17' title="bbox 122 2150 168 2227; baseline 0 0"><span class='ocrx_word' id='word_1_145' title='bbox 122 2150 168 2227; x_wconf 61' lang='grc' dir='ltr'><strong>θ’</strong></span> 
     </span>
    </p>
   </div>
   <div class='ocr_carea' id='block_1_5' title="bbox 216 2169 1275 2285">
    <p class='ocr_par' dir='ltr' id='par_1_5' title="bbox 187 2169 1275 2296">
     <span class='ocr_line' id='line_1_18' title="bbox 216 2169 1275 2285; baseline 0 -62"><span class='ocrx_word' id='word_1_146' title='bbox 216 2210 221 2211; x_wconf 17' lang='grc' dir='ltr'><em>κ</em></span> <span class='ocrx_word' id='word_1_147' title='bbox 280 2207 330 2285; x_wconf 46' lang='grc' dir='ltr'>ῳ</span> <span class='ocrx_word' id='word_1_148' title='bbox 402 2220 413 2223; x_wconf 28' lang='lat'><em>⁷</em></span> <span class='ocrx_word' id='word_1_149' title='bbox 467 2172 703 2283; x_wconf 42' lang='lat'><strong>{1513</strong></span> <span class='ocrx_word' id='word_1_150' title='bbox 840 2172 888 2255; x_wconf 59' lang='lat'><strong>³3¹</strong></span> <span class='ocrx_word' id='word_1_151' title='bbox 946 2216 951 2219; x_wconf 29' lang='lat'><strong><em>⁴</em></strong></span> <span class='ocrx_word' id='word_1_152' title='bbox 1005 2169 1106 2278; x_wconf 40' lang='lat' dir='ltr'><strong>&amp;gb</strong></span> <span class='ocrx_word' id='word_1_153' title='bbox 1272 2255 1275 2260; x_wconf 26' lang='grc' dir='ltr'>Ι</span> 
     </span>
    </p>
   </div>
   <div class='ocr_carea' id='block_1_6' title="bbox 525 2496 827 2573">
    <p class='ocr_par' dir='ltr' id='par_1_6' title="bbox 525 2496 827 2573">
     <span class='ocr_line' id='line_1_19' title="bbox 525 2496 827 2573; baseline -0.007 0"><span class='ocrx_word' id='word_1_154' title='bbox 525 2496 719 2573; x_wconf 83' lang='lat' dir='ltr'>CAPUT</span> <span class='ocrx_word' id='word_1_155' title='bbox 754 2496 827 2571; x_wconf 87' lang='lat' dir='ltr'><strong>VI.</strong></span> 
     </span>
    </p>
   </div>
   <div class='ocr_carea' id='block_1_7' title="bbox 154 2701 1202 2773">
    <p class='ocr_par' dir='ltr' id='par_1_7' title="bbox 154 2701 1202 2773">
     <span class='ocr_line' id='line_1_20' title="bbox 154 2701 1202 2773; baseline -0.006 -1"><span class='ocrx_word' id='word_1_156' title='bbox 154 2703 323 2772; x_wconf 76' lang='lat' dir='ltr'><strong>Rationem</strong></span> <span class='ocrx_word' id='word_1_157' title='bbox 337 2705 464 2773; x_wconf 70' lang='lat' dir='ltr'><strong>Itineris</strong></span> <span class='ocrx_word' id='word_1_158' title='bbox 477 2707 576 2773; x_wconf 76' lang='lat' dir='ltr'><strong>nostri</strong></span> <span class='ocrx_word' id='word_1_159' title='bbox 590 2729 627 2773; x_wconf 77' lang='lat' dir='ltr'><strong>ee</strong></span> <span class='ocrx_word' id='word_1_160' title='bbox 643 2704 780 2772; x_wconf 82' lang='lat' dir='ltr'><strong>Polonid</strong></span> <span class='ocrx_word' id='word_1_161' title='bbox 793 2706 828 2770; x_wconf 78' lang='lat' dir='ltr'><strong>ia</strong></span> <span class='ocrx_word' id='word_1_162' title='bbox 845 2702 1049 2770; x_wconf 81' lang='lat' dir='ltr'><strong>Germaniam</strong></span> <span class='ocrx_word' id='word_1_163' title='bbox 1061 2701 1202 2767; x_wconf 69' lang='lat' dir='ltr'><strong>ostendit.</strong></span> 
     </span>
    </p>
   </div>
   <div class='ocr_carea' id='block_1_8' title="bbox 121 2903 1287 3098">
    <p class='ocr_par' dir='ltr' id='par_1_8' title="bbox 93 2903 1287 3098">
     <span class='ocr_line' id='line_1_21' title="bbox 185 2903 1287 3002; baseline -0.004 -20.385"><span class='ocrx_word' id='word_1_164' title='bbox 185 2903 307 3000; x_wconf 52' lang='lat' dir='ltr'><strong>rsus:</strong></span> <span class='ocrx_word' id='word_1_165' title='bbox 319 2918 331 3002; x_wconf 38' lang='grc' dir='ltr'><strong>’ς</strong></span> <span class='ocrx_word' id='word_1_166' title='bbox 338 2991 342 3001; x_wconf 54' lang='grc'><strong>,</strong></span> <span class='ocrx_word' id='word_1_167' title='bbox 360 2923 408 2985; x_wconf 85' lang='lat' dir='ltr'><strong>1u</strong></span> <span class='ocrx_word' id='word_1_168' title='bbox 420 2923 562 2987; x_wconf 67' lang='lat' dir='ltr'><strong>vamme</strong></span> <span class='ocrx_word' id='word_1_169' title='bbox 571 2922 652 2985; x_wconf 72' lang='lat' dir='ltr'><strong>nous</strong></span> <span class='ocrx_word' id='word_1_170' title='bbox 666 2922 807 2984; x_wconf 66' lang='lat' dir='ltr'><strong>oeoorn</strong></span> <span class='ocrx_word' id='word_1_171' title='bbox 820 2919 961 2982; x_wconf 57' lang='lat' dir='ltr'><strong>aaran</strong></span> <span class='ocrx_word' id='word_1_172' title='bbox 973 2918 1107 2994; x_wconf 62' lang='lat' dir='ltr'><strong>nemi,</strong></span> <span class='ocrx_word' id='word_1_173' title='bbox 1123 2925 1154 2978; x_wconf 75' lang='lat' dir='ltr'><strong>et</strong></span> <span class='ocrx_word' id='word_1_174' title='bbox 1166 2916 1287 2977; x_wconf 66' lang='lat' dir='ltr'><strong>surra-</strong></span> 
     </span>
     <span class='ocr_line' id='line_1_22' title="bbox 121 3010 1275 3098; baseline -0.007 -19"><span class='ocrx_word' id='word_1_175' title='bbox 121 3021 124 3034; x_wconf 72' lang='lat'><em>&#39;</em></span> <span class='ocrx_word' id='word_1_176' title='bbox 146 3029 152 3036; x_wconf 88' lang='grc'><strong>’</strong></span> <span class='ocrx_word' id='word_1_177' title='bbox 301 3027 306 3030; x_wconf 84' lang='grc'><strong>’</strong></span> <span class='ocrx_word' id='word_1_178' title='bbox 333 3089 336 3096; x_wconf 30' lang='lat'><strong>¹</strong></span> <span class='ocrx_word' id='word_1_179' title='bbox 379 3020 462 3081; x_wconf 88' lang='lat' dir='ltr'><strong>niam</strong></span> <span class='ocrx_word' id='word_1_180' title='bbox 479 3019 572 3081; x_wconf 88' lang='lat' dir='ltr'><strong>trium</strong></span> <span class='ocrx_word' id='word_1_181' title='bbox 590 3018 707 3080; x_wconf 89' lang='lat' dir='ltr'><strong>dierum</strong></span> <span class='ocrx_word' id='word_1_182' title='bbox 725 3018 827 3098; x_wconf 79' lang='lat' dir='ltr'><strong>spacio</strong></span> <span class='ocrx_word' id='word_1_183' title='bbox 839 3017 921 3090; x_wconf 85' lang='lat' dir='ltr'><strong>veni,</strong></span> <span class='ocrx_word' id='word_1_184' title='bbox 935 3014 999 3075; x_wconf 88' lang='lat' dir='ltr'><strong>illio</strong></span> <span class='ocrx_word' id='word_1_185' title='bbox 1016 3014 1049 3073; x_wconf 91' lang='lat' dir='ltr'><strong>in</strong></span> <span class='ocrx_word' id='word_1_186' title='bbox 1069 3012 1102 3074; x_wconf 86' lang='lat' dir='ltr'><strong>S.</strong></span> <span class='ocrx_word' id='word_1_187' title='bbox 1119 3010 1275 3072; x_wconf 89' lang='lat' dir='ltr'><strong>Dominioi</strong></span> 
     </span>
    </p>
   </div>
   <div class='ocr_carea' id='block_1_9' title="bbox 84 3205 1278 3783">
    <p class='ocr_par' dir='ltr' id='par_1_9' title="bbox 324 3201 1276 3288">
     <span class='ocr_line' id='line_1_23' title="bbox 381 3205 1276 3288; baseline -0.009 -16.539"><span class='ocrx_word' id='word_1_188' title='bbox 381 3212 491 3274; x_wconf 81' lang='lat' dir='ltr'><strong>Foldin</strong></span> <span class='ocrx_word' id='word_1_189' title='bbox 518 3209 599 3272; x_wconf 86' lang='lat' dir='ltr'><strong>illins</strong></span> <span class='ocrx_word' id='word_1_190' title='bbox 625 3210 749 3272; x_wconf 79' lang='lat' dir='ltr'><strong>familiae</strong></span> <span class='ocrx_word' id='word_1_191' title='bbox 780 3207 927 3271; x_wconf 81' lang='lat' dir='ltr'><strong>Antistite</strong></span> <span class='ocrx_word' id='word_1_192' title='bbox 955 3205 1179 3288; x_wconf 87' lang='lat' dir='ltr'><strong>perhumaniter</strong></span> <span class='ocrx_word' id='word_1_193' title='bbox 1207 3222 1276 3264; x_wconf 90' lang='lat' dir='ltr'><strong>sum</strong></span> 
     </span>
    </p>

    <p class='ocr_par' dir='ltr' id='par_1_10' title="bbox 84 3298 1278 3783">
     <span class='ocr_line' id='line_1_24' title="bbox 117 3298 1278 3400; baseline -0.011 -29"><span class='ocrx_word' id='word_1_194' title='bbox 117 3343 138 3370; x_wconf 70' lang='grc' dir='ltr'><strong>ι</strong></span> <span class='ocrx_word' id='word_1_195' title='bbox 192 3379 226 3400; x_wconf 66' lang='lat'><strong>‚,</strong></span> <span class='ocrx_word' id='word_1_196' title='bbox 260 3363 262 3394; x_wconf 53' lang='lat'><strong>,</strong></span> <span class='ocrx_word' id='word_1_197' title='bbox 380 3316 531 3390; x_wconf 78' lang='lat' dir='ltr'><strong>aceeptus,</strong></span> <span class='ocrx_word' id='word_1_198' title='bbox 550 3317 580 3368; x_wconf 91' lang='lat' dir='ltr'><strong>et</strong></span> <span class='ocrx_word' id='word_1_199' title='bbox 601 3306 715 3387; x_wconf 85' lang='lat' dir='ltr'><strong>aliquot</strong></span> <span class='ocrx_word' id='word_1_200' title='bbox 735 3306 854 3368; x_wconf 90' lang='lat' dir='ltr'><strong>dierum</strong></span> <span class='ocrx_word' id='word_1_201' title='bbox 874 3302 976 3385; x_wconf 91' lang='lat' dir='ltr'><strong>spaoio</strong></span> <span class='ocrx_word' id='word_1_202' title='bbox 994 3301 1208 3383; x_wconf 75' lang='lat' dir='ltr'><strong>benignissime</strong></span> <span class='ocrx_word' id='word_1_203' title='bbox 1224 3298 1278 3358; x_wconf 90' lang='lat' dir='ltr'><strong>ba·</strong></span> 
     </span>
     <span class='ocr_line' id='line_1_25' title="bbox 94 3387 1276 3479; baseline -0.014 -7"><span class='ocrx_word' id='word_1_204' title='bbox 94 3391 117 3424; x_wconf 54' lang='lat'>²</span> <span class='ocrx_word' id='word_1_205' title='bbox 186 3387 198 3424; x_wconf 49' lang='lat'><em>³</em></span> <span class='ocrx_word' id='word_1_206' title='bbox 243 3393 261 3420; x_wconf 26' lang='grc' dir='ltr'><strong>κ’</strong></span> <span class='ocrx_word' id='word_1_207' title='bbox 345 3414 352 3419; x_wconf 76' lang='grc'>’</span> <span class='ocrx_word' id='word_1_208' title='bbox 378 3405 470 3479; x_wconf 88' lang='lat' dir='ltr'><strong>bitus,</strong></span> <span class='ocrx_word' id='word_1_209' title='bbox 484 3403 555 3465; x_wconf 90' lang='lat' dir='ltr'><strong>inde</strong></span> <span class='ocrx_word' id='word_1_210' title='bbox 569 3402 755 3465; x_wconf 85' lang='lat' dir='ltr'><strong>Posnuniam</strong></span> <span class='ocrx_word' id='word_1_211' title='bbox 772 3403 830 3463; x_wconf 87' lang='lat' dir='ltr'><strong>iter</strong></span> <span class='ocrx_word' id='word_1_212' title='bbox 847 3398 974 3475; x_wconf 87' lang='lat' dir='ltr'><strong>institui,</strong></span> <span class='ocrx_word' id='word_1_213' title='bbox 993 3397 1162 3477; x_wconf 89' lang='lat' dir='ltr'><strong>iterumque</strong></span> <span class='ocrx_word' id='word_1_214' title='bbox 1180 3397 1212 3456; x_wconf 89' lang='lat' dir='ltr'><strong>in</strong></span> <span class='ocrx_word' id='word_1_215' title='bbox 1232 3393 1276 3456; x_wconf 88' lang='lat' dir='ltr'><strong>D.</strong></span> 
     </span>
     <span class='ocr_line' id='line_1_26' title="bbox 86 3488 1278 3580; baseline -0.019 -11"><span class='ocrx_word' id='word_1_216' title='bbox 86 3504 245 3568; x_wconf 88' lang='lat' dir='ltr'><strong>Dominioi</strong></span> <span class='ocrx_word' id='word_1_217' title='bbox 263 3502 484 3565; x_wconf 83' lang='lat' dir='ltr'><strong>Monasterium</strong></span> <span class='ocrx_word' id='word_1_218' title='bbox 502 3498 631 3580; x_wconf 86' lang='lat' dir='ltr'><strong>bospitio</strong></span> <span class='ocrx_word' id='word_1_219' title='bbox 648 3519 715 3560; x_wconf 88' lang='lat' dir='ltr'><strong>sum</strong></span> <span class='ocrx_word' id='word_1_220' title='bbox 733 3506 880 3580; x_wconf 81' lang='lat' dir='ltr'><strong>receptus,</strong></span> <span class='ocrx_word' id='word_1_221' title='bbox 898 3505 987 3575; x_wconf 88' lang='lat' dir='ltr'><strong>atque</strong></span> <span class='ocrx_word' id='word_1_222' title='bbox 1004 3493 1024 3555; x_wconf 74' lang='lat' dir='ltr'><strong>b</strong></span> <span class='ocrx_word' id='word_1_223' title='bbox 1042 3492 1083 3553; x_wconf 85' lang='lat' dir='ltr'><strong>R.</strong></span> <span class='ocrx_word' id='word_1_224' title='bbox 1101 3489 1140 3550; x_wconf 92' lang='lat' dir='ltr'><strong>P.</strong></span> <span class='ocrx_word' id='word_1_225' title='bbox 1152 3488 1278 3549; x_wconf 82' lang='lat' dir='ltr'><strong>Alberto</strong></span> 
     </span>
     <span class='ocr_line' id='line_1_27' title="bbox 85 3581 1278 3686; baseline -0.019 -22"><span class='ocrx_word' id='word_1_226' title='bbox 85 3602 250 3686; x_wconf 83' lang='lat' dir='ltr'><strong>Margouio</strong></span> <span class='ocrx_word' id='word_1_227' title='bbox 267 3600 431 3681; x_wconf 88' lang='lat' dir='ltr'><strong>plurimum</strong></span> <span class='ocrx_word' id='word_1_228' title='bbox 448 3595 643 3658; x_wconf 87' lang='lat' dir='ltr'><strong>humanitatis</strong></span> <span class='ocrx_word' id='word_1_229' title='bbox 659 3604 797 3677; x_wconf 85' lang='lat' dir='ltr'><strong>expertus</strong></span> <span class='ocrx_word' id='word_1_230' title='bbox 811 3614 889 3653; x_wconf 87' lang='lat' dir='ltr'><strong>sum.</strong></span> <span class='ocrx_word' id='word_1_231' title='bbox 931 3589 1091 3673; x_wconf 86' lang='lat' dir='ltr'><strong>Degebant</strong></span> <span class='ocrx_word' id='word_1_232' title='bbox 1106 3583 1196 3647; x_wconf 87' lang='lat' dir='ltr'><strong>simul</strong></span> <span class='ocrx_word' id='word_1_233' title='bbox 1210 3581 1278 3643; x_wconf 90' lang='lat' dir='ltr'><strong>istio</strong></span> 
     </span>
     <span class='ocr_line' id='line_1_28' title="bbox 84 3686 1278 3783; baseline -0.022 -21"><span class='ocrx_word' id='word_1_234' title='bbox 84 3698 277 3783; x_wconf 79' lang='lat' dir='ltr'><strong>septuaginta</strong></span> <span class='ocrx_word' id='word_1_235' title='bbox 299 3694 444 3778; x_wconf 80' lang='lat' dir='ltr'><strong>religiosi,</strong></span> <span class='ocrx_word' id='word_1_236' title='bbox 466 3693 519 3775; x_wconf 89' lang='lat' dir='ltr'><strong>qui</strong></span> <span class='ocrx_word' id='word_1_237' title='bbox 546 3703 580 3754; x_wconf 90' lang='lat' dir='ltr'><strong>ut</strong></span> <span class='ocrx_word' id='word_1_238' title='bbox 600 3692 689 3768; x_wconf 85' lang='lat' dir='ltr'><strong>votis,</strong></span> <span class='ocrx_word' id='word_1_239' title='bbox 711 3692 754 3752; x_wconf 91' lang='lat' dir='ltr'><strong>ita</strong></span> <span class='ocrx_word' id='word_1_240' title='bbox 776 3688 886 3751; x_wconf 90' lang='lat' dir='ltr'><strong>animis</strong></span> <span class='ocrx_word' id='word_1_241' title='bbox 912 3686 1077 3749; x_wconf 79' lang='lat' dir='ltr'><strong>admodum</strong></span> <span class='ocrx_word' id='word_1_242' title='bbox 1098 3690 1185 3743; x_wconf 89' lang='lat' dir='ltr'><strong>eraut</strong></span> <span class='ocrx_word' id='word_1_243' title='bbox 1207 3697 1278 3739; x_wconf 86' lang='lat' dir='ltr'><strong>oon·</strong></span> 
     </span>
    </p>
   </div>
   <div class='ocr_carea' id='block_1_10' title="bbox 0 0 1624 4700">
    <p class='ocr_par' dir='ltr' id='par_1_11' title="bbox 0 0 1624 4700">
     <span class='ocr_line' id='line_1_29' title="bbox 0 0 1624 4700; baseline 0 0"><span class='ocrx_word' id='word_1_244' title='bbox 0 0 1624 4700; x_wconf 95' lang='lat' dir='ltr'><strong> </strong></span> 
     </span>
    </p>
   </div>
  </div>
 </body>
</html>
