3225 4700
1468 772 1844 846 CAPUT
1914 770 2309 845 XXXIV.

725 982 951 1053 Quid
924 1006 992 1047 m
1021 982 1340 1070 Hybernis
1370 981 1555 1047 Anno
1585 980 1688 1047 M.
1709 980 1862 1047 DC.
1885 980 2231 1047 XXXIX.
2255 993 2480 1047 actum.
2573 980 2664 1047 Et
2687 982 2761 1047 de
2782 981 3132 1047 Iudaicis

1597 1085 1958 1170 quibusdam
1985 1085 2197 1149 sacris,

777 1309 793 1341 Ι
853 1245 942 1309 -7-3.
1071 1260 1086 1288 ς
1104 1259 1205 1357 -ἒ
1226 1241 1445 1302 ENSE
1473 1240 1704 1302 Martio
1731 1241 2025 1323 Magister
2049 1243 2095 1305 J
2099 1244 2339 1316 acobus
2365 1244 2539 1305 miles
2564 1246 2703 1306 sane
2730 1263 2848 1304 non
2880 1243 3126 1305 minus

1119 1329 1206 1417 15⁴⁷
1260 1336 1580 1411 animosus,
1607 1337 1790 1416 quam
1816 1338 2004 1413 fortis,
2033 1358 2173 1399 cum
2199 1339 2435 1401 selectis
2448 1340 2673 1420 aliquot
2686 1339 2993 1419 equitibus
3015 1360 3114 1400 ex

741 1436 769 1457 '²
797 1476 800 1485 ι
929 1413 937 1433 ‘
974 1421 994 1445 ⁸
1030 1482 1062 1514 Α
1119 1433 1209 1534 {13
1262 1432 1720 1494 Ramsdorfiana
1741 1443 1802 1495 et
1828 1434 2172 1496 Wintziana
2189 1435 2446 1517 legione,
2464 1446 2678 1517 rogatu
2702 1435 3110 1496 Nobilissimi

855 1553 857 1560 ’
966 1610 970 1614 ᾖ
1014 1534 1026 1602 ,ἲ
1119 1527 1166 1570 '⁵³¹³'
1265 1529 1516 1589 Domini
1542 1550 1651 1610 per
1678 1530 2029 1591 Eisfeldiam
2059 1531 2346 1612 Satrapae,
2376 1541 2584 1592 contra
2600 1532 2830 1593 hostem
2856 1531 3101 1611 passim

869 1618 966 1687 fs.
1006 1674 1022 1683 ..
1058 1674 1070 1690 .
1117 1606 1198 1690 Ξ)
1262 1626 1505 1706 impune
1556 1635 1874 1707 vagantem
1923 1636 1983 1688 et
2016 1629 2219 1687 omnia
2254 1628 2695 1708 depraedantem
2730 1626 2953 1701 movit3
3022 1628 3099 1686 in

702 1743 882 1803 quem
908 1742 1046 1782 cum
1075 1742 1194 1782 non
1221 1720 1430 1802 procul
1448 1718 1644 1782 Fulda
1661 1742 1735 1782 ex
1757 1722 2054 1803 insperato
2072 1723 2357 1798 irruisset,
2379 1734 2620 1785 centum
2638 1722 2877 1784 circiter
2892 1722 3093 1783 inter-

703 1819 949 1880 necione
976 1815 1218 1889 delevit,
1246 1817 1429 1897 coepit
1463 1816 1686 1899 plures,
1729 1836 1913 1898 equos
1943 1827 2182 1879 centum
2227 1819 2661 1901 quinquaginta
2696 1819 2760 1878 in
2805 1819 3087 1898 praedam

703 1914 971 1976 abduxit.

783 2010 909 2072 Sub
935 2010 1158 2071 exitum
1186 2008 1365 2090 hujus
1385 2008 1626 2079 mensis,
1648 2008 1812 2069 venit
1836 2010 1916 2070 ad
1938 2030 2047 2071 nos
2075 2010 2467 2092 Fridbergam
2495 2010 2793 2071 Tribunus
2826 2009 3085 2089 qnidam

703 2107 779 2169 de
804 2107 1037 2188 legione
1068 2103 1514 2182 Sarradeschky
1543 2103 1636 2164 vir
1661 2108 1801 2164 sane
1841 2106 2140 2188 egregius,
2188 2106 2293 2185 qui
2335 2106 2485 2166 mira
2532 2106 2607 2167 de
2651 2105 2852 2166 inedia
2894 2125 3084 2185 quam

702 2208 1104 2282 perpeteretur
1128 2200 1321 2275 miles,
1348 2199 1571 2261 retulit.
1657 2200 1825 2261 Inter
1850 2200 1970 2261 alia
1995 2201 2207 2275 aiebat,
2236 2222 2298 2262 se
2339 2201 2640 2262 oculatum
2672 2210 2884 2261 testem
2910 2202 3084 2262 certo

703 2298 872 2359 nobis
906 2317 1181 2374 asserere,
1210 2297 1373 2378 quod
1400 2297 1462 2358 in
1490 2296 1714 2379 campis
1741 2316 1960 2378 equum
1988 2306 2308 2372 mortuum,
2338 2308 2398 2358 et
2422 2298 2499 2358 ad
2525 2296 2694 2358 illum
2722 2297 2873 2358 duos
2900 2318 3085 2359 canes

700 2415 763 2458 se
790 2394 1126 2477 saginantes
1147 2394 1449 2475 repererit,
1478 2394 1885 2475 supervenisse
1912 2402 2109 2454 autem
2128 2403 2189 2455 et
2213 2414 2285 2454 ex
2307 2394 2594 2455 militibus
2609 2393 2730 2454 suis
2749 2392 3082 2472 plusculos,

702 2493 806 2572 qui
843 2491 1064 2551 abactis
1098 2491 1345 2551 canibus
1380 2490 1721 2552 avidissime
1747 2510 1950 2551 carnes
1976 2510 2050 2551 ex
2072 2490 2412 2551 morticinio
2438 2490 2754 2557 secuerint,
2780 2489 2843 2549 in
2870 2489 3082 2550 cibum

702 2597 905 2670 postea
941 2586 1395 2666 decoquendas3
1455 2606 1575 2666 quo
1618 2586 1861 2666 quidem
1889 2586 2225 2667 spectaculo
2268 2588 2418 2647 adeo
2443 2607 2505 2647 se
2531 2597 3080 2652 commotumasse-

700 2685 963 2756 verabat,
977 2692 1045 2744 ut
1066 2682 1284 2764 viginti
1303 2702 1441 2743 mox
1467 2703 1648 2763 equos
1673 2683 2031 2758 vendiderit,
2061 2692 2129 2744 ut
2148 2683 2366 2763 inopiae
2394 2682 2652 2744 militum
2679 2696 3079 2746 succurreret.

780 2779 1122 2859 Fridbergae
1142 2779 1286 2840 dum
1302 2778 1668 2839 substitimus
1687 2778 2051 2858 plusculum,
2063 2777 2304 2839 incessit
2320 2783 2588 2839 nostrum
2617 2780 2846 2859 aliquos
2883 2781 3078 2843 libido

698 2874 946 2936 videndi
977 2874 1360 2955 synagogam
1400 2872 1446 2934 J
1450 2874 1774 2946 udaeoram,
1818 2893 1953 2954 quae
1981 2874 2114 2935 istic
2141 2883 2267 2935 erat
2292 2874 2564 2954 copiosa;
2595 2877 2846 2956 septimo
2871 2877 3075 2959 itaque

699 2970 928 3051 Aprilis
946 2971 1026 3031 ad
1041 2990 1172 3031 eam
1189 2970 1566 3045 accessimus,
1599 2979 1666 3031 ut
1693 2970 2126 3051 superstitiosas
2153 2989 2358 3030 eorum
2386 2972 2768 3034 caeremonias
2797 2994 2902 3035 seu
2930 2995 3074 3036 con-

700 3066 1045 3128 suetudines
1079 3066 1521 3126 observaremus
1567 3066 1678 3128 sub
1723 3065 1928 3126 horam
1968 3065 2319 3126 matutinam
2353 3073 2600 3141 sextam,
2638 3087 2759 3147 qua
2782 3069 2901 3150 ipsi
2935 3091 3073 3131 snas

700 3181 902 3243 preces
916 3181 1177 3222 mussare
1195 3172 1642 3223 consueverunt.
1703 3161 2021 3242 synagoga
2038 3160 2168 3221 haec
2186 3169 2311 3220 erat
2324 3162 2674 3241 antiquitate
2694 3166 2863 3244 aeque
2886 3167 3070 3245 quam

699 3256 862 3317 cultu
891 3256 1207 3331 deformis3
1249 3257 1313 3317 in
1340 3258 1470 3338 ejus
1495 3257 1695 3318 medio
1709 3257 2031 3317 rotundum
2045 3256 2244 3316 locum
2263 3266 2527 3336 spectare
2551 3268 2697 3334 erat,
2728 3260 2903 3322 sedili
2926 3283 3070 3342 pen-

698 3350 797 3411 sili
822 3354 988 3411 vario
1013 3353 1174 3414 intus
1200 3360 1261 3414 et
1285 3354 1361 3415 de
1387 3353 1531 3415 foris
1556 3373 1820 3435 gravem,
1849 3353 2119 3432 superius
2145 3353 2210 3412 in
2242 3352 2490 3413 modum
2533 3355 2842 3434 conopaei3
2902 3357 3066 3434 quod

696 3446 916 3528 ligneae
940 3445 1230 3510 columnae
1247 3447 1475 3528 aliquot
1488 3447 1912 3518 sustentabant,
1931 3457 2175 3522 tectum,
2193 3447 2256 3507 in
2282 3467 2421 3508 eum
2450 3450 2678 3511 duobus
2703 3450 2928 3512 ostiolis
2950 3450 3064 3510 sibi

700 3541 962 3603 adversis
988 3544 1223 3622 patebat
1248 3544 1464 3618 aditus,
1491 3543 1556 3603 in
1591 3561 1664 3603 eo
1706 3553 1824 3602 tres
1867 3551 2194 3623 quatuorve
2240 3567 2315 3607 ex
2350 3546 2667 3626 praecipuis
2702 3546 2748 3608 J
2752 3547 3062 3608 udaeorum

696 3637 893 3722 longis
911 3638 1088 3722 togis,
1116 3639 1352 3722 alioque
1378 3639 1582 3701 habitu
1608 3638 1848 3719 insuper
1873 3638 2037 3702 velut
2069 3639 2392 3704 dalmatica
2419 3642 2634 3718 vestiti,
2664 3651 2851 3720 vetus,
2884 3650 3064 3705 testa-
