3225 4700
321 301 389 367 408
699 297 1115 366 lTINERARIUM.

359 451 538 534 Augebatur
550 450 665 512 interea
678 450 822 512 intestina
832 449 877 512 vis
892 450 987 511 morbi
1002 460 1032 510 et
1045 451 1113 512 Rex
1127 449 1274 533 paulatim
1287 451 1327 513 ad
1338 451 1463 514 obitum
1480 453 1537 514 de·
1570 491 1579 540 ι

317 547 458 608 clinabat.
488 546 673 608 Profectioni
687 568 723 608 ex
738 547 846 608 mundi
860 547 950 628 hujus
963 546 1194 624 calamitatibus,
1209 549 1250 610 ed
1263 549 1411 611 laetiorem
1426 551 1536 630 (qnod

317 644 405 725 plane
426 642 621 720 confidimus)
641 644 734 705 vitam
752 646 771 705 a
787 644 858 706 vitoe
880 643 1044 724 mortisque
1065 643 1213 716 Domino,
1232 666 1351 706 summo
1370 645 1447 708 coeli
1472 656 1534 707 ter-

317 759 419 821 raeque
444 740 676 812 dictatore,dies
698 741 944 821 quartadecima
966 740 1045 801 Maii
1070 743 1233 803 constituta
1263 752 1319 818 est,
1347 743 1427 804 hora
1455 744 1533 804 verb

315 848 382 919 pust
400 838 556 898 meridiem
577 838 680 913 altera,
700 838 806 899 eadem
829 837 943 898 scilieet
963 856 1032 917 quae
1050 837 1149 898 fatalis
1170 838 1228 900 fuit
1248 860 1358 923 magno
1380 839 1532 901 Henrieo

315 934 406 1016 hujus
423 935 553 997 nominis
571 946 678 1017 quarto
697 934 814 1018 parenti
834 934 981 996 Ludovici
1000 936 1106 1017 Regis,
1125 936 1177 1017 qui
1196 938 1289 998 Anno
1303 937 1421 999 Christi
1449 939 1530 997 1610

315 1031 446 1094 violentd
462 1043 556 1094 morte
572 1034 651 1095 vivis
668 1054 721 1115 per
740 1031 923 1114 parricidam
940 1042 1058 1113 ereptus
1074 1032 1139 1093 fuir.
1182 1033 1259 1115 Ejus
1277 1034 1394 1108 obitum
1410 1055 1529 1096 eonse-

314 1136 424 1208 quente
438 1129 488 1190 die
499 1131 605 1211 junior
618 1130 685 1192 Rex
701 1130 875 1191 Ludorieus
889 1129 982 1191 XIV.
998 1139 1027 1191 et
1043 1130 1164 1214 Regina
1180 1130 1283 1204 vidua,
1302 1131 1527 1192 comitantibus

314 1225 399 1307 regio
416 1224 508 1287 fratre
528 1227 654 1308 aliisque
675 1227 761 1310 regui
781 1227 969 1308 principibus
985 1247 1021 1288 aa
1042 1228 1220 1289 consiliariis
1237 1227 1371 1289 Parisios
1387 1229 1526 1311 ingressi

296 1332 384 1392 ‚sunt
406 1343 517 1406 magna
538 1325 749 1407 gratulatione,
771 1335 802 1386 et
824 1327 939 1408 accepti
963 1324 1093 1406 plurima
1114 1325 1218 1407 populi
1244 1325 1468 1388 acclamatione
1493 1339 1525 1388 et

312 1419 430 1502 plausu.
471 1422 670 1483 conducebat
683 1421 800 1505 Regem
816 1421 1035 1484 Mareschallus
1050 1424 1086 1484 de
1102 1422 1222 1485 Guiclre
1232 1443 1302 1484 cum
1312 1421 1434 1506 legione
1448 1443 1523 1484 cns·

312 1517 402 1579 todiae
424 1519 516 1601 regie
535 1520 687 1602 assignata
706 1519 847 1600 equestri,
870 1521 958 1602 cujus
978 1519 1107 1581 dimidia
1127 1539 1196 1601 pars
1216 1521 1369 1601 praeceseit
1388 1519 1523 1582 rhedam

313 1613 408 1676 altera
424 1616 569 1677 medietas
588 1625 693 1677 secuta
711 1625 765 1677 est.
805 1615 985 1697 Priusquam
1005 1617 1073 1678 Rex
1091 1617 1194 1678 urbem
1211 1617 1373 1698 attingeret
1387 1617 1520 1678 obvium

313 1732 367 1791 pro
381 1733 463 1774 more
477 1712 582 1773 habuit
597 1715 818 1795 magistratum,
832 1715 885 1794 qui
897 1713 998 1776 claves
1014 1715 1096 1775 urbis
1110 1714 1234 1792 detulit,
1247 1723 1277 1774 et
1292 1713 1365 1774 alias
1381 1712 1520 1774 solenni-

312 1817 385 1870 tates
398 1818 532 1891 receptas
546 1821 721 1891 prosecutus
735 1820 796 1870 est:
817 1811 920 1870 omnia
933 1820 1068 1892 optatum
1083 1809 1214 1872 habuere
1227 1831 1410 1872 successum.

350 1906 452 1967 Tertio
461 1907 581 1968 decimo
590 1907 668 1967 Maii
677 1905 850 1968 Cerdiualis
861 1905 990 1968 Infantis
1000 1907 1128 1969 cadaver
1138 1907 1265 1969 Parisiis
1279 1909 1310 1969 in
1325 1907 1515 1989 Hispaniam

311 2001 445 2064 delatum
465 2013 521 2066 est.
563 2004 624 2065 Cui
641 2003 717 2066 alins
735 2003 831 2064 hunos
846 2024 905 2064 non
926 2013 971 2066 est
989 2003 1118 2081 habitus,
1135 2005 1195 2067 nisi
1211 2007 1294 2087 quod
1307 2009 1347 2066 25
1365 2005 1469 2068 rhedis
1486 2015 1518 2068 et

309 2100 465 2183 manipulo
478 2101 613 2182 equitum
627 2101 840 2163 comitantibus
854 2101 1044 2164 introductus
1057 2102 1160 2164 fuerit.

351 2198 455 2259 Biduo
478 2208 546 2279 post
565 2198 792 2260 Aurelianensis
813 2199 887 2260 Dux
908 2201 1069 2284 conjugem
1089 2221 1173 2262 suam
1195 2200 1360 2263 honorifice
1380 2204 1513 2285 excepit,

310 2295 484 2378 nuptiisque
500 2295 575 2357 elide
593 2295 677 2357 initis
690 2295 946 2379 Archiepiseopus
969 2298 1149 2361 Parisiensis
1170 2300 1278 2361 iterum
1301 2300 1468 2373 benedixit,
1484 2313 1515 2363 et

310 2394 408 2455 denuo
420 2393 622 2455 confirmarit.
652 2393 803 2476 Princeps
814 2404 909 2477 nupta
918 2394 1041 2457 divertit
1051 2397 1081 2457 in
1092 2396 1261 2479 anldquam
1275 2398 1512 2481 Luneuburgeu-

263 2524 266 2527 ⁴
310 2511 372 2551 sem
387 2490 551 2572 appellant.

349 2587 505 2670 Vigesima
518 2587 616 2669 prima
628 2588 651 2650 J
654 2588 718 2650 nnii
732 2588 828 2671 Regis
841 2588 1090 2652 christianissimi
1104 2589 1233 2651 cadaver
1250 2590 1280 2649 in
1302 2588 1335 2652 S.
1358 2590 1510 2671 Dionysio

308 2684 477 2767 depositum
492 2694 536 2745 est
549 2684 580 2744 id
593 2685 673 2765 quod
684 2705 746 2747 nou
760 2686 926 2747 minoribus
940 2685 1099 2767 impendiis
1111 2685 1204 2768 qudm
1215 2697 1359 2768 apparatu
1369 2688 1509 2770 contigit,

308 2791 444 2843 asserunt
456 2781 537 2841 enim
553 2780 583 2841 in
597 2801 663 2841 eam
677 2802 739 2842 rem
755 2803 815 2843 ιιοιι
829 2781 929 2843 minus
941 2782 1065 2864 triginta
1078 2803 1235 2845 aureorum
1247 2783 1381 2845 millibus
1394 2785 1508 2867 impen-

308 2898 373 2939 sum
389 2898 462 2949 esse,
476 2877 515 2938 ad
528 2896 616 2957 quem
631 2888 732 2939 actum
746 2878 901 2961 praecipua
914 2879 1055 2941 nobilitas
1069 2880 1161 2941 totius
1176 2879 1287 2941 Gallius
1300 2881 1483 2945 convolarit.

349 2976 470 3037 Interea
490 2975 522 3035 in
546 2974 669 3036 Artesie
692 2975 712 3035 d
733 2975 832 3038 Gallis
856 2997 902 3037 res
926 2976 1044 3038 fortiter
1065 2977 1226 3058 gerebatur
1245 2979 1507 3041 succumbentibus

310 3072 458 3154 Hispanis
473 3072 512 3133 ad
526 3070 678 3133 civitatem
695 3072 828 3154 Roeroy.
872 3072 1062 3135 Obsederaut
1083 3073 1216 3156 Hispani
1233 3074 1410 3150 Rceroium,
1424 3085 1454 3137 et
1470 3078 1506 3137 ab

308 3169 423 3250 aliquot
438 3170 544 3231 diebus
562 3170 640 3231 serio
653 3171 837 3252 premebant.
879 3169 918 3231 In
938 3168 974 3230 ed
992 3170 1150 3231 obsidione
1164 3180 1198 3232 ut
1213 3170 1280 3233 lieri
1295 3186 1377 3233 amat
1392 3173 1504 3235 emitte-

307 3267 381 3328 bant
394 3266 411 3327 ὁ
425 3266 530 3327 eastris
548 3267 714 3329 identidem
727 3268 861 3329 diversos
877 3265 1047 3349 manipulos
1063 3267 1171 3348 partim
1194 3267 1379 3349 explorandi,
1395 3280 1503 3352 partem

307 3362 438 3425 hostium
452 3364 529 3425 fines
543 3364 705 3426 infestandi
720 3364 825 3447 gratid,
840 3366 949 3447 quibus
964 3365 1204 3447 expeditionibus
1218 3376 1279 3427 tam
1294 3366 1403 3448 praedis
1416 3366 1502 3448 qudm

307 3459 457 3522 incendiis
467 3462 624 3523 vastabant
633 3463 746 3545 oppida
754 3473 785 3524 et
795 3483 899 3546 pagos.
930 3464 1022 3536 Quod
1034 3475 1066 3525 ut
1075 3474 1287 3544 compererunt
1299 3464 1395 3541 Galli,
1409 3468 1502 3549 copias

307 3577 375 3619 suas
392 3558 492 3619 subito
511 3568 718 3621 convocarunt
737 3568 771 3621 ut
790 3560 906 3623 civitati
923 3580 1032 3641 pressae
1053 3570 1085 3622 et
1105 3560 1253 3622 deditioni
1276 3563 1421 3643 proximae
1439 3586 1500 3625 suc·

307 3665 471 3718 currerent.
515 3656 655 3719 Ducebat
670 3658 770 3739 copiae
788 3658 995 3721 serenissimus
1008 3658 1255 3741 Anguiuensium
1280 3660 1354 3722 Dux
1371 3662 1499 3724 milesia
