3225 4700
512 318 908 389 ruruneunrun.
1238 324 1294 388 uu
1329 293 1334 307 ’

80 484 190 527 onem
213 473 364 551 coligeret,
380 470 561 553 ulteriusque
579 495 787 556 progressurus
803 484 885 550 eret;
907 495 976 537 cnm
989 473 1060 536 rcrb
1078 474 1195 535 videret
1211 492 1295 554 meg-

83 584 173 625 num
189 566 256 627 suis
268 568 471 649 progressibus
484 588 594 650 ponere
607 571 856 651 impedimentum
869 570 1088 645 Fonterebiam,
1098 570 1190 631 umis
1202 569 1296 649 impe·

86 670 160 723 tere
176 672 212 724 et
224 683 397 745 expugnare
409 674 487 727 stare
501 667 612 729 statuit.
653 666 728 729 Toto
741 666 835 747 igitur
848 688 918 729 curu
931 668 1073 741 exercitu,
1087 666 1170 727 omni
1182 666 1216 726 in
1228 685 1295 726 eum

89 780 163 821 rem
177 760 308 821 subsidii
321 781 431 842 genere
443 762 599 838 instructo,
613 763 767 825 civitatem
780 764 878 847 cingit
889 778 921 825 et
932 764 995 825 acri
1006 763 1159 825 obsidione
1172 761 1293 842 premit,

91 876 197 936 ecque
214 856 280 937 jem
300 876 472 939 progressus
488 858 585 919 lucret
606 860 713 940 purtim
735 860 839 941 ignitis
860 860 1017 934 machinis,
1037 860 1146 940 partim
1163 858 1294 919 militum
1395 882 1400 890 ·

92 948 263 1025 industrii,
278 962 312 1014 ut
326 954 552 1036 propugnacula
566 955 681 1037 aliquot
696 956 776 1017 certd
791 976 844 1039 spe
857 977 888 1017 se
901 955 1034 1018 obtinere
1046 965 1172 1037 putaret.
1213 953 1294 1015 Cum

91 1048 173 1109 verb
187 1049 223 1109 id
245 1049 377 1130 Hispani
390 1050 538 1127 riderent,
552 1052 702 1132 probeque
720 1062 933 1135 cognoscerent
949 1062 1061 1132 quento
1080 1052 1114 1113 id
1126 1050 1218 1125 urbis,
1232 1050 1294 1110 imb

92 1145 194 1205 totius
211 1144 325 1207 Patriae
338 1148 450 1209 domno
464 1147 600 1210 futurum
617 1157 703 1223 esset,
717 1148 856 1211 omnibus
869 1148 983 1209 viribus
998 1157 1103 1209 contra
1115 1147 1172 1209 niti
1183 1156 1294 1208 statue·

93 1250 171 1303 runt
183 1262 192 1302 =
215 1242 269 1305 ud
281 1243 448 1305 octodecim
458 1244 558 1324 itsquc
572 1243 667 1305 millia
679 1244 857 1307 selectorum
866 1244 997 1305 militum
1009 1244 1042 1304 iu
1057 1244 1186 1305 Francia
1197 1252 1296 1305 onena

92 1338 246 1415 reducum,
261 1360 296 1401 oc
311 1340 437 1419 septimo
456 1340 640 1420 Septembris
657 1342 734 1417 (erat
746 1340 772 1401 is
786 1340 876 1401 Natae
895 1340 1015 1403 Merum
1028 1339 1165 1422 Virginis
1182 1339 1294 1420 pridia-

96 1437 170 1511 nus)
185 1443 270 1497 tento
281 1436 395 1516 impetu
410 1435 526 1497 bostem
540 1436 742 1517 sui-propositi
755 1447 786 1497 et
802 1434 937 1497 undonis
951 1436 1174 1497 tenacissimum
1186 1456 1293 1518 aggre-

96 1532 239 1605 diuntur,
253 1540 288 1593 ut
300 1532 425 1593 confuso
437 1532 567 1612 primum
580 1534 726 1594 exercitus
735 1533 852 1608 ordine,
863 1542 927 1595 tum
937 1533 1039 1594 multis
1050 1534 1182 1595 militum
1195 1534 1291 1606 cresis,

97 1648 171 1689 eum
185 1628 308 1689 nudem
317 1629 350 1689 in
363 1628 466 1710 fugem
476 1628 648 1691 effuderint.
679 1628 898 1711 Sempitcrnam
909 1630 1029 1691 landem
1038 1631 1096 1691 boc
1105 1631 1138 1691 in
1148 1630 1293 1691 conflictu

97 1724 182 1801 tulit,
199 1724 330 1787 Senioris
348 1724 501 1806 Principis
520 1725 666 1787 Generosi
684 1725 823 1787 Parentis
842 1725 981 1799 Condaei,
1001 1745 1062 1786 non
1079 1726 1235 1805 degeneris
1247 1747 1293 1787 so·

97 1820 180 1881 bolis
193 1820 283 1903 legio,
296 1840 364 1901 quse
377 1830 440 1883 tam
452 1822 568 1885 fortiter
581 1840 612 1883 se
627 1820 773 1903 Hispanis
785 1820 956 1903 opposuisse
971 1820 1094 1895 dicitur,
1107 1830 1142 1881 ut
1154 1821 1212 1880 uisi
1225 1820 1293 1882 cliae

98 1918 172 1979 duae
186 1917 345 1999 legiones,
360 1917 601 1980 Meillereidiena
612 1917 728 1981 scilicet
740 1918 886 1993 etaltera,
900 1936 991 1997 quam
1004 1917 1043 1979 de
1056 1936 1167 1977 corona
1178 1916 1291 1977 vocite-

99 2015 184 2089 beut,
199 2014 231 2075 in
245 2013 350 2097 fugam
362 2014 514 2087 abiissent,
523 2014 616 2076 dubio
627 2012 732 2095 procul
741 2014 827 2075 irrito
835 2024 946 2075 conatu
959 2034 1019 2075 non
1033 2013 1098 2075 sine
1111 2012 1206 2073 multo
1219 2012 1293 2075 His·

99 2130 249 2192 panornm
266 2110 412 2192 sanguiue
428 2111 630 2173 recedendum
648 2110 761 2173 luisset.
805 2110 877 2173 Hoc
890 2110 923 2171 iu
935 2111 1097 2193 congressu
1109 2110 1149 2171 ed
1163 2110 1293 2190 quadre-

101 2208 188 2289 giuta
198 2206 307 2269 Franci
321 2206 435 2269 nobiles
448 2206 592 2269 occidisse
605 2206 758 2268 dicuntur.
798 2205 1051 2288 Arcbiepiscopus
1062 2207 1294 2290 Burdegelcnsis

101 2312 132 2368 et
147 2302 313 2386 Episcopus
328 2302 512 2368 Arelatensis
531 2303 597 2385 (qui
611 2302 717 2368 melius
734 2302 851 2366 celemo
864 2312 894 2366 et
907 2303 1045 2385 precibus
1057 2313 1162 2368 contre
1172 2304 1293 2386 spiritu·

101 2401 162 2462 cles
175 2401 272 2464 hostes
286 2399 431 2462 Ecclesiae
444 2402 640 2482 pugnassent)
652 2401 732 2482 tegre
746 2399 823 2462 solvi
835 2413 1001 2462 evaserunt.
1036 2400 1187 2462 Condoens
1201 2400 1293 2462 Prin·

102 2519 173 2579 ceps
185 2499 233 2560 rir
245 2497 383 2558 militaris
396 2506 427 2558 et
443 2497 475 2557 in
490 2496 593 2580 pugnb
609 2495 666 2558 hte
682 2497 807 2578 primus,
822 2517 900 2577 equo
915 2497 1043 2558 flurium
1056 2499 1197 2569 nouerit,
1211 2517 1247 2558 ac
1260 2519 1293 2560 se

103 2595 165 2658 nub
177 2615 246 2656 cum
260 2592 423 2656 Cardinale
437 2594 475 2655 de
492 2592 523 2654 la
534 2593 662 2668 Valens,
678 2593 797 2656 Gemite
814 2593 1006 2667 Grammont,
1021 2593 1199 2655 Mercbione
1211 2593 1294 2656 dela

105 2691 208 2764 Force,
223 2689 402 2750 Mercbione
414 2688 453 2750 de
467 2689 577 2764 Geutc,
590 2688 716 2768 aliisque
730 2688 878 2770 Bajoucm
892 2690 1023 2751 retruxit.
1066 2690 1243 2752 Occubuere
1255 2711 1294 2752 ex

105 2787 248 2848 militibus
260 2785 343 2848 mille
356 2785 514 2868 quingenti
527 2785 657 2860 circiter,
672 2784 831 2866 quingenti
843 2785 933 2866 capti,
947 2797 1094 2848 tormenta
1109 2787 1217 2848 bellico
1229 2807 1293 2848 ma·

101 2885 169 2966 jora
181 2883 304 2964 triginta
316 2891 440 2962 septem,
448 2881 609 2962 omnisque
618 2881 844 2960 impedimenta,
855 2881 933 2942 inter
946 2901 1014 2962 quae
1026 2903 1131 2944 curun
1138 2883 1294 2964 ipsiusmet

106 2979 231 3042 Gondaei
247 2977 401 3059 Principis
417 2985 540 3061 urgento
556 2977 701 3057 rebusque
722 2977 864 3058 preciosis
878 2998 995 3059 graves,
1013 2979 1053 3040 ad
1070 2979 1293 3060 qnedriugeuta

107 3087 311 3140 comestorum
321 3073 417 3134 millia
426 3074 565 3136 aestimati
575 3073 683 3134 nostris
697 3073 801 3134 relicta
810 3083 890 3136 suut.
924 3073 1046 3154 Captivi
1055 3084 1167 3155 postea,
1178 3075 1218 3140 ¹ab
1232 3075 1294 3138 Ro·

107 3179 181 3256 gum'
194 3170 409 3232 humanissimo
432 3169 587 3251 Pbilippo,
606 3189 709 3232 omnes
729 3169 761 3230 in
780 3170 937 3251 pristinam
956 3169 1124 3232 libertatem
1140 3170 1206 3234 sine
1222 3171 1294 3234 litro

107 3268 231 3330 ratituti
244 3277 325 3342 sunt,
340 3277 376 3327 ut
388 3267 518 3347 primum
528 3267 566 3328 de
581 3267 721 3347 Principe
736 3265 816 3346 Regi
828 3265 963 3327 Freuciae
973 3286 1076 3328 recens
1089 3277 1159 3328 nato
1171 3267 1203 3330 in
1219 3268 1294 3330 His·

107 3365 200 3448 paulis
212 3363 350 3425 anditum
362 3372 417 3423 est.

149 3459 255 3521 Plures
273 3459 394 3520 interim
413 3457 556 3540 legiones,
571 3459 609 3520 de
625 3461 734 3520 nesbis
753 3458 784 3518 iu
804 3457 985 3520 Pomeranit
1001 3469 1096 3536 sexto,
1114 3461 1251 3542 septimo,
1264 3471 1295 3522 ct

109 3566 210 3618 octavo
231 3555 348 3636 Aprilis
367 3555 542 3615 mandatum
560 3565 739 3637 acceperunt
758 3555 932 3616 transeundi
953 3555 1078 3617 Albim:
1106 3559 1210 3618 ecdem
1231 3557 1293 3617 lere

112 3663 236 3734 tempore
251 3651 449 3712 Iurictissimi
461 3651 654 3733 Imperatoris
664 3653 756 3714 nostri
767 3652 952 3714 Fordiuaudi
965 3651 1032 3712 111.
1043 3652 1173 3734 Conjux,
1185 3672 1294 3734 magno
