3225 4700
473 343 881 413 ITINERARIUM.
1215 352 1279 415 ³09

90 491 302 572 conflagrasse,
323 501 353 555 et
373 494 559 559 munimenta
578 498 677 561 diruta
697 520 769 570 esse,
790 519 891 561 eorem
911 500 1104 580 inspexisset3
1134 502 1215 562 unde
1236 522 1280 563 ne·

90 597 235 666 quentem
248 596 343 650 totum
363 590 443 651 diem
460 591 568 654 festum
589 614 651 655 esse
666 596 767 674 jussit,
785 615 822 655 ae
837 597 983 677 majorum
997 605 1208 659 tormentorum
1222 598 1281 659 dis·

91 682 227 762 plosione
241 683 375 746 laetitiam
389 706 473 748 snam
487 688 519 752 in
533 688 623 771 longe
637 691 755 753 dissitas
765 700 856 752 terras
866 691 1045 774 divulgarit.
1080 693 1153 759 Dux
1162 692 1281 754 interim

93 778 325 861 Luneburginus
340 801 409 842 enm
423 782 542 845 Caesare
561 785 592 845 in
611 787 739 869 gretiam
758 788 859 859 rediit,
877 807 912 848 ao
929 788 1074 849 unirersae
1093 789 1157 868 ejus
1177 789 1280 850 domui

91 873 245 954 quidquid
258 874 329 937 illue
342 896 435 956 usqum
445 880 608 941 admissum
617 881 715 943 inerat
724 882 830 964 ouipae,
842 883 1069 945 elementissimi
1080 884 1280 946 condonatum

94 978 154 1029 est.
1173 988 1178 999 '

154 1304 162 1321 ‚
197 1171 225 1252 ἡ
282 1190 364 1301 ii*
477 1253 534 1329 te
654 1198 710 1311 ii
770 1271 775 1275 ’
840 1259 961 1338 ρρ’“
1027 1200 1091 1278 if
1127 1184 1241 1349 ἐξῇ

518 1571 708 1647 CAPUT
744 1573 852 1649 LXI.

152 1733 206 1801 De
223 1732 399 1804 Rebellione
414 1756 522 1809 contra
536 1746 653 1832 Repeto
666 1747 835 1835 Hispania
848 1749 882 1814 in
899 1746 1093 1815 Cotolonniae
1107 1748 1225 1839 Reqno.

105 1915 134 1995 f?
150 1908 159 1980 ¹s
169 1909 170 1916 ἵ
223 1920 260 1992 ’ζ’
288 1911 327 1980 ⁹:
348 1921 435 2003 ¹UM
455 1930 518 1984 tota
536 1942 627 2005 prope
648 1923 811 1987 Germania
827 1926 906 1989 bello
925 1924 1074 2008 flagraret,
1095 1946 1131 1987 ae
1147 1928 1280 2003 dissidia,

194 2053 198 2104 3
234 2053 268 2076 m
335 2045 344 2056 2
383 2019 528 2098 ejusmodi
541 2030 689 2101 regumet
702 2021 871 2104 principum
884 2032 1070 2083 externorum
1086 2022 1280 2085 internorum·

125 2131 139 2166 u
175 2116 220 2194 ’,ζ
248 2087 346 2217 'si-0)
382 2135 440 2195 qne
453 2115 554 2195 aperti
567 2115 751 2197 occultique,
765 2117 976 2179 fomentatione
989 2137 1048 2178 non
1064 2120 1281 2179 tantumnutri-

185 2218 188 2223 ’
217 2197 352 2288 f'v'ssff}
382 2220 493 2286 rentur,
517 2212 680 2273 sedetiam
702 2214 873 2275 sevissimis
895 2213 986 2274 armis
1008 2213 1039 2273 in
1061 2213 1280 2277 Germanorum

140 2302 153 2332 ³
185 2309 226 2357 ’.τ
292 2309 335 2371 ι’κ
381 2306 544 2390 perniciem
563 2318 816 2389 promoverentur,
838 2318 868 2372 et
888 2309 985 2372 indies
1003 2308 1092 2372 letius
1110 2319 1261 2391 serperent
1268 2332 1279 2388 ;

100 2406 131 2466 in
151 2405 328 2487 Hispaniam
346 2423 464 2486 quoque
480 2423 561 2465 aava
575 2413 735 2485 tempestae
753 2405 900 2480 incubuit,
921 2427 988 2487 qnae
1008 2407 1129 2469 tandem
1146 2408 1178 2468 in
1193 2407 1281 2470 Cata·

99 2501 201 2562 launii
214 2512 417 2585 praegnentem
430 2498 517 2560 malis
529 2500 638 2561 nubem
652 2519 713 2559 non
726 2500 790 2560 sine
803 2501 979 2581 gravissimo
990 2503 1081 2564 totius
1095 2505 1180 2586 regni
1193 2524 1280 2566 sensu

100 2615 261 2658 exonerare
278 2597 367 2677 oepit.
409 2593 608 2673 Posteaquam
627 2593 707 2654 enim
720 2594 785 2673 ejus
804 2595 889 2677 regni
903 2595 1008 2658 ineolae
1028 2597 1121 2679 Regis
1134 2598 1282 2662 Catholici

102 2691 257 2753 vicarium
277 2692 369 2752 Anno
389 2689 559 2752 Christiano
577 2686 736 2749 millesimo
755 2689 967 2751 sexcentesimo
985 2692 1211 2774 quadragesimo
1229 2715 1282 2776 par

100 2807 252 2848 summum
264 2787 359 2847 seclus
371 2784 435 2847 vite
447 2783 630 2864 fortunisque
643 2783 801 2864 spoliatum
821 2784 852 2844 in
870 2786 1006 2848 ordinem
1022 2788 1214 2870 redegissent,
1228 2792 1282 2852 ad·

7 2916 8 2925 ¹
101 2883 173 2944 duci
187 2881 246 2944 huo
259 2902 352 2962 usqua
366 2900 513 2961 nusquam
528 2886 697 2961 potuerunt,
717 2888 753 2941 nt
769 2899 853 2940 arum
872 2880 1064 2961 deponerent,
1082 2884 1203 2963 regique
1216 2904 1280 2960 suo,

101 2998 155 3040 seu
167 2980 308 3041 damnato
320 2997 373 3038 seu
384 2985 524 3038 excusato
536 2975 645 3050 iirrore,
659 2975 876 3051 subderentur3
896 2986 927 3038 et
938 2976 1009 3038 lieet
1025 2997 1078 3039 rex
1095 2978 1282 3056 adlabornrit

100 3085 136 3137 nt
148 3074 338 3136 rebellionem
351 3072 463 3153 quanti
474 3081 572 3154 posset
584 3071 729 3133 modestii
740 3072 862 3153 sopiret,
873 3091 1027 3153 nunquam
1045 3084 1144 3135 tamen
1161 3076 1200 3136 ad
1214 3095 1283 3137 oon·

101 3171 238 3234 siiiornm
250 3190 371 3232 snorum
383 3178 492 3230 metam
506 3167 602 3248 potuit
615 3167 781 3250 pertingere
789 3188 799 3242 3
821 3166 901 3228 unde
915 3167 946 3228 in
960 3168 1140 3247 justissimus
1157 3171 1216 3233 ires
1232 3193 1283 3234 ex-

102 3267 185 3342 arsit,
198 3265 381 3345 mlleetdque
393 3264 488 3326 milite
501 3264 532 3324 in
546 3262 651 3344 Regiae
665 3261 831 3344 Majestatis
844 3282 909 3325 reos
921 3264 1023 3326 valido
1033 3267 1164 3329 exercitu
1181 3271 1282 3344 movit,

103 3381 165 3422 non
178 3370 278 3423 tamen
288 3361 359 3422 satis
368 3359 496 3442 propitio
507 3358 626 3419 Marte:
646 3357 741 3440 oopioe
749 3377 878 3437 namque
888 3357 1140 3423 illaedrebellibns
1148 3363 1282 3440 subditis,

6 3519 9 3536 .
103 3456 205 3516 omnia
216 3455 324 3517 itinera
336 3464 367 3517 et
378 3454 477 3516 aditus
487 3450 604 3514 summi
617 3452 689 3513 ouri
703 3462 734 3514 et
751 3452 951 3515 sollieitudine
968 3454 1191 3518 observantibus
1206 3479 1285 3521 novo
1365 3513 1367 3520 ,

103 3551 223 3634 flagitio
244 3571 321 3613 ooees
342 3561 421 3612 sunt.
463 3550 505 3610 Et
523 3548 594 3628 quia
611 3547 753 3609 videbant
775 3548 923 3630 ejusmodi
941 3569 1030 3611 ausus
1049 3571 1108 3612 non
1128 3572 1282 3634 passurum

105 3647 223 3731 Regem
242 3647 440 3723 Catholionm,
459 3663 619 3728 pennasque
637 3643 857 3725 depossitumm
875 3644 961 3709 noris
978 3645 1131 3710 submissis
1148 3647 1283 3725 ducibus,
