3225 4700
490 332 894 405 ITINERARIUM.
1218 335 1279 404 197

65 484 320 551 Ebrent'elaeuee
332 484 444 568 (la'qno
455 507 546 570 aupre
557 487 700 561 diximus,
717 508 847 569 cumque
866 486 958 549 hostia
977 506 1009 549 ee
1025 488 1093 551 irtio
1105 490 1213 552 writer
1226 491 1277 552 de·

65 582 236 657 tenderet,
255 602 374 645 aumma
391 583 513 644 admota
528 585 562 645 vi
579 584 622 645 ita
634 583 732 645 aubito
750 592 900 665 premunt,
918 592 951 644 ut
963 582 1062 645 hoetee
1074 584 1113 646 de
1126 585 1277 653 deditione

67 679 226 760 cogitare
243 680 385 762 ceperint,
398 698 437 740 na
450 678 527 742 forte
544 680 781 763 oppugnantium
800 679 900 741 furore
919 680 1076 762 intercepti
1095 681 1188 745 vitam
1207 702 1277 745 cum

69 774 180 835 annia
191 794 303 856 ponere
315 776 403 837 inuiti
415 784 603 857 cogerentur.
645 774 716 836 Hoc
730 774 796 836 loco
807 775 930 837 servitia
943 775 1093 838 Barerica
1109 786 1175 859 poet
1194 779 1282 840 dedi·

70 869 201 931 tionem
222 871 302 933 ultro
320 879 514 952 aueceperuut
528 869 748 952 quinquaginta
761 869 873 932 militer
891 870 1031 952 gregarii,
1043 872 1191 935 vexillifer
1203 893 1280 955 pree·

72 976 170 1027 terea
181 986 271 1041 unua,
286 988 356 1029 cum
367 976 496 1047 quatuor
507 966 657 1028 officiariis
672 966 750 1027 aliia.
790 964 936 1029 Manebat
954 986 1026 1029 vero
1044 968 1134 1029 etiam
1154 979 1226 1031 tuno
1245 971 1278 1031 in

74 1060 337 1125 Wimarianaium
350 1072 497 1144 poteatate
509 1061 729 1136 eracemum,
744 1061 857 1144 Biuge,
873 1062 1110 1138 Baccbaracum‚
1122 1072 1153 1123 et
1165 1064 1279 1126 Castol-

73 1154 237 1231 lanuuium,
250 1179 320 1239 quae
334 1159 448 1221 Bavari
459 1158 521 1220 alio
533 1158 651 1220 avocati
663 1178 734 1219 aum
747 1167 921 1239 apparatum
931 1158 1072 1221 bellicum
1084 1159 1279 1223 sufficientem
1402 1148 1406 1155 ¹

77 1253 308 1334 oppugnationi
326 1275 386 1315 non
404 1254 547 1316 baberent
558 1254 591 1315 in
608 1251 709 1315 boatili
727 1273 820 1315 manu
836 1254 981 1335 mntiaper
999 1253 1166 1335 relinquere
1183 1256 1279 1317 coacti

78 1361 177 1425 aunt3
197 1352 239 1413 nd
258 1351 319 1414 alia
338 1362 440 1414 tumen
461 1351 614 1431 locaque
633 1350 726 1412 boetia
743 1350 872 1425 tenebat,
892 1370 928 1411 ac
940 1350 993 1411 ubi
1011 1350 1118 1431 majori
1134 1359 1279 1432 apparatu

79 1464 164 1524 opue
182 1465 244 1507 nou
264 1457 339 1523 erat,
363 1448 498 1509 animum
517 1456 550 1510 et
567 1466 653 1509 arma
669 1447 854 1529 adjecerunt,
875 1466 912 1507 ex
932 1447 1040 1526 quibus
1059 1446 1176 1509 boetem
1197 1444 1279 1509 baud

81 1539 252 1602 difficulter
264 1541 454 1623 expulerunt.

127 1636 170 1696 In
190 1636 373 1720 Rhiugarioe
390 1638 585 1719 occupatione
600 1638 757 1700 Wimeriia
775 1637 865 1709 iacta,
882 1636 972 1701 turris
984 1656 1103 1719 quoqne
1122 1638 1153 1700 in
1170 1637 1279 1701 Rheno

83 1731 158 1809 aira,
183 1752 276 1813 quarn
296 1734 316 1795 b
335 1735 471 1796 muribua
486 1734 714 1795 immemorabili
731 1734 770 1795 ab
786 1733 859 1797 binc
873 1740 1005 1814 tempore
1023 1734 1134 1795 eccolae
1150 1735 1279 1816 appella·

83 1838 173 1903 runt,
183 1830 295 1891 inarum
305 1840 362 1905 eat,
374 1850 441 1892 eam
452 1830 510 1893 boc
522 1850 641 1912 quoque
653 1839 787 1912 tempore
800 1830 934 1892 deserere
950 1830 1045 1891 coeoti
1062 1838 1143 1903 runt,
1160 1832 1192 1891 in
1205 1850 1281 1911 quo·

85 1944 163 1986 rum
176 1925 333 1989 monem
349 1926 451 1990 viceni
465 1927 603 2008 quaterni
618 1926 773 1989 deaultorii
789 1946 829 1988 ex
847 1924 1004 1989 Bararicie
1019 1925 1114 2006 copiia
1131 1944 1280 1987 unacum

87 2019 312 2083 locumteueute
330 2031 545 2098 aucceaaerunt,
563 2022 621 2084 boo
637 2022 699 2083 fere
717 2022 817 2085 modo.
858 2021 944 2085 Dicti
962 2019 1115 2083 desultorii
1135 2040 1204 2082 curn
1225 2040 1280 2083 auo

88 2116 311 2180 looumtenente
330 2119 406 2180 duaa
421 2118 547 2200 acapbaa
564 2117 786 2195 inscenderuut,
809 2136 985 2198 nummoque
1007 2136 1077 2179 oum
1098 2115 1217 2178 silentio
1239 2117 1280 2179 ad

90 2213 201 2275 turrim
213 2232 301 2295 supra
312 2215 427 2276 dictem
440 2214 629 2297 appulerunt,
648 2214 848 2295 appositisque
864 2212 952 2277 eoalie
963 2232 1037 2293 quea
1050 2232 1151 2275 secum
1168 2214 1282 2275 adrex-

91 2318 188 2387 eraut,
210 2309 315 2392 globoa
333 2312 487 2395 igniferos,
503 2330 578 2392 quoa
591 2310 611 2374 b
622 2309 720 2373 forma
738 2309 887 2372 malorum
905 2317 1098 2392 granatorum
1118 2310 1278 2391 appellant,

91 2406 267 2487 aulpburato
283 2407 406 2489 puluere
423 2418 454 2471 et
470 2408 549 2470 ferro
566 2407 663 2483 irater,
682 2427 737 2489 per
752 2406 923 2478 feneatrum,
936 2406 976 2467 ad
989 2425 1080 2486 quam
1099 2404 1221 2467 Suedici
1233 2427 1279 2468 re-

92 2502 242 2565 miariorea
261 2504 402 2565 excubiae
422 2505 562 2587 agebant,
583 2503 761 2585 injecerunt,
780 2502 915 2582 adeoque
934 2499 1098 2564 Wimarioe
1119 2499 1281 2581 improvisa

94 2597 251 2678 globorum
261 2599 294 2659 vi
306 2607 541 2680 perterruerum,
554 2607 589 2659 ut
600 2597 789 2678 impatientes
800 2596 950 2658 ulterioris
963 2615 1055 2658 morra
1069 2616 1139 2658 mox
1153 2597 1281 2660 deditio·

95 2711 164 2754 nem
176 2691 274 2755 iacere
285 2694 477 2778 sponderent,
489 2693 582 2756 vitam
595 2693 715 2754 unicam
728 2692 843 2754 aalram
856 2692 1046 2774 paciscentes.

134 2789 285 2852 Ceterum
297 2789 499 2852 memorabilia
510 2799 556 2852 cet
567 2809 636 2871 quar
649 2789 688 2851 de
699 2788 757 2850 hao
772 2798 855 2850 turre
870 2789 980 2870 paeeim
995 2787 1205 2850 circumfertur
1220 2788 1280 2852 bia·

95 2885 180 2962 toria‚
194 2905 286 2966 quam
299 2886 371 2966 quia
381 2888 422 2948 ed
433 2905 530 2948 mores
542 2885 710 2948 conducere
723 2893 755 2946 et
764 2885 843 2947 vitia
853 2893 954 2947 taxare
969 2885 1066 2960 rideo,
1081 2883 1142 2946 tide
1155 2903 1216 2964 qua
1231 2904 1281 2946 ao·

96 2980 319 3062 oepiarlaoribo.
354 2981 454 3044 Aiunt
463 2989 533 3044 aute
546 2981 696 3062 pluaculoa
708 3000 804 3042 annoa
814 2981 974 3063 praecipuae
987 2979 1171 3043 auctoritatis
1180 2982 1279 3044 uirum
1365 3021 1372 3038 .

96 3077 242 3157 quendam
252 3077 516 3160 Moguutineueem
525 3077 633 3138 rixiaae
642 3077 809 3138 Hattouem
819 3077 950 3152 nomine,
961 3075 1113 3138 homiuem
1122 3076 1280 3160 insiguiter

97 3172 129 3233 iu
140 3173 601 3256 egenoaetpeupereaimmitam‚
611 3171 745 3252 quicum
756 3171 917 3252 aliquando
926 3181 1017 3234 totam
1027 3172 1154 3254 patriam
1164 3191 1280 3234 aumma

98 3288 224 3350 praaaam
240 3269 343 3350 inopia
360 3268 549 3352 couapicatue
564 3277 652 3343 eeaet,
669 3267 819 3330 numento
833 3287 990 3330 avarorum
1003 3287 1085 3329 more
1096 3269 1280 3349 compressit.

99 3365 175 3428 Cum
194 3385 267 3428 raro
284 3366 424 3428 examina
441 3365 650 3428 mendicorum
671 3363 784 3426 uentrir
803 3363 1025 3445 importunitate
1047 3363 1198 3446 adigente,
1216 3364 1280 3445 ejua

99 3461 263 3544 fiaqueutcr
282 3462 361 3526 force
383 3461 511 3535 adirent,
532 3467 563 3524 et
582 3458 799 3522 miaerabilibua
819 3459 978 3541 ejulatibua
998 3479 1084 3522 auree
1102 3459 1280 3522 inhumanos

99 3557 226 3633 ferirent,
240 3579 302 3620 non
316 3559 456 3621 nuatinuit
468 3567 513 3620 tot
525 3555 803 3618 mendicabulorum
816 3555 923 3638 atipem
936 3555 1104 3638 rogantium
1118 3556 1280 3629 clamoreeg

15 3669 20 3705 ὁ
99 3654 236 3718 eximium
248 3655 352 3738 igitur,
366 3656 420 3718 aed
432 3653 553 3718 crudele
566 3663 597 3716 et
608 3651 843 3716 abominandum
856 3651 936 3717 mulo
946 3651 1113 3716 remedium
1125 3669 1281 3719 commen„
