3225 4700
508 346 916 417 ITINERARIUM.
1239 347 1302 413 211

94 505 214 560 vestra
227 498 361 576 rideant,
375 518 430 563 nos
443 514 499 563 nec
512 503 567 565 sub
577 502 745 576 exordium,
760 521 817 564 nec
826 502 881 563 snb
894 499 1020 575 exitum,
1029 498 1062 560 in
1075 497 1303 561 confirmatione

97 593 239 657 Pacifici
252 604 396 659 mactatus
409 596 490 659 illius
503 600 651 661 ullatenus
673 598 826 662 obstacula
843 596 997 679 posuisse:
1022 604 1168 659 testamur
1182 613 1302 677 quoque

95 710 208 753 coram
232 692 328 755 oculis
352 693 475 757 Divina
501 692 684 776 Majestatis,
707 692 790 774 quod
810 691 869 752 hnc
889 709 984 771 nsque
1008 690 1092 752 omni
1111 690 1304 752 contentione

97 798 218 861 nostra,
232 790 263 851 in
279 790 336 853 boc
348 792 463 854 mundo
476 790 519 853 nil
534 788 644 873 potios,
659 808 752 871 quam
763 808 869 871 pacem
882 788 1093 870 optaverimus,
1105 787 1155 850 vel
1171 786 1302 848 maxime

96 885 143 945 ob
155 886 364 968 gravissimam
377 908 481 949 curam
495 887 582 948 nobis
595 886 820 948 incumbentem
836 884 919 947 circa
936 882 1035 947 lilium
1048 893 1184 947 nostrmn
1202 882 1302 944 mino·

98 999 241 1057 renuam,
257 983 307 1044 cui
316 982 476 1066 (quoniam
488 985 553 1064 ejus
565 982 690 1044 tutelam
701 980 902 1062 suscepimus)
912 999 967 1041 sno
977 990 1111 1063 tempore
1120 979 1302 1062 responden·

98 1078 183 1140 dnm
209 1077 275 1155 erit,
301 1080 329 1141 si
353 1100 414 1161 qua
435 1078 601 1142 commodis
626 1078 708 1140 illius
728 1078 923 1139 obstaremus.
965 1077 1094 1140 Utinam
1117 1077 1223 1139 saltem
1249 1094 1303 1155 per

100 1175 375 1259 Mognnn‘nensem
398 1186 560 1239 tractmum
580 1177 670 1257 plena
689 1194 749 1258 pax
774 1176 806 1237 in
827 1184 921 1237 totam
937 1174 1081 1237 afflictam
1104 1172 1301 1236 Germaniam

100 1275 211 1337 reduci
226 1276 380 1356 potuisset,
400 1285 480 1338 certe
500 1275 622 1338 duobis
641 1275 726 1338 nulla
738 1294 873 1355 unquam
895 1281 1022 1348 remota,
1038 1271 1157 1333 nullum
1174 1267 1301 1350 impedi·

100 1380 240 1433 mentum
258 1371 373 1448 fuisset,
393 1372 559 1455 injecturut
588 1373 643 1436 sed
663 1372 920 1455 quemadmodum
940 1370 1016 1433 mihi
1035 1388 1153 1452 semper
1173 1365 1302 1428 dubium

98 1468 172 1543 suit,
187 1486 226 1527 an
239 1468 429 1547 particularis
442 1468 616 1551 hujusmodi
629 1478 773 1532 tractatus
786 1468 1002 1552 scaturiginem
1011 1477 1073 1530 tam
1086 1464 1205 1529 cruenti
1217 1460 1300 1535 belli,

100 1584 141 1625 ex
160 1580 221 1645 qua
233 1563 299 1644 jam
317 1574 379 1627 tota
397 1565 564 1628 Germania
575 1566 751 1641 inundatur,
762 1566 914 1627 obsanare
926 1575 958 1627 et
970 1565 1118 1641 cohibere,
1132 1572 1301 1625 exterorum

101 1662 284 1745 Principum
298 1664 377 1725 vires
389 1663 528 1745 frangere
538 1673 569 1727 et
579 1662 763 1746 propulsare,
775 1667 806 1725 et
820 1661 1017 1724 universalem
1028 1681 1133 1745 pacem
1146 1660 1225 1738 (sine
1239 1674 1301 1736 qua

101 1760 294 1840 particularis
304 1758 516 1840 tranquillitas,
526 1760 744 1842 qualiscunque
758 1760 882 1822 demum
894 1759 944 1835 sit,
959 1775 1063 1820 secure
1076 1758 1236 1819 consistere
1247 1772 1299 1814 ue·

106 1857 187 1936 quit,
202 1857 284 1937 qnod
297 1857 448 1917 variarum
459 1854 492 1916 N
492 1855 625 1918 ationum
635 1856 789 1919 luculenta
801 1855 939 1937 exempla
951 1853 1069 1916 abunde
1079 1853 1221 1935 probant)
1233 1848 1302 1911 red·

103 1953 179 2013 dere
197 1962 227 2015 et
246 1952 378 2015 stabilire
396 1952 527 2033 possint;
560 1953 603 2014 ita
621 1962 790 2037 temporum
811 1952 921 2014 horum
940 1961 1048 2024 motus,
1068 1944 1301 2031 quoquomodo

103 2064 272 2130 possumus,
286 2048 319 2111 in
330 2048 467 2110 meliores
478 2066 573 2111 annos
583 2058 615 2111 et
626 2050 744 2131 aptiora
761 2058 898 2131 tempora
914 2047 992 2110 ferre
1008 2048 1163 2110 debemus.
1206 2044 1300 2104 Hanc

104 2166 181 2208 vero
190 2147 232 2208 ad
243 2154 429 2208 constantem
442 2145 573 2227 quietem
587 2154 619 2208 et
631 2145 831 2208 universalem
845 2164 951 2227 pacem
964 2146 996 2207 in
1010 2143 1177 2207 Germania
1187 2140 1301 2205 stabili·

104 2244 215 2305 endam
233 2242 453 2305 securissimam
472 2250 503 2303 et
522 2242 636 2325 regiam
658 2244 751 2319 viam,
775 2262 831 2324 pro
847 2250 950 2304 nostra
965 2241 1167 2323 simplicitate,
1184 2240 1300 2301 indica·
1390 2280 1396 2291 -

104 2359 231 2402 remae·
255 2340 290 2402 Si
309 2340 407 2422 primo
428 2338 587 2402 Generalis
606 2339 749 2402 amnistia
769 2348 987 2422 procuraretur,
1008 2338 1126 2421 privata
1138 2337 1299 2400 commoda

103 2447 327 2520 reponerentur,
341 2437 447 2518 patria
460 2436 669 2498 communibus
687 2437 775 2499 rebus
797 2435 992 2517 particularia
1011 2435 1213 2497 emolumenta
1233 2444 1300 2516 post

102 2534 294 2608 haberentur,
308 2533 390 2595 hisce
402 2532 547 2595 bellorum
562 2533 693 2595 motibus
706 2532 810 2614 inique
820 2532 928 2604 ablata,
941 2532 1072 2596 maxime
1085 2531 1186 2594 viduis
1198 2540 1230 2594 et
1241 2551 1298 2613 po·

103 2631 185 2714 pillis
197 2632 433 2706 restituerentur,
447 2629 618 2713 Religionis
631 2637 663 2693 et
675 2628 749 2692 fidei
762 2647 810 2690 res
824 2630 856 2690 in
875 2627 1003 2711 pristini
1019 2628 1155 2690 libertate
1175 2627 1297 2690 intacta

103 2728 354 2810 relinquerentur,
362 2727 586 2790 constitutiones
595 2727 720 2809 Imperii
731 2724 1067 2804 salutaresaddebitam
1077 2724 1297 2786 observantiam
1356 2791 1358 2795 ,

102 2833 348 2897 restaurarentur,
358 2824 549 2886 necessitates
561 2821 689 2903 Imperii
700 2819 901 2883 Generalibus
911 2819 1052 2883 comitiis
1061 2819 1195 2881 omnium
1206 2818 1299 2879 Prin·

103 2921 205 3001 cipum
220 2929 250 2983 et
264 2929 395 2984 statuum
402 2922 492 3003 juxta
506 2917 631 3000 antiqua
645 2919 720 3001 jora
733 2924 979 3000 proponerentur,
997 2925 1028 2978 et
1045 2916 1296 2989 examinarentur,

103 3017 295 3079 difficultates
306 3035 425 3098 quoqne
437 3017 585 3099 onjnsqne
598 3015 710 3077 ibidem
724 3014 902 3076 audirentur
915 3022 946 3076 et
961 3013 1092 3096 benigne
1110 3011 1299 3094 disputaren-

104 3125 171 3176 tur:
192 3131 245 3195 per
258 3133 326 3194 qum
340 3115 488 3197 imprimis
496 3112 662 3196 justissima
674 3110 888 3194 omnipotentis
899 3109 961 3171 Dei
970 3109 1027 3185 ira,
1038 3109 1120 3172 uude
1130 3129 1235 3171 omnes
1245 3108 1299 3171 bas

104 3210 287 3272 calamitates
300 3210 450 3292 proficisci
463 3211 555 3271 nimis
572 3229 664 3290 quarn
677 3217 792 3271 certum
806 3217 861 3284 est,
881 3215 1051 3289 pacaretur,
1064 3205 1121 3267 orti
1142 3213 1172 3267 et
1186 3207 1253 3288 jam
1265 3205 1298 3267 in

104 3326 225 3368 omnem
237 3325 330 3390 prope
345 3307 497 3390 Europam
509 3305 614 3368 diffusi
626 3315 726 3368 motus
739 3313 771 3367 et
784 3303 974 3378 differentiae,
989 3301 1015 3363 si
1032 3323 1093 3363 non
1106 3302 1230 3363 omnino
1242 3302 1299 3364 tol-

105 3403 247 3478 lerentur,
273 3404 379 3466 saltem
403 3405 591 3486 aliquatenus
610 3403 831 3486 mitigarentur,
855 3399 966 3462 exteris
988 3397 1184 3480 Principibus
1202 3399 1300 3460 omnis

105 3519 178 3560 anm
194 3501 414 3564 movendorum
429 3510 462 3563 et
479 3500 752 3563 continuandorum
774 3497 921 3560 bellorum
941 3495 1103 3571 tolleretur,
1126 3496 1300 3558 Romanum

106 3595 271 3677 Imperium
287 3596 450 3659 indivisum
464 3597 497 3658 in
509 3597 633 3676 antiquo
643 3595 747 3678 vigore
757 3602 992 3668 conservaretur,
1002 3593 1170 3675 periculum
1181 3613 1300 3675 qnoque

105 3692 221 3754 externi
244 3692 437 3770 Dominatns,
459 3693 478 3755 t
497 3691 604 3755 resmis
625 3690 905 3767 Dominationibus,
925 3693 957 3750 in
977 3690 1106 3771 propriis
1125 3689 1232 3751 litteris
1256 3689 1300 3750 al·
