3225 4700
327 331 393 397 406
727 325 752 391 Ι
757 325 862 396 ΤῙΝ
865 322 1049 392 ERARI
1057 321 1143 390 ΠΜ.

329 493 406 545 trem
419 491 450 544 et
468 483 635 562 Rogantem
658 482 815 542 astituram
834 489 866 541 et
885 479 1078 561 praeiutursm
1092 478 1196 540 liberis
1215 478 1325 540 nostris
1344 478 1453 538 eadem
1477 497 1537 557 qus
1577 481 1578 552 f

327 599 466 661 erganos
480 576 623 638 fuitlids.
1577 567 1578 574 '

351 720 354 726 -
367 675 520 748 Quoniam
533 676 605 736 verb
618 674 703 736 dicta
716 673 836 757 Βεςίῃα
849 675 960 754 oonjux
974 682 1087 746 nostra,
1101 673 1133 734 iu
1147 682 1206 736 tem
1220 671 1534 754 multiplicinegotio·

326 793 392 834 rum
411 771 565 844 varietate,
580 781 611 833 et
622 779 799 832 occurrente
817 770 1012 852 perplexitate
1026 771 1128 831 omnia
1141 791 1194 852 per
1207 777 1301 832 semet
1317 769 1533 830 administrare

326 890 385 930 nou
401 869 531 951 poterit3
560 868 633 948 quin
648 889 705 930 nec
722 887 822 929 rerum
841 867 976 928 omnium
992 877 1169 948 proseptum
1188 867 1363 928 memoriam
1376 876 1408 928 et
1423 887 1531 926 neees-

324 967 435 1029 sariam
453 965 669 1047 experieutiam
686 964 796 1026 habers
813 963 1015 1025 necessarium
1033 965 1157 1026 omniuo
1173 965 1355 1046 judicamus,
1368 965 1397 1024 ei
1417 963 1532 1045 adjun-

324 1064 440 1148 gendos
461 1083 525 1125 esse
544 1061 732 1123 consiliarios
752 1071 783 1122 et
801 1060 1007 1131 administros,
1023 1080 1157 1141 ¹quorum
1179 1063 1363 1124 consiliis-et
1384 1082 1480 1143 opera
1499 1062 1530 1120 in

324 1163 416 1222 rebus
426 1160 526 1223 dubiis
536 1161 580 1221 uti
591 1160 693 1240 possit
736 1159 789 1219 Ad
801 1155 879 1218 hanc
890 1177 979 1238 porro
987 1160 1189 1220 remmarime
1200 1170 1230 1221 et
1242 1161 1274 1221 iu
1285 1160 1391 1241 primis
1402 1159 1532 1220 idoneos

323 1258 491 1339 delegimus
504 1267 668 1340 cognatum
679 1255 1068 1317 nostrumamautimimum
1079 1267 1208 1318 catalect
1221 1257 1347 1318 consilio
1361 1256 1530 1338 pollentem

325 1356 500 1438 Principem
521 1355 690 1417 Oondaeum
706 1364 741 1414 ut
758 1363 789 1414 et
806 1352 1091 1414 Eminentissimum
1105 1353 1299 1416 cardinalem
1320 1353 1530 1421 Msuarinum,

322 1453 535 1514 cancellarium
553 1452 676 1533 insuper
693 1450 780 1532 regni
795 1449 902 1520 uostri,
923 1450 1250 1534 cutodemqueuigtlli
1270 1451 1358 1534 regii,
1373 1461 1405 1511 et
1420 1471 1531 1531 super·

322 1550 528 1611 intendentem
551 1569 678 1610 camerae
703 1568 741 1610 ac
760 1547 1064 1609 archithesaurerium
1088 1548 1255 1610 Dominum
1281 1549 1352 1610 item
1376 1550 1417 1610 de
1443 1548 1529 1610 Clua-

321 1647 407 1730 rigni
424 1647 617 1708 secretarium
635 1646 733 1727 regni.
775 1646 977 1707 Decernimus
993 1664 1113 1726 quoque
1133 1656 1167 1707 ut
1184 1645 1255 1708 bulo
1275 1645 1402 1708 consilio
1422 1647 1530 1728 praesi-

321 1746 392 1806 dest
407 1744 620 1806 dilectissimus
636 1743 728 1805 frater
744 1753 846 1804 noster
866 1743 938 1803 Dux
954 1742 1190 1820 Aurelianensis,
1206 1754 1237 1805 et
1257 1745 1288 1804 in
1305 1744 1371 1824 ejus
1387 1744 1529 1805 absentia

322 1841 470 1923 Princeps
491 1841 653 1915 Coudaeus,
670 1838 719 1901 vel
733 1839 905 1902 Cardinalis
920 1840 1107 1916 Macerinus,
1126 1861 1162 1902 ac
1179 1841 1231 1902 alii
1250 1852 1474 1921 consequenter
1493 1863 1527 1904 eo

320 1938 426 1999 ordine
440 1948 474 1999 ut
483 1940 548 2018 jam
563 1937 711 1999 nominati
724 1948 804 1999 suut.
848 1937 1035 1998 Ordinamus
1049 1938 1150 2011 etiam,
1165 1959 1203 1999 ne
1217 1939 1285 2018 quis
1300 1939 1414 1999 audeat
1427 1938 1526 2000 ullam

319 2057 357 2098 ex
379 2036 461 2099 dicto
482 2035 539 2096 hoo
566 2035 691 2096 consilio
712 2055 869 2115 personam
896 2046 1022 2110 mutare,
1047 2057 1174 2111 cassare,
1198 2035 1357 2116 deponere.
1401 2036 1526 2108 Quodsi
1577 2115 1578 2118 Ἴ

318 2141 419 2193 tumen
429 2133 538 2214 aliquis
551 2153 588 2193 ex
603 2131 693 2193 dictis
700 2131 883 2208 consiliariis
890 2131 939 2192 vel
949 2131 1011 2192 rita
1021 2131 1181 2194 decederet
1190 2133 1239 2193 vel
1249 2135 1287 2193 ob
1298 2153 1406 2211 graves
1416 2153 1527 2194 causas

318 2230 445 2292 consilio
463 2230 687 2293 submovendus
707 2237 793 2302 esset,
813 2227 895 2288 haud
913 2248 1066 2309 quaquam
1082 2229 1159 2290 elius
1177 2229 1206 2289 in
1222 2230 1288 2311 ejus
1300 2229 1401 2292 locum
1415 2231 1525 2292 subro-

317 2337 414 2413 getur,
432 2328 489 2389 uisi
506 2348 576 2389 cum
594 2347 744 2389 consensu
762 2325 910 2409 Rogantis
931 2326 1060 2409 Reginae
1076 2327 1215 2410 conjugis
1233 2336 1353 2403 nostrre,
1372 2347 1409 2390 ae
1429 2349 1526 2389 nemo

316 2427 375 2487 nisi
383 2446 436 2507 per
444 2425 620 2487 electionem
631 2435 662 2487 et
671 2433 808 2486 votorum
820 2423 1019 2505 pluralitatem
1032 2426 1063 2485 in
1072 2425 1310 2486 consiliariorum
1320 2425 1443 2487 alterius
1453 2427 1523 2489 loco

316 2522 483 2607 adlegetur.
523 2522 712 2604 Imperamus
728 2540 849 2603 quoque
868 2542 904 2582 ex
920 2521 1109 2602 plenitudine
1125 2522 1289 2604 potestatis,
1310 2533 1344 2584 ut
1358 2524 1465 2585 omnia
1481 2526 1522 2585 de

315 2640 389 2703 pace
416 2622 634 2694 constituendo,
655 2628 707 2680 aut
732 2618 813 2679 bello
839 2620 1053 2701 promovendo,
1079 2619 1134 2681 &a
1161 2619 1290 2681 consilia
1313 2622 1436 2681 nonnisi
1465 2643 1522 2702 per

315 2716 396 2779 bunc
417 2730 553 2779 senutum
577 2726 795 2799 proponantur,
817 2716 1031 2790 deliberentur,
1054 2718 1316 2779 etdecemeutur.
1357 2719 1519 2790 Quantum

314 2815 386 2876 verb
400 2816 440 2876 ad
460 2814 520 2876 ulia
532 2816 617 2898 regni
632 2816 741 2891 officis,
757 2814 860 2876 omnia
872 2836 926 2897 per
939 2815 1089 2897 Reginam
1105 2816 1273 2898 Regeutem
1286 2836 1357 2877 cum
1374 2817 1520 2879 consilia·

313 2914 425 2974 riorum
439 2934 586 2975 consensu
599 2913 827 2978 distribuentur.

356 3012 394 3071 Iu
422 3010 737 3093 archiepiscopatibus,
761 3008 990 3091 episcopatibus,
1020 3018 1051 3070 et
1075 3009 1202 3070 abbatiis
1224 3008 1399 3071 dividendis
1425 3031 1517 3092 opera

313 3107 444 3182 dabitur,
462 3118 495 3169 ut
515 3107 770 3189 quemadmodum
785 3106 941 3187 bucusque
959 3106 1086 3168 sollicite
1101 3128 1154 3167 nos
1171 3106 1228 3187 ipsi
1244 3106 1460 3184 laboravimus,
1476 3111 1517 3171 ita

313 3224 432 3285 quoque
445 3204 629 3287 inposterum
649 3204 799 3287 ejusmodi
816 3204 991 3286 dignitates,
1011 3213 1040 3265 et
1058 3204 1226 3285 proeloturae
1243 3204 1353 3266 talibus
1366 3206 1442 3267 viris
1463 3208 1514 3269 ds·

313 3302 455 3377 serantur,
469 3302 523 3383 qui
538 3303 649 3364 virtute
663 3312 695 3364 et
707 3303 847 3363 doctrina
859 3299 1000 3382 polleant,
1045 3300 1138 3363 Unde
1153 3302 1239 3363 nullo
1251 3304 1343 3365 modo
1355 3304 1513 3366 *conducet

312 3408 347 3460 ut
366 3399 649 3482 archiepiscopatus,
676 3400 873 3481 episcopatus,
897 3408 928 3467 et
949 3397 1074 3460 abbatiae
1098 3400 1208 3461 talibus
1230 3400 1434 3477 conferantur,
1459 3404 1513 3483 qui

312 3508 347 3557 ut
359 3496 522 3568 minimum
533 3498 554 3558 b
565 3497 697 3559 triennio
708 3495 888 3559 sacerdotali
902 3516 1026 3557 munere
1041 3496 1097 3558 rire
1110 3496 1207 3558 functi
1217 3518 1277 3558 nou
1289 3497 1411 3561 fuerint.
1453 3500 1512 3561 Or·

312 3592 452 3653 dinamus
473 3593 572 3675 igitur
591 3604 626 3654 ut
651 3592 772 3675 Regina
792 3594 962 3675 gubernans
985 3594 1082 3655 accito
1109 3595 1141 3655 in
1169 3595 1327 3656 consilium
1352 3596 1512 3659 Cardiuali

313 3686 471 3749 Macerino
484 3694 587 3771 (quem
601 3702 632 3752 et
647 3691 744 3772 ipsum
759 3691 777 3752 d
795 3690 890 3754 multo
906 3702 1038 3772 tempore
1051 3691 1393 3773 probavimus-ecolesiae
1407 3694 1509 3756 lauda·
